{"gold_per_floor":[113,38,38,38,38,102,2,37,37,60,83,83,83,104,104,229,229,245,170,295,295,120,161,161,111,136,169,169,43,66,79,79,198,261,274,288,413,42,42,42,42,42,87,87,112,62,80,30,30,30],"floor_reached":51,"playtime":5783,"items_purged":["Defend_G","Defend_G","Strike_G","Strike_G","Strike_G","Strike_G","Neutralize","Bane"],"score":762,"play_id":"09aadd1a-7069-465f-a805-397a979d5a69","local_time":"20190128193615","is_ascension_mode":false,"campfire_choices":[{"data":"Noxious Fumes","floor":12.0,"key":"SMITH"},{"data":"Deadly Poison","floor":15.0,"key":"SMITH"},{"data":"Poisoned Stab","floor":24.0,"key":"SMITH"},{"data":"Bouncing Flask","floor":28.0,"key":"SMITH"},{"floor":32.0,"key":"REST"},{"floor":40.0,"key":"REST"},{"floor":44.0,"key":"REST"},{"floor":49,"key":"REST"}],"neow_cost":"NONE","seed_source_timestamp":0,"circlet_count":0,"master_deck":["Defend_G","Defend_G","Survivor","Noxious Fumes+1","Backstab","Bane","Die Die Die","PiercingWail","Deadly Poison+1","Venomology","PiercingWail","Bane+1","Prepared","Acrobatics","Catalyst+1","Outmaneuver","Poisoned Stab+1","Expertise","Bouncing Flask+1","Noxious Fumes+1","Die Die Die","Dodge and Roll+1","Deadly Poison+1","Escape Plan+1","Noxious Fumes","Metamorphosis","Prepared"],"special_seed":0,"relics":["Ring of the Snake","NeowsBlessing","Golden Idol","Paper Crane","Tiny Chest","Thread and Needle","Sundial","Orrery","Calipers","Darkstone Periapt","Smiling Mask","PreservedInsect","Boot","Tiny House","FossilizedHelix","Meat on the Bone","GremlinMask","Ancient Tea Set"],"potions_floor_usage":[50,50],"damage_taken":[{"damage":0.0,"enemies":"Cultist","floor":1.0,"turns":1.0},{"damage":0.0,"enemies":"3 Sentries","floor":6.0,"turns":1.0},{"damage":0.0,"enemies":"Gremlin Nob","floor":8.0,"turns":1.0},{"damage":0.0,"enemies":"2 Louse","floor":10.0,"turns":2.0},{"damage":2.0,"enemies":"Jaw Worm","floor":11.0,"turns":2.0},{"damage":0.0,"enemies":"Blue Slaver","floor":14.0,"turns":3.0},{"damage":12.0,"enemies":"Slime Boss","floor":16.0,"turns":8.0},{"damage":16.0,"enemies":"Spheric Guardian","floor":18.0,"turns":4.0},{"damage":8.0,"enemies":"Colosseum Slavers","floor":20.0,"turns":5.0},{"damage":17.0,"enemies":"Colosseum Nobs","floor":20.0,"turns":5.0},{"damage":7.0,"enemies":"Book of Stabbing","floor":23.0,"turns":5.0},{"damage":11.0,"enemies":"Slavers","floor":27.0,"turns":4.0},{"damage":0.0,"enemies":"Chosen","floor":30.0,"turns":5.0},{"damage":0.0,"enemies":"Snake Plant","floor":31.0,"turns":3.0},{"damage":38.0,"enemies":"Champ","floor":33.0,"turns":8.0},{"damage":39.0,"enemies":"3 Darklings","floor":35.0,"turns":4.0},{"damage":0.0,"enemies":"3 Shapes","floor":36.0,"turns":3.0},{"damage":12.0,"enemies":"Mind Bloom Boss Battle","floor":37.0,"turns":5.0},{"damage":0.0,"enemies":"Jaw Worm Horde","floor":45.0,"turns":4.0},{"damage":12.0,"enemies":"4 Shapes","floor":47.0,"turns":4.0},{"damage":18,"enemies":"Time Eater","floor":50,"turns":6}],"seed_played":"-5249778358242513529","potions_obtained":[{"floor":8.0,"key":"Strength Potion"},{"floor":10.0,"key":"LiquidBronze"},{"floor":11.0,"key":"Dexterity Potion"},{"floor":14.0,"key":"SkillPotion"},{"floor":18.0,"key":"Weak Potion"},{"floor":20.0,"key":"FearPotion"},{"floor":27.0,"key":"Poison Potion"},{"floor":30.0,"key":"Energy Potion"},{"floor":33.0,"key":"Weak Potion"},{"floor":34.0,"key":"FearPotion"},{"floor":37.0,"key":"GamblersBrew"},{"floor":45.0,"key":"GhostInAJar"}],"is_trial":false,"path_per_floor":["M","$","?","T","$","E","$","E","T","M","M","R","?","M","R","B",null,"M","?","?","?","$","E","R","$","T","E","R","$","M","M","R","B",null,"M","M","?","$","?","R","?","?","T","R","M","$","M","$","R","B",null],"character_chosen":"THE_SILENT","items_purchased":["Poisoned Stab","GhostInAJar","Meat on the Bone","Noxious Fumes"],"campfire_rested":4,"item_purchase_floors":[22,29,38,38],"current_hp_per_floor":[70,70,65,65,65,65,65,65,65,65,63,63,63,63,63,51,65,49,49,24,45,45,38,38,38,38,27,27,27,27,27,46,8,70,31,31,19,19,19,40,40,40,40,61,61,61,49,49,70,52],"gold":30,"neow_bonus":"THREE_ENEMY_KILL","is_prod":false,"is_daily":false,"chose_seed":false,"campfire_upgraded":4,"win_rate":0.0,"timestamp":1548722175,"path_taken":["M","?","?","?","?","E","?","E","T","?","M","R","?","?","R","BOSS","M","?","?","?","$","E","R","$","T","E","R","?","M","?","R","BOSS","M","?","?","$","?","R","?","?","T","R","?","$","M","?","R","BOSS"],"build_version":"2019-01-23","purchased_purges":8,"victory":true,"max_hp_per_floor":[70,70,65,65,65,65,65,65,65,65,65,65,65,65,65,65,65,65,65,65,65,65,65,65,65,65,65,65,65,65,65,65,65,70,70,70,70,70,70,70,70,70,70,70,70,70,70,70,70,70],"card_choices":[{"not_picked":["Dodge and Roll","Distraction"],"picked":"Bane","floor":1.0},{"not_picked":["Poisoned Stab","Caltrops"],"picked":"Noxious Fumes","floor":6.0},{"not_picked":["Escape Plan","Dagger Throw"],"picked":"Backstab","floor":8.0},{"not_picked":["Quick Slash","Dagger Spray"],"picked":"Bane","floor":10.0},{"not_picked":["Reflex","Cloak And Dagger","Blade Dance"],"picked":"SKIP","floor":11.0},{"not_picked":["Deflect","Flechettes"],"picked":"Deadly Poison","floor":14.0},{"not_picked":["After Image","Glass Knife"],"picked":"Venomology","floor":16.0},{"not_picked":["Flying Knee","Outmaneuver"],"picked":"PiercingWail","floor":17.0},{"not_picked":["Caltrops","Cloak And Dagger"],"picked":"Bane","floor":17.0},{"not_picked":["Expertise","Sucker Punch"],"picked":"Prepared","floor":17.0},{"not_picked":["Dagger Spray","Underhanded Strike"],"picked":"Acrobatics","floor":17.0},{"not_picked":["Skewer","Storm of Steel"],"picked":"Catalyst+1","floor":18.0},{"not_picked":["Expertise","Bane"],"picked":"Outmaneuver","floor":20.0},{"not_picked":["Masterful Stab","Underhanded Strike"],"picked":"Expertise","floor":23.0},{"not_picked":["Acrobatics","All Out Attack"],"picked":"Bouncing Flask","floor":27.0},{"not_picked":["Underhanded Strike","Bouncing Flask"],"picked":"Noxious Fumes+1","floor":30.0},{"not_picked":["Flechettes","Finisher","Flying Knee"],"picked":"SKIP","floor":31.0},{"not_picked":["Tools of the Trade","A Thousand Cuts"],"picked":"Die Die Die","floor":33.0},{"not_picked":["Outmaneuver+1","Flying Knee+1"],"picked":"Dodge and Roll+1","floor":34.0},{"not_picked":["Backflip","Prepared+1"],"picked":"Deadly Poison+1","floor":35.0},{"not_picked":["Dagger Throw+1","Predator","Flying Knee+1"],"picked":"SKIP","floor":36.0},{"not_picked":["Flying Knee","Bullet Time"],"picked":"Escape Plan+1","floor":37.0},{"not_picked":["Jack Of All Trades","Flash of Steel"],"picked":"Metamorphosis","floor":41.0},{"not_picked":["Underhanded Strike+1","Quick Slash","Dagger Throw"],"picked":"SKIP","floor":45.0},{"not_picked":["Dagger Spray+1","Backstab+1"],"picked":"Prepared","floor":47}],"player_experience":57469,"relics_obtained":[{"floor":4.0,"key":"Paper Crane"},{"floor":6.0,"key":"Tiny Chest"},{"floor":8.0,"key":"Thread and Needle"},{"floor":9.0,"key":"Sundial"},{"floor":20.0,"key":"Calipers"},{"floor":20.0,"key":"Darkstone Periapt"},{"floor":23.0,"key":"Smiling Mask"},{"floor":26.0,"key":"PreservedInsect"},{"floor":27.0,"key":"Boot"},{"floor":37.0,"key":"FossilizedHelix"},{"floor":43.0,"key":"Ancient Tea Set"}],"event_choices":[{"damage_healed":0.0,"max_hp_gain":0.0,"max_hp_loss":5.0,"gold_gain":0.0,"event_name":"Golden Idol","player_choice":"Lose Max HP","floor":3.0,"gold_loss":0.0,"damage_taken":0.0,"relics_obtained":["Golden Idol"]},{"damage_healed":0.0,"max_hp_gain":0.0,"max_hp_loss":0.0,"gold_gain":0.0,"event_name":"Match and Keep!","player_choice":"2 cards matched","floor":13.0,"gold_loss":0.0,"damage_taken":0.0,"cards_obtained":["Die Die Die","PiercingWail"]},{"cards_removed":["Strike_G"],"damage_healed":0.0,"max_hp_gain":0.0,"max_hp_loss":0.0,"gold_gain":0.0,"event_name":"Beggar","player_choice":"Gave Gold","floor":19.0,"gold_loss":75.0,"damage_taken":0.0},{"damage_healed":0.0,"max_hp_gain":0.0,"max_hp_loss":0.0,"gold_gain":0.0,"event_name":"Colosseum","player_choice":"Fight","floor":20.0,"gold_loss":0.0,"damage_taken":0.0},{"damage_healed":0.0,"max_hp_gain":0.0,"max_hp_loss":0.0,"gold_gain":0.0,"event_name":"Colosseum","player_choice":"Fought Nobs","floor":20.0,"gold_loss":0.0,"damage_taken":0.0},{"damage_healed":21.0,"max_hp_gain":0.0,"max_hp_loss":0.0,"gold_gain":0.0,"event_name":"The Library","player_choice":"Heal","floor":21.0,"gold_loss":0.0,"damage_taken":0.0},{"damage_healed":0.0,"max_hp_gain":0.0,"max_hp_loss":0.0,"gold_gain":0.0,"event_name":"MindBloom","player_choice":"Fight","floor":37.0,"gold_loss":0.0,"damage_taken":0.0},{"cards_removed":["Defend_G"],"damage_healed":0.0,"max_hp_gain":0.0,"max_hp_loss":0.0,"gold_gain":0.0,"event_name":"Falling","player_choice":"Removed Skill","floor":39.0,"gold_loss":0.0,"damage_taken":0.0},{"damage_healed":0.0,"max_hp_gain":0.0,"max_hp_loss":0.0,"gold_gain":0.0,"event_name":"SensoryStone","player_choice":"Memory 1","floor":41.0,"gold_loss":0.0,"damage_taken":0.0},{"damage_healed":0.0,"max_hp_gain":0.0,"max_hp_loss":0.0,"gold_gain":0.0,"event_name":"FaceTrader","player_choice":"Trade","floor":42.0,"gold_loss":0.0,"damage_taken":0.0,"relics_obtained":["GremlinMask"]}],"is_beta":false,"boss_relics":[{"not_picked":["Calling Bell","HoveringKite"],"picked":"Orrery"},{"not_picked":["White Beast Statue","Lizard Tail"],"picked":"Tiny House"}],"items_purged_floors":[2,7,22,25,29,38,46,48],"is_endless":false,"potions_floor_spawned":[8,10,11,14,18,20,27,30,33,37,45],"ascension_level":0}