{"gold_per_floor":[117,130,305,76,76,76,95,110,185,199,199,209,309,321,321,422,422,438,448,13,27,42,42,77,77],"floor_reached":25,"playtime":1654,"items_purged":["Doubt","Strike_R"],"score":217,"play_id":"f4ba2825-1982-4fa3-9427-6df379527224","local_time":"20190126210118","is_ascension_mode":false,"campfire_choices":[{"data":"Inflame","floor":6,"key":"SMITH"},{"data":"Bloodletting","floor":15,"key":"SMITH"},{"floor":23,"key":"REST"}],"neow_cost":"TEN_PERCENT_HP_LOSS","seed_source_timestamp":1330669592481259,"circlet_count":0,"master_deck":["Strike_R","Strike_R","Strike_R","Defend_R","Defend_R","Defend_R+1","Bash","Inflame+1","Impervious","Clash","Twin Strike","Rage+1","Carnage","Dual Wield","Flex+1","Iron Wave","Bloodletting+1","Twin Strike","Demon Form","Pummel","Pommel Strike+1","Infernal Blade","Mind Blast","Burning Pact","Sword Boomerang+1","Juggernaut"],"relics":["Black Blood","Mercury Hourglass","Brimstone","Potion Belt"],"potions_floor_usage":[7,24,24,24],"damage_taken":[{"damage":4,"enemies":"2 Louse","floor":1,"turns":4},{"damage":0,"enemies":"Small Slimes","floor":2,"turns":3},{"damage":0,"enemies":"Cultist","floor":7,"turns":3},{"damage":0,"enemies":"Large Slime","floor":8,"turns":2},{"damage":13,"enemies":"Red Slaver","floor":10,"turns":2},{"damage":2,"enemies":"Looter","floor":12,"turns":2},{"damage":1,"enemies":"Large Slime","floor":14,"turns":3},{"damage":54,"enemies":"The Guardian","floor":16,"turns":7},{"damage":23,"enemies":"Shell Parasite","floor":18,"turns":5},{"damage":6,"enemies":"3 Byrds","floor":19,"turns":5},{"damage":12,"enemies":"Snecko","floor":21,"turns":3},{"damage":51,"enemies":"Snake Plant","floor":22,"turns":3},{"damage":45,"enemies":"Slavers","floor":24,"turns":4},{"damage":13,"enemies":"Centurion and Healer","floor":25,"turns":1}],"seed_played":"-3642216587781651714","potions_obtained":[{"floor":1,"key":"Fruit Juice"},{"floor":12,"key":"GamblersBrew"},{"floor":14,"key":"Dexterity Potion"},{"floor":19,"key":"SpeedPotion"},{"floor":22,"key":"SkillPotion"}],"is_trial":false,"path_per_floor":["M","M","?","$","?","R","M","M","T","M","?","M","?","M","R","B",null,"M","M","$","M","M","R","E","M"],"character_chosen":"IRONCLAD","items_purchased":["Rage","Carnage","Brimstone","Infernal Blade","Mind Blast"],"campfire_rested":1,"item_purchase_floors":[4,4,20,20,20],"current_hp_per_floor":[72,72,72,72,58,58,69,75,75,68,68,72,72,77,77,29,77,64,68,68,66,25,48,13,0],"gold":77,"neow_bonus":"TRANSFORM_TWO_CARDS","is_prod":false,"is_daily":false,"chose_seed":false,"campfire_upgraded":2,"win_rate":0.0,"timestamp":1548554478,"path_taken":["M","M","?","$","?","R","M","M","T","M","?","?","?","?","R","BOSS","M","M","$","M","M","R","E","M"],"build_version":"2019-01-23","purchased_purges":2,"victory":false,"max_hp_per_floor":[72,72,72,72,72,72,77,77,77,77,77,77,77,77,77,77,77,77,77,77,77,77,77,77,77],"card_choices":[{"not_picked":["Dual Wield","Body Slam"],"picked":"Clash","floor":1},{"not_picked":["Warcry","Berserk"],"picked":"Twin Strike","floor":2},{"not_picked":["Ghostly Armor","Twin Strike"],"picked":"Dual Wield","floor":7},{"not_picked":["Iron Wave","Uppercut"],"picked":"Flex","floor":8},{"not_picked":["Thunderclap","Shrug It Off"],"picked":"Iron Wave","floor":10},{"not_picked":["Entrench","Flame Barrier"],"picked":"Bloodletting","floor":12},{"not_picked":["Combust","Pommel Strike"],"picked":"Twin Strike","floor":14},{"not_picked":["Barricade","Reaper"],"picked":"Demon Form","floor":16},{"not_picked":["Flex","Shrug It Off"],"picked":"Pummel","floor":18},{"not_picked":["Pummel","Heavy Blade"],"picked":"Pommel Strike+1","floor":19},{"not_picked":["Ghostly Armor","Disarm"],"picked":"Burning Pact","floor":21},{"not_picked":["Rage","Corruption"],"picked":"Sword Boomerang+1","floor":22},{"not_picked":["Perfected Strike","Pommel Strike"],"picked":"Juggernaut","floor":24}],"player_experience":17201,"relics_obtained":[{"floor":9,"key":"Mercury Hourglass"},{"floor":24,"key":"Potion Belt"}],"event_choices":[{"damage_healed":0,"gold_gain":175,"player_choice":"AGREE","damage_taken":0,"max_hp_gain":0,"max_hp_loss":0,"event_name":"Liars Game","floor":3,"gold_loss":0,"cards_obtained":["Doubt"]},{"damage_healed":0,"gold_gain":0,"player_choice":"Entered Light","damage_taken":14,"max_hp_gain":0,"max_hp_loss":0,"event_name":"Shining Light","floor":5,"gold_loss":0,"cards_upgraded":["Rage","Defend_R"]},{"damage_healed":0,"gold_gain":0,"player_choice":"Forge","damage_taken":0,"max_hp_gain":0,"max_hp_loss":0,"event_name":"Accursed Blacksmith","floor":11,"gold_loss":0,"cards_upgraded":["Flex"]},{"damage_healed":0,"gold_gain":100,"player_choice":"Pray","damage_taken":0,"max_hp_gain":0,"max_hp_loss":0,"event_name":"Golden Shrine","floor":13,"gold_loss":0}],"is_beta":false,"boss_relics":[{"not_picked":["Runic Pyramid","Runic Cube"],"picked":"Black Blood"}],"items_purged_floors":[4,20],"is_endless":false,"potions_floor_spawned":[1,12,14,19,22],"killed_by":"Centurion and Healer","ascension_level":0}