{"gold_per_floor":[115,115,133,143,154,154,174,186,210,210,230,230,256,3,3,107,107,121,132,132,152,152,152,187,187,214,214,232,250,260,10,10,105,105,117,117,129,4,15,15,49,49,49,49,49,49,49,63,63,63],"floor_reached":51,"playtime":13831,"items_purged":["Defend_B","Parasite","Strike_B"],"score":649,"play_id":"a535d3df-b8ac-45f2-a43e-6ee751c53841","local_time":"20190313232933","is_ascension_mode":false,"campfire_choices":[{"data":"Chaos","floor":6,"key":"SMITH"},{"data":"Double Energy","floor":10,"key":"SMITH"},{"floor":15,"key":"REST"},{"data":"Defragment","floor":23,"key":"SMITH"},{"data":"Creative AI","floor":25,"key":"SMITH"},{"data":"Hologram","floor":27,"key":"SMITH"},{"data":"Force Field","floor":32,"key":"SMITH"},{"data":"Defragment","floor":40,"key":"SMITH"},{"data":"Thinking Ahead","floor":42,"key":"SMITH"},{"data":"Seek","floor":47,"key":"SMITH"},{"data":"Coolheaded","floor":49,"key":"SMITH"}],"neow_cost":"NONE","seed_source_timestamp":1599313187816923,"circlet_count":0,"master_deck":["Zap","Dualcast","Chaos+1","Hologram+1","Iron Wave","Undo","Seek","Double Energy+1","Reinforced Body","Cold Snap","Thinking Ahead+1","Seek+1","Coolheaded+1","Auto Shields+1","Tempest","Creative AI+1","Defragment+1","Self Repair","Force Field+1","Coolheaded","Machine Learning","Defragment+1","Capacitor+1","Decay","Pain"],"relics":["Cracked Core","Regal Pillow","Shuriken","Cursed Key","Ancient Tea Set","Vajra","Centennial Puzzle","White Beast Statue","Oddly Smooth Stone","Pear","Potion Belt"],"potions_floor_usage":[7,13,24,28,33,35,39,50,50],"damage_taken":[{"damage":8,"enemies":"Small Slimes","floor":1,"turns":3},{"damage":1,"enemies":"Cultist","floor":3,"turns":4},{"damage":1,"enemies":"Jaw Worm","floor":4,"turns":2},{"damage":11,"enemies":"Lots of Slimes","floor":5,"turns":4},{"damage":9,"enemies":"Exordium Thugs","floor":7,"turns":4},{"damage":1,"enemies":"Exordium Wildlife","floor":8,"turns":5},{"damage":0,"enemies":"3 Louse","floor":11,"turns":3},{"damage":7,"enemies":"3 Sentries","floor":13,"turns":8},{"damage":28,"enemies":"Slime Boss","floor":16,"turns":18},{"damage":5,"enemies":"Spheric Guardian","floor":18,"turns":6},{"damage":13,"enemies":"Chosen","floor":19,"turns":5},{"damage":0,"enemies":"Shelled Parasite and Fungi","floor":21,"turns":6},{"damage":3,"enemies":"Gremlin Leader","floor":24,"turns":9},{"damage":2,"enemies":"Chosen and Byrds","floor":28,"turns":5},{"damage":2,"enemies":"Snake Plant","floor":29,"turns":3},{"damage":0,"enemies":"Centurion and Healer","floor":30,"turns":5},{"damage":8,"enemies":"Collector","floor":33,"turns":15},{"damage":15,"enemies":"3 Shapes","floor":35,"turns":4},{"damage":0,"enemies":"Orb Walker","floor":37,"turns":2},{"damage":8,"enemies":"Spire Growth","floor":39,"turns":5},{"damage":10,"enemies":"Nemesis","floor":41,"turns":7},{"damage":3,"enemies":"Writhing Mass","floor":48,"turns":5},{"damage":20,"enemies":"Time Eater","floor":50,"turns":14}],"seed_played":"-7400283827952793673","potions_obtained":[{"floor":3,"key":"Energy Potion"},{"floor":4,"key":"SkillPotion"},{"floor":5,"key":"GamblersBrew"},{"floor":13,"key":"Dexterity Potion"},{"floor":21,"key":"GamblersBrew"},{"floor":28,"key":"Fire Potion"},{"floor":29,"key":"Weak Potion"},{"floor":35,"key":"Block Potion"},{"floor":37,"key":"Explosive Potion"},{"floor":39,"key":"FairyPotion"},{"floor":48,"key":"Energy Potion"}],"is_trial":false,"path_per_floor":["M","?","M","M","M","R","M","M","T","R","M","?","E","$","R","B",null,"M","M","?","M","?","R","E","R","T","R","M","M","M","$","R","B",null,"M","$","M","$","M","R","E","R","T","T","?","$","R","M","R","B",null],"character_chosen":"DEFECT","items_purchased":["Thinking Ahead","Centennial Puzzle"],"campfire_rested":1,"item_purchase_floors":[14,31],"current_hp_per_floor":[67,67,66,65,54,54,45,44,44,44,44,37,30,30,67,39,75,70,57,57,57,57,57,54,54,54,54,59,57,64,64,64,63,72,64,64,64,64,63,63,60,60,70,70,70,70,70,74,74,61],"gold":63,"neow_bonus":"TRANSFORM_CARD","is_prod":false,"is_daily":false,"chose_seed":false,"campfire_upgraded":10,"win_rate":0.0,"timestamp":1552544973,"path_taken":["M","?","?","M","M","R","?","M","T","R","?","?","E","$","R","BOSS","M","M","?","M","?","R","E","R","T","R","M","M","M","$","R","BOSS","M","?","M","?","M","R","E","R","T","?","?","?","R","M","R","BOSS"],"build_version":"2019-01-23","purchased_purges":3,"victory":true,"max_hp_per_floor":[75,75,75,75,75,75,75,75,75,75,75,75,75,75,75,75,75,75,75,75,75,75,75,75,75,75,75,75,75,75,72,72,72,72,72,72,72,72,72,72,72,72,82,82,82,82,82,82,82,82],"card_choices":[{"not_picked":["Capacitor","Chill"],"picked":"Hologram","floor":1},{"not_picked":["Gash","Barrage","Compile Driver"],"picked":"SKIP","floor":3},{"not_picked":["Hologram","Go for the Eyes"],"picked":"Undo","floor":4},{"not_picked":["Capacitor","Hello World","Gash"],"picked":"SKIP","floor":5},{"not_picked":["Tempest","Cold Snap"],"picked":"Seek","floor":7},{"not_picked":["Rip and Tear","Redo"],"picked":"Double Energy","floor":8},{"not_picked":["Double Energy","Force Field"],"picked":"Reinforced Body","floor":11},{"not_picked":["Steam Power","Sweeping Beam"],"picked":"Cold Snap","floor":13},{"not_picked":["All For One","Fission"],"picked":"Seek","floor":16},{"not_picked":["Streamline","Consume"],"picked":"Coolheaded","floor":18},{"not_picked":["Rip and Tear","Sweeping Beam+1"],"picked":"Auto Shields+1","floor":19},{"not_picked":["Capacitor","Streamline"],"picked":"Defragment","floor":21},{"not_picked":["Compile Driver+1","Ball Lightning"],"picked":"Self Repair","floor":24},{"not_picked":["Hello World","Skim"],"picked":"Force Field","floor":28},{"not_picked":["Barrage","Beam Cell"],"picked":"Coolheaded","floor":29},{"not_picked":["Streamline","Beam Cell"],"picked":"Machine Learning","floor":30},{"not_picked":["Cold Snap+1","Hello World+1","Compile Driver+1"],"picked":"SKIP","floor":35},{"not_picked":["Skim+1","Ball Lightning"],"picked":"Defragment","floor":37},{"not_picked":["Cold Snap","Compile Driver+1"],"picked":"Capacitor+1","floor":39},{"not_picked":["Scrape+1","Streamline+1","Sweeping Beam"],"picked":"SKIP","floor":41},{"not_picked":["Steam+1","Streamline","White Noise+1"],"picked":"SKIP","floor":48}],"player_experience":339711,"relics_obtained":[{"floor":9,"key":"Regal Pillow"},{"floor":13,"key":"Shuriken"},{"floor":24,"key":"Ancient Tea Set"},{"floor":26,"key":"Vajra"},{"floor":41,"key":"Oddly Smooth Stone"},{"floor":43,"key":"Pear"},{"floor":44,"key":"Potion Belt"}],"event_choices":[{"cards_removed":["Strike_B"],"damage_healed":0,"gold_gain":0,"player_choice":"Took Card","damage_taken":0,"max_hp_gain":0,"max_hp_loss":0,"event_name":"NoteForYourself","floor":2,"gold_loss":0,"cards_obtained":["Iron Wave"]},{"cards_removed":["Defend_B"],"damage_healed":0,"gold_gain":0,"player_choice":"Card Removal","damage_taken":7,"max_hp_gain":0,"max_hp_loss":0,"event_name":"Golden Wing","floor":12,"gold_loss":0},{"damage_healed":0,"gold_gain":0,"cards_transformed":["Defend_B","Defend_B"],"player_choice":"Became Test Subject","damage_taken":0,"max_hp_gain":0,"max_hp_loss":0,"event_name":"Drug Dealer","floor":20,"gold_loss":0,"cards_obtained":["Tempest","Creative AI"]},{"damage_healed":0,"gold_gain":0,"player_choice":"0 cards matched","damage_taken":0,"max_hp_gain":0,"max_hp_loss":0,"event_name":"Match and Keep!","floor":22,"gold_loss":0,"cards_obtained":[]},{"cards_removed":["Strike_B"],"damage_healed":0,"gold_gain":0,"player_choice":"Removed Attack","damage_taken":0,"max_hp_gain":0,"max_hp_loss":0,"event_name":"Falling","floor":45,"gold_loss":0}],"is_beta":false,"boss_relics":[{"not_picked":["Black Star","Tiny House"],"picked":"Cursed Key"},{"not_picked":["Orrery","Runic Dome"],"picked":"White Beast Statue"}],"items_purged_floors":[14,31,38],"is_endless":false,"potions_floor_spawned":[3,4,5,13,21,28,29,35,37,39,41,48],"ascension_level":0}