{"gold_per_floor":[315,315,490,510,8,21,21,21,21,47,61,75,92,102,102,201,201,185,185,39,39,58,58,72,72,72,84,108,120,132,173,185,300,312,338,350,362,385,145,145,176,176,202,214,214,228,103,103],"floor_reached":48,"playtime":2202,"items_purged":["Doubt","Skewer","Regret"],"score":530,"play_id":"dd3ef68f-fe23-4ef4-b6fb-389eeb275d5a","local_time":"20190101225843","is_ascension_mode":false,"campfire_choices":[{"data":"Secret Technique","floor":8,"key":"SMITH"},{"data":"Caltrops","floor":15,"key":"SMITH"},{"data":"Envenom","floor":23,"key":"SMITH"},{"data":"Cloak And Dagger","floor":25,"key":"SMITH"},{"data":"Accuracy","floor":30,"key":"SMITH"},{"data":"Infinite Blades","floor":32,"key":"SMITH"},{"floor":40,"key":"REST"},{"data":"Phantasmal Killer","floor":45,"key":"SMITH"}],"neow_cost":"NO_GOLD","seed_source_timestamp":1050524062227204,"circlet_count":0,"master_deck":["Defend_G+1","Defend_G+1","Defend_G+1","Defend_G+1","Defend_G+1","Strike_G+1","Strike_G+1","Strike_G+1","Strike_G+1","Strike_G+1","Survivor","Neutralize","Predator","Blade Dance+1","Secret Technique+1","Caltrops+1","Flying Knee","Infinite Blades+1","Cloak And Dagger+1","Outmaneuver+1","Backflip","Envenom+1","Leg Sweep","Skewer","Blade Dance","Accuracy+1","Tools of the Trade","Madness","Madness","PiercingWail+1","Phantasmal Killer+1","Acrobatics"],"relics":["Ring of the Serpent","Old Coin","Boot","Gremlin Horn","Pantograph","Thread and Needle","War Paint","MawBank","PreservedInsect","Cursed Key","Ancient Tea Set","Mercury Hourglass","Anchor"],"potions_floor_usage":[4,10,11,16,28,33,33,44],"damage_taken":[{"damage":2,"enemies":"Small Slimes","floor":1,"turns":4},{"damage":3,"enemies":"Jaw Worm","floor":4,"turns":3},{"damage":1,"enemies":"Cultist","floor":6,"turns":3},{"damage":17,"enemies":"3 Sentries","floor":10,"turns":9},{"damage":1,"enemies":"Gremlin Gang","floor":11,"turns":3},{"damage":0,"enemies":"Large Slime","floor":12,"turns":4},{"damage":0,"enemies":"Blue Slaver","floor":13,"turns":3},{"damage":0,"enemies":"Gremlin Gang","floor":14,"turns":4},{"damage":37,"enemies":"Hexaghost","floor":16,"turns":10},{"damage":26,"enemies":"2 Thieves","floor":18,"turns":4},{"damage":0,"enemies":"3 Byrds","floor":22,"turns":4},{"damage":12,"enemies":"Centurion and Healer","floor":24,"turns":8},{"damage":17,"enemies":"Chosen and Byrds","floor":28,"turns":5},{"damage":3,"enemies":"Book of Stabbing","floor":31,"turns":6},{"damage":36,"enemies":"Automaton","floor":33,"turns":8},{"damage":41,"enemies":"3 Darklings","floor":35,"turns":5},{"damage":3,"enemies":"Orb Walker","floor":38,"turns":4},{"damage":4,"enemies":"Giant Head","floor":41,"turns":6},{"damage":0,"enemies":"Maw","floor":44,"turns":6},{"damage":20,"enemies":"4 Shapes","floor":46,"turns":2},{"damage":23,"enemies":"2 Orb Walkers","floor":48,"turns":3}],"seed_played":"-5383777770331251419","potions_obtained":[{"floor":1,"key":"PowerPotion"},{"floor":6,"key":"EssenceOfSteel"},{"floor":10,"key":"Strength Potion"},{"floor":12,"key":"SmokeBomb"},{"floor":14,"key":"PowerPotion"},{"floor":18,"key":"Explosive Potion"},{"floor":28,"key":"GamblersBrew"},{"floor":31,"key":"GhostInAJar"},{"floor":41,"key":"PowerPotion"}],"is_trial":false,"path_per_floor":["M","?","?","M","$","M","?","R","T","E","M","M","M","M","R","B",null,"M","?","$","?","M","R","M","R","T","$","M","?","R","E","R","B",null,"M","?","?","M","$","R","E","?","T","M","R","M","$","?"],"character_chosen":"THE_SILENT","items_purchased":["Gremlin Horn","Secret Technique","War Paint","Ancient Tea Set"],"campfire_rested":1,"item_purchase_floors":[5,5,20,39],"current_hp_per_floor":[68,56,56,53,53,52,52,52,52,35,34,34,34,34,34,22,70,44,44,44,70,70,70,58,58,58,58,41,41,41,38,38,27,70,29,20,20,17,17,38,34,34,34,34,34,14,14,0],"gold":103,"neow_bonus":"ONE_RARE_RELIC","is_prod":false,"is_daily":false,"chose_seed":false,"campfire_upgraded":7,"win_rate":0,"timestamp":1546351123,"path_taken":["M","?","?","M","$","M","?","R","T","E","?","?","M","M","R","BOSS","M","?","$","?","?","R","M","R","T","?","M","?","R","E","R","BOSS","M","?","?","M","$","R","E","?","T","?","R","M","$","?"],"build_version":"2018-12-20","purchased_purges":3,"victory":false,"max_hp_per_floor":[70,70,70,70,70,70,70,70,70,70,70,70,70,70,70,70,70,70,70,70,70,70,70,70,70,70,70,70,70,70,70,70,70,70,70,70,70,70,70,70,70,70,70,70,70,70,70,70],"card_choices":[{"not_picked":["All Out Attack","Deflect"],"picked":"Predator","floor":1},{"not_picked":["Bane","Concentrate"],"picked":"Blade Dance","floor":4},{"not_picked":["Skewer","Calculated Gamble"],"picked":"Caltrops","floor":6},{"not_picked":["Bullet Time","Bouncing Flask"],"picked":"Infinite Blades","floor":10},{"not_picked":["Eviscerate","Dagger Throw"],"picked":"Slice","floor":11},{"not_picked":["Prepared","Blade Dance"],"picked":"Cloak And Dagger","floor":12},{"not_picked":["Sucker Punch","Acrobatics"],"picked":"Outmaneuver","floor":13},{"not_picked":["Prepared","Deflect"],"picked":"Backflip","floor":14},{"not_picked":["Phantasmal Killer","Night Terror"],"picked":"Envenom","floor":16},{"not_picked":["Cloak And Dagger","Deflect"],"picked":"Leg Sweep","floor":18},{"not_picked":["Eviscerate+1","Blur"],"picked":"Concentrate","floor":22},{"not_picked":["Backstab","Leg Sweep"],"picked":"Skewer","floor":24},{"not_picked":["Outmaneuver+1","Underhanded Strike"],"picked":"Blade Dance","floor":28},{"not_picked":["Blade Dance","Skewer","Dodge and Roll"],"picked":"SKIP","floor":31},{"not_picked":["Doppelganger","A Thousand Cuts"],"picked":"Tools of the Trade","floor":33},{"not_picked":["Caltrops+1","Dagger Throw","Dodge and Roll+1"],"picked":"SKIP","floor":35},{"not_picked":["Bane","Dagger Throw+1"],"picked":"PiercingWail+1","floor":38},{"not_picked":["Flying Knee+1","Deflect"],"picked":"Phantasmal Killer","floor":41},{"not_picked":["Underhanded Strike+1","Flying Knee","Expertise+1"],"picked":"SKIP","floor":44},{"not_picked":["Skewer+1","PiercingWail+1"],"picked":"Acrobatics","floor":46}],"player_experience":274764,"relics_obtained":[{"floor":9,"key":"Pantograph"},{"floor":10,"key":"Thread and Needle"},{"floor":26,"key":"MawBank"},{"floor":31,"key":"PreservedInsect"},{"floor":41,"key":"Mercury Hourglass"},{"floor":43,"key":"Anchor"}],"event_choices":[{"damage_healed":0,"gold_gain":0,"player_choice":"Success","damage_taken":12,"relics_obtained":["Boot"],"max_hp_gain":0,"max_hp_loss":0,"event_name":"Scrap Ooze","floor":2,"gold_loss":0},{"damage_healed":0,"gold_gain":175,"player_choice":"AGREE","damage_taken":0,"max_hp_gain":0,"max_hp_loss":0,"event_name":"Liars Game","floor":3,"gold_loss":0,"cards_obtained":["Doubt"]},{"damage_healed":0,"gold_gain":0,"player_choice":"1 cards matched","damage_taken":0,"max_hp_gain":0,"max_hp_loss":0,"event_name":"Match and Keep!","floor":7,"gold_loss":0,"cards_obtained":["Flying Knee"]},{"damage_healed":0,"gold_gain":0,"player_choice":"Simplicity","damage_taken":0,"max_hp_gain":0,"max_hp_loss":0,"event_name":"Back to Basics","floor":19,"gold_loss":0,"cards_upgraded":["Defend_G","Defend_G","Defend_G","Defend_G","Defend_G","Strike_G","Strike_G","Strike_G","Strike_G","Strike_G"]},{"damage_healed":26,"gold_gain":0,"player_choice":"Full Heal","damage_taken":0,"max_hp_gain":0,"max_hp_loss":0,"event_name":"Wheel of Change","floor":21,"gold_loss":0},{"damage_healed":0,"gold_gain":0,"cards_transformed":["Slice","Concentrate"],"player_choice":"Became Test Subject","damage_taken":0,"max_hp_gain":0,"max_hp_loss":0,"event_name":"Drug Dealer","floor":29,"gold_loss":0,"cards_obtained":["Accuracy","Skewer"]},{"damage_healed":0,"gold_gain":0,"player_choice":"Embrace Madness","damage_taken":9,"max_hp_gain":0,"max_hp_loss":0,"event_name":"Winding Halls","floor":36,"gold_loss":0,"cards_obtained":["Madness","Madness"]},{"damage_healed":0,"gold_gain":0,"player_choice":"Ignored","damage_taken":0,"max_hp_gain":0,"max_hp_loss":0,"event_name":"Tomb of Lord Red Mask","floor":37,"gold_loss":0},{"damage_healed":0,"gold_gain":0,"player_choice":"0 cards matched","damage_taken":0,"max_hp_gain":0,"max_hp_loss":0,"event_name":"Match and Keep!","floor":42,"gold_loss":0,"cards_obtained":[]},{"damage_healed":0,"gold_gain":0,"player_choice":"Fight","damage_taken":0,"max_hp_gain":0,"max_hp_loss":0,"event_name":"Mysterious Sphere","floor":48,"gold_loss":0}],"is_beta":false,"boss_relics":[{"not_picked":["Lizard Tail","Astrolabe"],"picked":"Ring of the Serpent"},{"not_picked":["Velvet Choker","Snecko Eye"],"picked":"Cursed Key"}],"items_purged_floors":[5,39,47],"is_endless":false,"potions_floor_spawned":[1,6,10,12,14,18,28,31,41],"killed_by":"2 Orb Walkers","ascension_level":0}