{"gold_per_floor":[118,393,404,424,101,101,127,127,127,127,138,138,38,54,54,131,131,148,148,165,2,2,2,22,22,103,115,115,135,135,148,148,148],"floor_reached":33,"playtime":1330,"items_purged":["Regret","Strike_R"],"score":494,"play_id":"8e1ccf50-c10a-4888-ad9b-ec8c0e6da646","local_time":"20190315184305","is_ascension_mode":true,"campfire_choices":[{"data":"Fiend Fire","floor":6,"key":"SMITH"},{"data":"1","floor":10,"key":"LIFT"},{"data":"2","floor":12,"key":"LIFT"},{"data":"3","floor":15,"key":"LIFT"},{"floor":23,"key":"DIG"},{"floor":25,"key":"DIG"},{"floor":28,"key":"DIG"},{"floor":30,"key":"DIG"},{"floor":32,"key":"DIG"}],"neow_cost":"NONE","seed_source_timestamp":169843338765001,"circlet_count":0,"master_deck":["AscendersBane","Strike_R","Strike_R","Strike_R","Strike_R","Defend_R","Defend_R","Defend_R","Defend_R","Bash","Armaments","Shrug It Off","Fiend Fire+1","Body Slam","Feel No Pain","Infernal Blade","Offering","Evolve","Shame","Shrug It Off+1","Entrench","Thunderclap","Corruption"],"relics":["Burning Blood","NeowsBlessing","Bag of Preparation","Shovel","Girya","Mark of Pain","Self Forming Clay","Vajra","Matryoshka","The Courier","Letter Opener","Mercury Hourglass","Meat on the Bone","Ginger","Boot"],"potions_floor_usage":[11,16,27],"damage_taken":[{"damage":0,"enemies":"2 Louse","floor":1,"turns":1},{"damage":0,"enemies":"Cultist","floor":3,"turns":1},{"damage":0,"enemies":"Small Slimes","floor":4,"turns":1},{"damage":28,"enemies":"Gremlin Nob","floor":7,"turns":4},{"damage":0,"enemies":"Exordium Wildlife","floor":11,"turns":3},{"damage":0,"enemies":"Looter","floor":14,"turns":1},{"damage":60,"enemies":"Hexaghost","floor":16,"turns":8},{"damage":0,"enemies":"Spheric Guardian","floor":18,"turns":2},{"damage":13,"enemies":"3 Byrds","floor":20,"turns":4},{"damage":6,"enemies":"Centurion and Healer","floor":24,"turns":2},{"damage":12,"enemies":"Cultist and Chosen","floor":27,"turns":4},{"damage":6,"enemies":"Sentry and Sphere","floor":29,"turns":3},{"damage":6,"enemies":"Centurion and Healer","floor":31,"turns":6},{"damage":94,"enemies":"Collector","floor":33,"turns":5}],"seed_played":"6994468142652057492","potions_obtained":[{"floor":4,"key":"PowerPotion"},{"floor":7,"key":"BloodPotion"},{"floor":20,"key":"Regen Potion"}],"is_trial":false,"path_per_floor":["M","?","M","M","$","R","E","?","T","R","M","R","$","M","R","B",null,"M","?","M","$","?","R","M","R","T","M","R","M","R","M","R","B"],"character_chosen":"IRONCLAD","items_purchased":["Bag of Preparation","Fiend Fire","Vajra"],"campfire_rested":0,"item_purchase_floors":[5,5,21],"current_hp_per_floor":[74,74,75,75,75,75,53,53,53,53,66,66,66,72,72,18,61,67,67,60,60,53,53,53,53,53,59,59,59,59,59,59,0],"gold":148,"neow_bonus":"THREE_ENEMY_KILL","is_prod":false,"is_daily":false,"chose_seed":false,"campfire_upgraded":1,"win_rate":0,"timestamp":1552696985,"path_taken":["M","?","?","M","$","R","E","?","T","R","M","R","?","M","R","BOSS","M","?","M","$","?","R","M","R","T","M","R","M","R","M","R","BOSS"],"build_version":"2019-01-23","purchased_purges":2,"victory":false,"max_hp_per_floor":[75,75,75,75,75,75,75,75,75,75,75,75,75,75,75,75,75,75,75,75,75,75,75,75,75,75,75,75,75,75,75,75,75],"card_choices":[{"not_picked":["Clash","Clothesline"],"picked":"Armaments","floor":1},{"not_picked":["Bloodletting","Wild Strike"],"picked":"Shrug It Off","floor":3},{"not_picked":["Fire Breathing","Havoc","Perfected Strike"],"picked":"SKIP","floor":4},{"not_picked":["Rage","Thunderclap"],"picked":"Body Slam","floor":7},{"not_picked":["Inflame","Twin Strike"],"picked":"Feel No Pain","floor":11},{"not_picked":["Clothesline","Thunderclap"],"picked":"Infernal Blade","floor":14},{"not_picked":["Fiend Fire","Bludgeon"],"picked":"Offering","floor":16},{"not_picked":["Thunderclap","Anger"],"picked":"Evolve","floor":18},{"not_picked":["Sentinel","Clash+1"],"picked":"Shrug It Off+1","floor":20},{"not_picked":["Carnage","True Grit"],"picked":"Entrench","floor":24},{"not_picked":["Perfected Strike+1","Armaments+1"],"picked":"Thunderclap","floor":27},{"not_picked":["Thunderclap","Pummel","Sword Boomerang"],"picked":"SKIP","floor":29},{"not_picked":["Dark Embrace","Evolve+1"],"picked":"Corruption","floor":31}],"player_experience":1433236,"relics_obtained":[{"floor":7,"key":"Shovel"},{"floor":9,"key":"Girya"},{"floor":23,"key":"Matryoshka"},{"floor":25,"key":"The Courier"},{"floor":26,"key":"Letter Opener"},{"floor":26,"key":"Mercury Hourglass"},{"floor":28,"key":"Meat on the Bone"},{"floor":30,"key":"Ginger"},{"floor":32,"key":"Boot"}],"event_choices":[{"damage_healed":0,"gold_gain":275,"player_choice":"Desecrate","damage_taken":0,"max_hp_gain":0,"max_hp_loss":0,"event_name":"Golden Shrine","floor":2,"gold_loss":0,"cards_obtained":["Regret"]},{"damage_healed":0,"gold_gain":0,"player_choice":"Ignored","damage_taken":0,"max_hp_gain":0,"max_hp_loss":0,"event_name":"Shining Light","floor":8,"gold_loss":0},{"damage_healed":0,"gold_gain":0,"player_choice":"Stole Relic","damage_taken":0,"relics_obtained":["Self Forming Clay"],"max_hp_gain":0,"max_hp_loss":0,"event_name":"Addict","floor":19,"gold_loss":0,"cards_obtained":["Shame"]},{"damage_healed":0,"gold_gain":0,"player_choice":"","damage_taken":7,"max_hp_gain":0,"max_hp_loss":0,"event_name":"Knowing Skull","floor":22,"potions_obtained":[],"gold_loss":0,"cards_obtained":[]}],"is_beta":false,"boss_relics":[{"not_picked":["Ectoplasm","Busted Crown"],"picked":"Mark of Pain"}],"items_purged_floors":[5,13],"is_endless":false,"potions_floor_spawned":[4,7,20],"killed_by":"Collector","ascension_level":20}