{"gold_per_floor":[117,133,133,58,58,58,58,58,58,58,68,31,50,50,50,122,122,141,157,176,18,34,34,34],"floor_reached":24,"playtime":1285,"items_purged":["Strike_R","Defend_R"],"score":372,"play_id":"886c82be-de29-402b-aa0e-66cfd3ffef78","local_time":"20190316222007","is_ascension_mode":true,"campfire_choices":[{"floor":6,"key":"REST"},{"data":"Rampage","floor":8,"key":"SMITH"},{"floor":10,"key":"REST"},{"data":"Shrug It Off","floor":15,"key":"SMITH"},{"floor":23,"key":"REST"}],"neow_cost":"PERCENT_DAMAGE","seed_source_timestamp":269311185997687,"circlet_count":0,"master_deck":["AscendersBane","Strike_R+1","Defend_R","Defend_R","Defend_R","Bash","Feel No Pain+1","Rampage+1","Shrug It Off+1","Headbutt","Metallicize+1","Spot Weakness","Double Tap","Shrug It Off","Headbutt","Cleave"],"relics":["Burning Blood","Frozen Egg 2","Busted Crown"],"potions_floor_usage":[16,16,22,24],"damage_taken":[{"damage":6,"enemies":"Jaw Worm","floor":1,"turns":5},{"damage":11,"enemies":"2 Louse","floor":2,"turns":3},{"damage":3,"enemies":"Small Slimes","floor":11,"turns":4},{"damage":25,"enemies":"Gremlin Gang","floor":13,"turns":6},{"damage":27,"enemies":"Hexaghost","floor":16,"turns":8},{"damage":9,"enemies":"Spheric Guardian","floor":18,"turns":4},{"damage":28,"enemies":"Shell Parasite","floor":19,"turns":7},{"damage":28,"enemies":"Snake Plant","floor":20,"turns":6},{"damage":11,"enemies":"Centurion and Healer","floor":22,"turns":5},{"damage":36,"enemies":"Chosen and Byrds","floor":24,"turns":3}],"seed_played":"-4304283058201768567","potions_obtained":[{"floor":2,"key":"PowerPotion"},{"floor":13,"key":"Energy Potion"},{"floor":16,"key":"PowerPotion"},{"floor":20,"key":"Block Potion"}],"is_trial":false,"path_per_floor":["M","M","?","$","?","R","?","R","T","R","M","$","M","?","R","B",null,"M","M","M","$","M","R","M"],"character_chosen":"IRONCLAD","items_purchased":["Spot Weakness","Cleave"],"campfire_rested":3,"item_purchase_floors":[12,21],"current_hp_per_floor":[50,45,22,22,22,44,44,44,44,66,69,69,50,46,46,25,63,60,38,16,16,11,33,0],"gold":34,"neow_bonus":"TRANSFORM_TWO_CARDS","is_prod":false,"is_daily":false,"chose_seed":false,"campfire_upgraded":2,"win_rate":0,"timestamp":1552796407,"path_taken":["M","M","?","$","?","R","?","R","T","R","M","$","M","?","R","BOSS","M","M","M","$","M","R","?"],"build_version":"2019-01-23","purchased_purges":2,"victory":false,"max_hp_per_floor":[75,75,75,75,75,75,75,75,75,75,75,75,75,75,75,75,75,75,75,75,75,75,75,75],"card_choices":[{"not_picked":["Pommel Strike","Sword Boomerang"],"picked":"Shrug It Off","floor":1},{"not_picked":["Wild Strike","Iron Wave"],"picked":"Headbutt","floor":2},{"not_picked":["Dual Wield","Wild Strike"],"picked":"Metallicize+1","floor":11},{"not_picked":["Perfected Strike","Corruption+1","Armaments"],"picked":"SKIP","floor":13},{"not_picked":["Dark Embrace+1","Bludgeon"],"picked":"Double Tap","floor":16},{"not_picked":[],"picked":"Shrug It Off","floor":18},{"not_picked":["Perfected Strike"],"picked":"SKIP","floor":19},{"not_picked":[],"picked":"Headbutt","floor":20},{"not_picked":["Havoc"],"picked":"SKIP","floor":22}],"player_experience":1449113,"relics_obtained":[{"floor":9,"key":"Frozen Egg 2"}],"event_choices":[{"damage_healed":0,"gold_gain":0,"player_choice":"Entered Light","damage_taken":23,"max_hp_gain":0,"max_hp_loss":0,"event_name":"Shining Light","floor":3,"gold_loss":0,"cards_upgraded":["Feel No Pain","Strike_R"]},{"cards_removed":["Strike_R"],"damage_healed":0,"gold_gain":0,"player_choice":"Forget","damage_taken":0,"max_hp_gain":0,"max_hp_loss":0,"event_name":"Living Wall","floor":5,"gold_loss":0},{"damage_healed":0,"gold_gain":0,"player_choice":"Ignored","damage_taken":0,"max_hp_gain":0,"max_hp_loss":0,"event_name":"Liars Game","floor":7,"gold_loss":0},{"damage_healed":0,"gold_gain":0,"player_choice":"Bought 0 Potions","damage_taken":0,"max_hp_gain":0,"max_hp_loss":0,"event_name":"The Woman in Blue","floor":14,"gold_loss":0}],"is_beta":false,"boss_relics":[{"not_picked":["Mark of Pain","Empty Cage"],"picked":"Busted Crown"}],"items_purged_floors":[4,21],"is_endless":false,"potions_floor_spawned":[2,13,16,20],"killed_by":"Chosen and Byrds","ascension_level":20}