{"gold_per_floor":[117,117,117,130,150,185,205,205,258,269,269,83,98,116,116,211,211,182,213,243,243,143,177,205,242,254,266,288,300,110,123,123,228,228,244,254,254,175,175,175,31,58,58,76,107,119,145,163,163,163,163,163,13,41,41],"floor_reached":55,"playtime":5248,"items_purged":["Dualcast","Writhe","Strike_B","Parasite"],"score":836,"play_id":"a7882452-ae0b-41dc-8fe8-9e26c8af806b","local_time":"20190307213047","is_ascension_mode":true,"campfire_choices":[{"floor":11.0,"key":"RECALL"},{"data":"Capacitor","floor":15.0,"key":"SMITH"},{"floor":29,"key":"REST"},{"floor":32,"key":"REST"},{"floor":49,"key":"REST"},{"data":"Buffer","floor":52,"key":"SMITH"}],"neow_cost":"NONE","seed_source_timestamp":0,"circlet_count":0,"master_deck":["Strike_B","Defend_B","Defend_B","Defend_B","Zap+1","Cold Snap","Go for the Eyes","Go for the Eyes","Glacier","Consume","Machine Learning","Turbo","Hologram","Gash","Capacitor+1","Scrape","BootSequence","Gash","FTL","Gash","Ball Lightning","Reboot","Defragment","Static Discharge","Coolheaded+1","Buffer+1","Cold Snap+1","Capacitor","Electrodynamics","Self Repair","Defragment"],"special_seed":0,"relics":["Orrery","Pear","Bag of Preparation","Black Star","Red Mask","Tiny Chest","MawBank","Happy Flower","Mummified Hand","Bronze Scales","WingedGreaves","Inserter","Mercury Hourglass","Sundial","Orichalcum","Pantograph","Bottled Tornado","Question Card","Turnip","Ornamental Fan","Anchor","Centennial Puzzle"],"potions_floor_usage":[33,35,46,47,50,50],"damage_taken":[{"damage":0.0,"enemies":"Jaw Worm","floor":1.0,"turns":5.0},{"damage":4.0,"enemies":"Small Slimes","floor":4.0,"turns":3.0},{"damage":2.0,"enemies":"Cultist","floor":5.0,"turns":4.0},{"damage":20.0,"enemies":"Gremlin Nob","floor":6.0,"turns":6.0},{"damage":7.0,"enemies":"Exordium Wildlife","floor":7.0,"turns":6.0},{"damage":0.0,"enemies":"Exordium Thugs","floor":10.0,"turns":5.0},{"damage":0.0,"enemies":"Large Slime","floor":13.0,"turns":5.0},{"damage":6.0,"enemies":"3 Louse","floor":14.0,"turns":4.0},{"damage":20.0,"enemies":"Slime Boss","floor":16.0,"turns":10.0},{"damage":9.0,"enemies":"2 Thieves","floor":18.0,"turns":5.0},{"damage":34.0,"enemies":"Masked Bandits","floor":19.0,"turns":7.0},{"damage":10.0,"enemies":"Gremlin Leader","floor":23.0,"turns":9.0},{"damage":0,"enemies":"3 Byrds","floor":24,"turns":6},{"damage":3,"enemies":"Book of Stabbing","floor":25,"turns":6},{"damage":5,"enemies":"Snecko","floor":28,"turns":6},{"damage":12,"enemies":"Shelled Parasite and Fungi","floor":31,"turns":5},{"damage":29,"enemies":"Collector","floor":33,"turns":9},{"damage":0,"enemies":"Orb Walker","floor":35,"turns":4},{"damage":0,"enemies":"3 Shapes","floor":36,"turns":7},{"damage":0,"enemies":"Nemesis","floor":42,"turns":9},{"damage":0,"enemies":"Writhing Mass","floor":44,"turns":8},{"damage":19,"enemies":"Reptomancer","floor":45,"turns":6},{"damage":7,"enemies":"Maw","floor":46,"turns":7},{"damage":25,"enemies":"Nemesis","floor":47,"turns":7},{"damage":1,"enemies":"4 Shapes","floor":48,"turns":3},{"damage":13,"enemies":"Donu and Deca","floor":50,"turns":9},{"damage":16,"enemies":"Shield and Spear","floor":54,"turns":6},{"damage":83,"enemies":"The Heart","floor":55,"turns":9}],"seed_played":"-6073917556045592364","potions_obtained":[{"floor":7.0,"key":"Dexterity Potion"},{"floor":10.0,"key":"PowerPotion"},{"floor":13.0,"key":"PowerPotion"},{"floor":14.0,"key":"Fire Potion"},{"floor":16.0,"key":"Block Potion"},{"floor":24,"key":"SpeedPotion"},{"floor":25,"key":"FearPotion"},{"floor":31,"key":"GamblersBrew"},{"floor":33,"key":"Poison Potion"},{"floor":45,"key":"LiquidBronze"},{"floor":46,"key":"Ancient Potion"},{"floor":47,"key":"SteroidPotion"}],"is_trial":false,"path_per_floor":["M","?","?","M","M","E","M","?","T","M","R","$","M","M","R","B",null,"M","?","?","?","$","E","M","E","T","?","M","R","$","M","R","B",null,"M","M","?","$","T","?","$","E","T","M","E","M","E","M","R","B",null,"R","$","E","B"],"character_chosen":"DEFECT","items_purchased":["Capacitor","Scrape","Static Discharge","Capacitor","Electrodynamics"],"campfire_rested":3,"item_purchase_floors":[12,12,30,38,41],"current_hp_per_floor":[75,85,85,81,79,59,52,45,45,45,45,45,45,39,39,19,85,76,42,42,42,42,32,32,29,29,21,16,41,41,29,54,25,85,85,85,85,85,85,81,81,81,81,81,62,62,44,43,67,75,81,81,78,69,0],"gold":41,"neow_bonus":"BOSS_RELIC","is_prod":false,"is_daily":false,"chose_seed":false,"campfire_upgraded":2,"win_rate":0,"timestamp":1552012247,"path_taken":["M","?","?","M","M","E","?","?","T","M","R","?","M","M","R","BOSS","M","?","?","?","$","E","?","E","T","?","?","R","$","M","R","BOSS","M","?","?","$","?","?","$","E","T","M","E","?","E","M","R","BOSS","R","$","E","BOSS"],"build_version":"2019-01-23","purchased_purges":4,"victory":false,"max_hp_per_floor":[75,85,85,85,85,85,85,85,85,85,85,85,85,85,85,85,85,85,85,85,85,85,85,85,85,85,85,85,85,85,85,85,85,85,85,85,85,85,85,81,81,81,81,81,81,81,81,81,81,81,81,81,78,78,78],"card_choices":[{"not_picked":["Compile Driver","Hologram"],"picked":"Cold Snap","floor":0.0},{"not_picked":["Ball Lightning","Hello World"],"picked":"Go for the Eyes","floor":0.0},{"not_picked":["Rebound","Steam"],"picked":"Go for the Eyes","floor":0.0},{"not_picked":["Auto Shields","Gash"],"picked":"Glacier","floor":1.0},{"not_picked":["Skim","Steam"],"picked":"Consume","floor":4.0},{"not_picked":["Gash","Rebound"],"picked":"Machine Learning","floor":5.0},{"not_picked":["Barrage","Melter"],"picked":"Turbo","floor":6.0},{"not_picked":["Streamline","Stack"],"picked":"Hologram","floor":7.0},{"not_picked":["Go for the Eyes","Beam Cell"],"picked":"Gash","floor":10.0},{"not_picked":["Leap","Aggregate"],"picked":"BootSequence","floor":13.0},{"not_picked":["Redo","Recycle"],"picked":"Gash","floor":14.0},{"not_picked":["Leap+1","Hologram"],"picked":"FTL","floor":18.0},{"not_picked":["Darkness+1","Compile Driver"],"picked":"Gash","floor":19.0},{"not_picked":["Leap+1","Hello World","Steam"],"picked":"SKIP","floor":23.0},{"not_picked":["BootSequence+1","Force Field"],"picked":"Defragment","floor":24},{"not_picked":["Darkness+1","Core Surge","BootSequence"],"picked":"SKIP","floor":25},{"not_picked":["Gash+1","Force Field","Sweeping Beam"],"picked":"SKIP","floor":28},{"not_picked":["FTL","Hologram"],"picked":"Coolheaded+1","floor":31},{"not_picked":["Core Surge","Biased Cognition"],"picked":"Buffer","floor":33},{"not_picked":["Rebound+1","Ball Lightning+1","Stack"],"picked":"SKIP","floor":35},{"not_picked":["Skim+1","Sweeping Beam"],"picked":"Cold Snap+1","floor":36},{"not_picked":["Capacitor+1","Barrage+1"],"picked":"Self Repair","floor":42},{"not_picked":["Gash+1","Tempest+1","Aggregate"],"picked":"SKIP","floor":44},{"not_picked":["Conserve Battery+1","Rebound+1"],"picked":"Defragment","floor":45},{"not_picked":["Chaos+1","Stack+1","Beam Cell+1","Redo"],"picked":"SKIP","floor":46},{"not_picked":["Meteor Strike","Aggregate+1","Gash+1","Tempest+1"],"picked":"SKIP","floor":47},{"not_picked":["Coolheaded+1","Stack","Leap","Steam Power"],"picked":"SKIP","floor":48},{"not_picked":["Sweeping Beam","Meteor Strike","Self Repair","Melter"],"picked":"SKIP","floor":54}],"player_experience":261270,"relics_obtained":[{"floor":6.0,"key":"Bag of Preparation"},{"floor":19.0,"key":"Red Mask"},{"floor":23.0,"key":"MawBank"},{"floor":23.0,"key":"Happy Flower"},{"floor":25,"key":"Mummified Hand"},{"floor":25,"key":"Bronze Scales"},{"floor":26,"key":"WingedGreaves"},{"floor":39,"key":"Mercury Hourglass"},{"floor":42,"key":"Sundial"},{"floor":42,"key":"Orichalcum"},{"floor":43,"key":"Pantograph"},{"floor":45,"key":"Bottled Tornado"},{"floor":45,"key":"Question Card"},{"floor":47,"key":"Turnip"},{"floor":47,"key":"Ornamental Fan"},{"floor":54,"key":"Anchor"},{"floor":54,"key":"Centennial Puzzle"}],"event_choices":[{"damage_healed":0.0,"max_hp_gain":0.0,"max_hp_loss":0.0,"gold_gain":0.0,"event_name":"Big Fish","player_choice":"Box","floor":2.0,"gold_loss":0.0,"damage_taken":0.0,"relics_obtained":["Pear"],"cards_obtained":["Regret"]},{"damage_healed":0.0,"max_hp_gain":0.0,"max_hp_loss":0.0,"gold_gain":0.0,"event_name":"Upgrade Shrine","player_choice":"Upgraded","floor":3.0,"gold_loss":0.0,"damage_taken":0.0,"cards_upgraded":["Zap"]},{"cards_removed":["Regret"],"damage_healed":0.0,"max_hp_gain":0.0,"max_hp_loss":0.0,"gold_gain":0.0,"event_name":"Golden Wing","player_choice":"Card Removal","floor":8.0,"gold_loss":0.0,"damage_taken":7.0},{"damage_healed":0.0,"max_hp_gain":0.0,"max_hp_loss":0.0,"gold_gain":0.0,"event_name":"Masked Bandits","player_choice":"Fought Bandits","floor":19.0,"gold_loss":0.0,"damage_taken":0.0},{"damage_healed":0.0,"max_hp_gain":0.0,"max_hp_loss":0.0,"gold_gain":0.0,"event_name":"The Mausoleum","player_choice":"Opened","floor":20.0,"gold_loss":0.0,"damage_taken":0.0,"relics_obtained":["Tiny Chest"],"cards_obtained":["Writhe"]},{"damage_healed":0.0,"max_hp_gain":0.0,"max_hp_loss":0.0,"gold_gain":0.0,"cards_transformed":["Strike_B","Strike_B"],"event_name":"Drug Dealer","player_choice":"Became Test Subject","floor":21.0,"gold_loss":0.0,"damage_taken":0.0,"cards_obtained":["Ball Lightning","Reboot"]},{"damage_healed":0,"gold_gain":0,"player_choice":"Damaged","damage_taken":8,"max_hp_gain":0,"max_hp_loss":0,"event_name":"Wheel of Change","floor":27,"gold_loss":0},{"cards_removed":["Defend_B"],"damage_healed":0,"gold_gain":0,"player_choice":"Removed Skill","damage_taken":0,"max_hp_gain":0,"max_hp_loss":0,"event_name":"Falling","floor":37,"gold_loss":0},{"damage_healed":0,"gold_gain":0,"player_choice":"Max HP","damage_taken":0,"max_hp_gain":0,"max_hp_loss":4,"event_name":"Winding Halls","floor":40,"gold_loss":0}],"is_beta":false,"boss_relics":[{"not_picked":["Philosopher\u0027s Stone","Cursed Key"],"picked":"Black Star"},{"not_picked":["Lizard Tail","Astrolabe"],"picked":"Inserter"}],"items_purged_floors":[12,22,30,53],"is_endless":false,"potions_floor_spawned":[7,10,13,14,16,24,25,31,33,45,46,47],"killed_by":"The Heart","ascension_level":1}