{"gold_per_floor":[118,136,211,241,260,260,290,290,317,347,359,359,384,309,309,309],"floor_reached":16,"playtime":781,"items_purged":[],"score":236,"play_id":"a437f6f5-27ed-46bd-ab01-7053cbbc3fa8","local_time":"20190315222305","is_ascension_mode":true,"campfire_choices":[{"data":"Dash","floor":6,"key":"SMITH"},{"floor":8,"key":"REST"},{"floor":12,"key":"REST"},{"data":"Dagger Spray","floor":15,"key":"SMITH"}],"neow_cost":"TEN_PERCENT_HP_LOSS","seed_source_timestamp":96887867774447,"circlet_count":0,"master_deck":["AscendersBane","Defend_G","Defend_G","Defend_G","Defend_G","Defend_G","Strike_G","Strike_G","Strike_G","Strike_G","Survivor","Neutralize","Poisoned Stab","Dash+1","Dagger Spray+1","Deflect","After Image","Leg Sweep","Poisoned Stab"],"relics":["Ring of the Snake","Bird Faced Urn","Tiny Chest","Bag of Marbles","Ancient Tea Set","Regal Pillow","Happy Flower"],"potions_floor_usage":[7,7,16],"damage_taken":[{"damage":2,"enemies":"Jaw Worm","floor":1,"turns":7},{"damage":1,"enemies":"2 Louse","floor":2,"turns":2},{"damage":1,"enemies":"Small Slimes","floor":5,"turns":4},{"damage":24,"enemies":"Lagavulin","floor":7,"turns":7},{"damage":24,"enemies":"Gremlin Nob","floor":10,"turns":4},{"damage":1,"enemies":"3 Louse","floor":11,"turns":3},{"damage":22,"enemies":"3 Sentries","floor":13,"turns":11},{"damage":31,"enemies":"Slime Boss","floor":16,"turns":12}],"seed_played":"-5818222625838946113","potions_obtained":[{"floor":2,"key":"Poison Potion"},{"floor":5,"key":"Explosive Potion"},{"floor":10,"key":"GhostInAJar"}],"is_trial":false,"path_per_floor":["M","M","?","T","M","R","E","R","T","E","M","R","E","?","R","B"],"character_chosen":"THE_SILENT","items_purchased":[],"campfire_rested":2,"item_purchase_floors":[],"current_hp_per_floor":[57,56,45,45,44,44,20,38,38,14,13,46,26,26,26,0],"gold":309,"neow_bonus":"ONE_RARE_RELIC","is_prod":false,"is_daily":false,"chose_seed":false,"campfire_upgraded":2,"win_rate":0,"timestamp":1552713785,"path_taken":["M","M","?","?","M","R","E","R","T","E","M","R","E","?","R","BOSS"],"build_version":"2019-02-06","purchased_purges":0,"victory":false,"max_hp_per_floor":[60,60,60,60,60,60,60,60,60,60,60,60,60,60,60,60],"card_choices":[{"not_picked":["Bane","All Out Attack"],"picked":"Poisoned Stab","floor":1},{"not_picked":["Bouncing Flask","Backflip"],"picked":"Dash","floor":2},{"not_picked":["Setup","Distraction"],"picked":"Dagger Spray","floor":5},{"not_picked":["Tactician","Choke"],"picked":"Deflect","floor":7},{"not_picked":["Deadly Poison","Deflect"],"picked":"After Image","floor":10},{"not_picked":["Quick Slash","Accuracy"],"picked":"Leg Sweep","floor":11},{"not_picked":["Bane","Caltrops"],"picked":"Poisoned Stab","floor":13}],"player_experience":1371685,"relics_obtained":[{"floor":4,"key":"Tiny Chest"},{"floor":7,"key":"Bag of Marbles"},{"floor":9,"key":"Ancient Tea Set"},{"floor":10,"key":"Regal Pillow"},{"floor":13,"key":"Happy Flower"}],"event_choices":[{"damage_healed":0,"gold_gain":75,"player_choice":"Gather Gold","damage_taken":11,"max_hp_gain":0,"max_hp_loss":0,"event_name":"World of Goop","floor":3,"gold_loss":0},{"cards_removed":["Strike_G"],"damage_healed":0,"gold_gain":0,"player_choice":"Card Removal","damage_taken":0,"max_hp_gain":0,"max_hp_loss":0,"event_name":"The Cleric","floor":14,"gold_loss":75}],"is_beta":true,"boss_relics":[],"items_purged_floors":[],"is_endless":false,"potions_floor_spawned":[2,5,10],"killed_by":"Slime Boss","ascension_level":20}