{"gold_per_floor":[117,192,192,211,211,239,239,250,250,260,260,107,125,141,141,241,241,261,23,23,42,42,42,42,42,88,105,122,139,173,193,193,193],"floor_reached":33,"playtime":2595,"items_purged":["Defend_B","Meteor Strike+1"],"score":294,"play_id":"615c8a1b-2995-4770-a526-7cabdd2f2ad4","local_time":"20190131202638","is_ascension_mode":false,"campfire_choices":[{"floor":11,"key":"RECALL"},{"floor":15,"key":"REST"},{"data":"Seek","floor":23,"key":"SMITH"},{"data":"Ghostly","floor":25,"key":"SMITH"},{"data":"Ghostly","floor":32,"key":"SMITH"}],"neow_cost":"NONE","seed_source_timestamp":1759671237384526,"circlet_count":0,"master_deck":["Strike_B","Defend_B","Defend_B","Zap","Dualcast","Coolheaded+1","Hologram+1","Gash","Streamline","Gash","FTL","Steam","FTL","Recycle","Conserve Battery","Seek+1","Beam Cell","FTL","Self Repair","Ghostly+1","Ghostly","Ghostly","Ghostly","Ghostly+1","Gash","Shame","Hologram","Beam Cell+1","BootSequence+1","White Noise","White Noise"],"relics":["Astrolabe","Emotion Chip","Art of War","Question Card","Matryoshka","Black Star","Shuriken","Regal Pillow","Pen Nib","Letter Opener","Turnip"],"potions_floor_usage":[14,16,18,27,30,33],"damage_taken":[{"damage":0,"enemies":"2 Louse","floor":1,"turns":4},{"damage":1,"enemies":"Jaw Worm","floor":4,"turns":5},{"damage":18,"enemies":"Lagavulin","floor":6,"turns":6},{"damage":0,"enemies":"Cultist","floor":8,"turns":3},{"damage":2,"enemies":"Exordium Wildlife","floor":10,"turns":4},{"damage":8,"enemies":"2 Fungi Beasts","floor":13,"turns":3},{"damage":0,"enemies":"Exordium Thugs","floor":14,"turns":4},{"damage":5,"enemies":"Slime Boss","floor":16,"turns":9},{"damage":15,"enemies":"2 Thieves","floor":18,"turns":5},{"damage":9,"enemies":"3 Byrds","floor":21,"turns":7},{"damage":9,"enemies":"Centurion and Healer","floor":27,"turns":5},{"damage":2,"enemies":"Shelled Parasite and Fungi","floor":28,"turns":6},{"damage":10,"enemies":"Snecko","floor":29,"turns":4},{"damage":4,"enemies":"Book of Stabbing","floor":30,"turns":7},{"damage":3,"enemies":"Snake Plant","floor":31,"turns":4},{"damage":51,"enemies":"Automaton","floor":33,"turns":6}],"seed_played":"-8274573082672005110","potions_obtained":[{"floor":8,"key":"Weak Potion"},{"floor":10,"key":"Poison Potion"},{"floor":13,"key":"EssenceOfSteel"},{"floor":16,"key":"Swift Potion"},{"floor":27,"key":"Strength Potion"},{"floor":29,"key":"SkillPotion"}],"is_trial":false,"path_per_floor":["M","?","T","M","?","E","?","M","T","M","R","$","M","M","R","B",null,"M","$","?","M","?","R","$","R","T","M","M","M","E","M","R","B"],"character_chosen":"DEFECT","items_purchased":["FTL","FTL","Self Repair"],"campfire_rested":1,"item_purchase_floors":[12,19,19],"current_hp_per_floor":[75,64,64,63,56,38,26,26,26,24,24,24,16,16,38,33,75,60,60,37,35,35,35,35,35,35,33,37,34,37,34,34,0],"gold":193,"neow_bonus":"BOSS_RELIC","is_prod":false,"is_daily":false,"chose_seed":false,"campfire_upgraded":3,"win_rate":0,"timestamp":1548984398,"path_taken":["M","?","?","?","?","E","?","M","T","M","R","$","M","?","R","BOSS","M","$","?","M","?","R","?","R","T","M","M","?","E","M","R","BOSS"],"build_version":"2019-01-23","purchased_purges":2,"victory":false,"max_hp_per_floor":[75,75,75,75,75,75,75,75,75,75,75,75,75,75,75,75,75,75,75,37,37,37,37,37,37,37,37,37,37,37,37,37,37],"card_choices":[{"not_picked":["Leap","Doom and Gloom"],"picked":"Gash","floor":1},{"not_picked":["Compile Driver","Barrage"],"picked":"Streamline","floor":4},{"not_picked":["Steam","Glacier"],"picked":"Gash","floor":6},{"not_picked":["Reinforced Body","Turbo","Conserve Battery"],"picked":"FTL","floor":8},{"not_picked":["Stack","Double Energy","Loop"],"picked":"Steam","floor":10},{"not_picked":["Reprogram","Cold Snap","Compile Driver"],"picked":"Recycle","floor":13},{"not_picked":["Compile Driver","Undo","Cold Snap"],"picked":"Conserve Battery","floor":14},{"not_picked":["Electrodynamics","Rainbow","Hyperbeam"],"picked":"Seek","floor":16},{"not_picked":["Redo","Stack","Aggregate+1"],"picked":"Beam Cell","floor":18},{"not_picked":["Stack","Consume","Redo"],"picked":"Gash","floor":21},{"not_picked":["Barrage+1","Reprogram","Stack+1"],"picked":"Hologram","floor":27},{"not_picked":["Barrage+1","Conserve Battery","Steam+1"],"picked":"Beam Cell+1","floor":28},{"not_picked":["Redo+1","Compile Driver","Hyperbeam"],"picked":"BootSequence+1","floor":29},{"not_picked":["Static Discharge","Defragment+1","Consume+1"],"picked":"White Noise","floor":30},{"not_picked":["Loop","Barrage+1","Ball Lightning"],"picked":"White Noise","floor":31}],"player_experience":126665,"relics_obtained":[{"floor":3,"key":"Emotion Chip"},{"floor":6,"key":"Art of War"},{"floor":9,"key":"Matryoshka"},{"floor":26,"key":"Regal Pillow"},{"floor":26,"key":"Pen Nib"},{"floor":30,"key":"Letter Opener"},{"floor":30,"key":"Turnip"}],"event_choices":[{"damage_healed":0,"gold_gain":75,"player_choice":"Gather Gold","damage_taken":11,"max_hp_gain":0,"max_hp_loss":0,"event_name":"World of Goop","floor":2,"gold_loss":0},{"cards_removed":["Strike_B"],"damage_healed":0,"gold_gain":0,"player_choice":"Card Removal","damage_taken":7,"max_hp_gain":0,"max_hp_loss":0,"event_name":"Golden Wing","floor":5,"gold_loss":0},{"damage_healed":0,"gold_gain":0,"player_choice":"Success","damage_taken":12,"relics_obtained":["Question Card"],"max_hp_gain":0,"max_hp_loss":0,"event_name":"Scrap Ooze","floor":7,"gold_loss":0},{"damage_healed":0,"gold_gain":0,"player_choice":"Became a Ghost","damage_taken":0,"max_hp_gain":0,"max_hp_loss":38,"event_name":"Ghosts","floor":20,"gold_loss":0,"cards_obtained":["Ghostly","Ghostly","Ghostly","Ghostly","Ghostly"]},{"damage_healed":0,"gold_gain":0,"player_choice":"Stole Relic","damage_taken":0,"relics_obtained":["Shuriken"],"max_hp_gain":0,"max_hp_loss":0,"event_name":"Addict","floor":22,"gold_loss":0,"cards_obtained":["Shame"]}],"is_beta":false,"boss_relics":[{"not_picked":["Snecko Eye","Pandora\u0027s Box"],"picked":"Black Star"}],"items_purged_floors":[12,19],"is_endless":false,"potions_floor_spawned":[8,10,13,16,27,29],"killed_by":"Automaton","ascension_level":0}