{"gold_per_floor":[119,134,59,59,59,59,5,5,5,40,40,40,50,67,67,138,138,155,170,8,8,23,23,42,42,42,52,52,52,52,52],"floor_reached":31,"playtime":1510,"items_purged":["Strike_R"],"score":466,"play_id":"60418ca4-70eb-4b14-ac1f-8a0f71172b7b","local_time":"20190311212648","is_ascension_mode":true,"campfire_choices":[{"data":"Bash","floor":6,"key":"SMITH"},{"data":"Body Slam","floor":8,"key":"SMITH"},{"floor":15,"key":"REST"},{"data":"Entrench","floor":23,"key":"SMITH"},{"data":"Shrug It Off","floor":25,"key":"SMITH"},{"data":"Body Slam","floor":28,"key":"SMITH"}],"neow_cost":"PERCENT_DAMAGE","seed_source_timestamp":420430363977431,"circlet_count":0,"master_deck":["AscendersBane","Defend_R","Defend_R","Defend_R","Defend_R","Bash+1","Entrench+1","Shrug It Off+1","Body Slam+1","Disarm","Body Slam+1","Uppercut","Juggernaut+1","Body Slam+1","Blood for Blood","Offering","Headbutt","Ghostly","Ghostly","Ghostly"],"relics":["Burning Blood","Sundial","Darkstone Periapt","Meat on the Bone","Frozen Egg 2","Coffee Dripper","Lantern","Pen Nib"],"potions_floor_usage":[10,16,16,22],"damage_taken":[{"damage":16,"enemies":"Small Slimes","floor":1,"turns":5},{"damage":9,"enemies":"2 Louse","floor":2,"turns":5},{"damage":40,"enemies":"Gremlin Nob","floor":10,"turns":5},{"damage":0,"enemies":"Cultist","floor":13,"turns":4},{"damage":17,"enemies":"Red Slaver","floor":14,"turns":4},{"damage":40,"enemies":"The Guardian","floor":16,"turns":9},{"damage":16,"enemies":"Spheric Guardian","floor":18,"turns":5},{"damage":19,"enemies":"3 Byrds","floor":19,"turns":5},{"damage":31,"enemies":"Cultist and Chosen","floor":22,"turns":6},{"damage":25,"enemies":"Chosen and Byrds","floor":24,"turns":6},{"damage":6,"enemies":"Centurion and Healer","floor":27,"turns":4},{"damage":40,"enemies":"Slavers","floor":31,"turns":5}],"seed_played":"2176092411828093339","potions_obtained":[{"floor":1,"key":"Weak Potion"},{"floor":10,"key":"Poison Potion"},{"floor":13,"key":"PowerPotion"},{"floor":19,"key":"Block Potion"},{"floor":27,"key":"Strength Potion"}],"is_trial":false,"path_per_floor":["M","M","$","?","?","R","$","R","T","E","?","T","M","M","R","B",null,"M","M","$","$","M","R","M","R","T","M","R","?","?","E"],"character_chosen":"IRONCLAD","items_purchased":["Body Slam","Lantern"],"campfire_rested":1,"item_purchase_floors":[7,20],"current_hp_per_floor":[40,37,37,42,42,42,42,42,42,8,8,8,26,27,51,29,67,57,56,56,56,43,43,36,36,36,48,48,48,40,0],"gold":52,"neow_bonus":"REMOVE_TWO","is_prod":false,"is_daily":false,"chose_seed":false,"campfire_upgraded":5,"win_rate":0,"timestamp":1552361208,"path_taken":["M","M","$","?","?","R","$","R","T","E","?","?","M","M","R","BOSS","M","?","?","$","M","R","M","R","T","M","R","?","?","E"],"build_version":"2019-01-23","purchased_purges":1,"victory":false,"max_hp_per_floor":[75,75,75,80,80,80,80,80,80,80,80,80,80,80,80,80,80,80,80,80,80,80,80,80,80,80,80,80,80,40,40],"card_choices":[{"not_picked":["Infernal Blade","Armaments"],"picked":"Entrench","floor":1},{"not_picked":["Metallicize","Rupture"],"picked":"Shrug It Off","floor":2},{"not_picked":["Dropkick","Sever Soul"],"picked":"Disarm","floor":10},{"not_picked":["Sentinel","Ghostly Armor"],"picked":"Body Slam","floor":13},{"not_picked":["Fire Breathing+1","Infernal Blade"],"picked":"Uppercut","floor":14},{"not_picked":["Exhume","Immolate"],"picked":"Juggernaut+1","floor":16},{"not_picked":["Disarm","Warcry"],"picked":"Body Slam+1","floor":18},{"not_picked":["Anger","Flex"],"picked":"Blood for Blood","floor":19},{"not_picked":["Heavy Blade","Wild Strike","Twin Strike"],"picked":"SKIP","floor":22},{"not_picked":["Wild Strike","Havoc+1"],"picked":"Offering","floor":24},{"not_picked":["Flex","Blood for Blood"],"picked":"Headbutt","floor":27}],"player_experience":1390389,"relics_obtained":[{"floor":9,"key":"Sundial"},{"floor":10,"key":"Darkstone Periapt"},{"floor":12,"key":"Frozen Egg 2"},{"floor":26,"key":"Pen Nib"}],"event_choices":[{"damage_healed":0,"gold_gain":0,"player_choice":"Donut","damage_taken":0,"max_hp_gain":5,"max_hp_loss":0,"event_name":"Big Fish","floor":4,"gold_loss":0},{"cards_removed":["Strike_R"],"damage_healed":0,"gold_gain":0,"player_choice":"Forget","damage_taken":0,"max_hp_gain":0,"max_hp_loss":0,"event_name":"Living Wall","floor":5,"gold_loss":0},{"damage_healed":0,"gold_gain":0,"player_choice":"Searched \u00271\u0027 times","damage_taken":0,"relics_obtained":["Meat on the Bone"],"max_hp_gain":0,"max_hp_loss":0,"event_name":"Dead Adventurer","floor":11,"gold_loss":0},{"cards_removed":["Strike_R"],"damage_healed":0,"gold_gain":0,"player_choice":"Elegance","damage_taken":0,"max_hp_gain":0,"max_hp_loss":0,"event_name":"Back to Basics","floor":29,"gold_loss":0},{"damage_healed":0,"gold_gain":0,"player_choice":"Became a Ghost","damage_taken":0,"max_hp_gain":0,"max_hp_loss":40,"event_name":"Ghosts","floor":30,"gold_loss":0,"cards_obtained":["Ghostly","Ghostly","Ghostly"]}],"is_beta":false,"boss_relics":[{"not_picked":["Snecko Eye","Ectoplasm"],"picked":"Coffee Dripper"}],"items_purged_floors":[3],"is_endless":false,"potions_floor_spawned":[1,10,13,19,27],"killed_by":"Slavers","ascension_level":20}