{"gold_per_floor":[110,129,304,304,315,315,334,346,346,357,369,394,394,32,32,137,137,155,169,169,179],"floor_reached":21,"playtime":4814,"items_purged":["Strike_B"],"score":185,"play_id":"4a54a243-8319-4151-bffe-4bb7236a9b46","local_time":"20190131111128","is_ascension_mode":false,"campfire_choices":[{"floor":6.0,"key":"RECALL"},{"floor":15.0,"key":"REST"}],"neow_cost":"NONE","seed_source_timestamp":0,"circlet_count":0,"master_deck":["Strike_B","Strike_B","Strike_B","Defend_B","Defend_B","Defend_B","Defend_B","Zap","Dualcast","Ball Lightning","Tempest","Coolheaded","Doubt","Heatsinks","Stack","Sunder","Go for the Eyes","BootSequence","Buffer","Capacitor","Seek","Redo","BootSequence","RitualDagger+1","Steam"],"special_seed":0,"relics":["Cracked Core","Anchor","Ornamental Fan","Molten Egg 2","Nuclear Battery"],"potions_floor_usage":[],"damage_taken":[{"damage":1.0,"enemies":"Jaw Worm","floor":1.0,"turns":3.0},{"damage":10.0,"enemies":"Small Slimes","floor":2.0,"turns":2.0},{"damage":7.0,"enemies":"2 Louse","floor":5.0,"turns":3.0},{"damage":19.0,"enemies":"Exordium Thugs","floor":7.0,"turns":3.0},{"damage":6.0,"enemies":"Red Slaver","floor":8.0,"turns":4.0},{"damage":7.0,"enemies":"Blue Slaver","floor":10.0,"turns":3.0},{"damage":0.0,"enemies":"Exordium Wildlife","floor":11.0,"turns":4.0},{"damage":43.0,"enemies":"Gremlin Nob","floor":12.0,"turns":5.0},{"damage":7.0,"enemies":"Slime Boss","floor":16.0,"turns":14.0},{"damage":28,"enemies":"3 Byrds","floor":18,"turns":5},{"damage":11,"enemies":"2 Thieves","floor":19,"turns":4},{"damage":17,"enemies":"Snake Plant","floor":21,"turns":5}],"seed_played":"-5315043397289204488","potions_obtained":[{"floor":7.0,"key":"FearPotion"},{"floor":8.0,"key":"SneckoOil"},{"floor":11.0,"key":"Regen Potion"},{"floor":21,"key":"Block Potion"}],"is_trial":false,"path_per_floor":["M","M","?","?","M","R","M","M","T","M","M","E","T","$","R","B",null,"M","M","?","M"],"character_chosen":"DEFECT","items_purchased":["Capacitor","Molten Egg 2"],"campfire_rested":1,"item_purchase_floors":[14,14],"current_hp_per_floor":[74,64,64,69,62,62,43,37,37,30,30,1,1,1,25,18,80,52,41,35,18],"gold":179,"neow_bonus":"THREE_CARDS","is_prod":false,"is_daily":false,"chose_seed":false,"campfire_upgraded":0,"win_rate":0,"timestamp":1548951088,"path_taken":["M","M","?","?","M","R","M","?","T","M","M","E","?","$","R","BOSS","M","M","?","M"],"build_version":"2019-01-23","purchased_purges":1,"victory":false,"max_hp_per_floor":[75,75,75,80,80,80,80,80,80,80,80,80,80,80,80,80,80,80,80,80,80],"card_choices":[{"not_picked":["Storm","Blizzard"],"picked":"Ball Lightning","floor":0.0},{"not_picked":["Compile Driver","Streamline"],"picked":"Tempest","floor":1.0},{"not_picked":["Beam Cell","Go for the Eyes"],"picked":"Coolheaded","floor":2.0},{"not_picked":["Compile Driver","Streamline"],"picked":"Heatsinks","floor":5.0},{"not_picked":["Doom and Gloom","Rebound"],"picked":"Stack","floor":7.0},{"not_picked":["Ball Lightning","BootSequence"],"picked":"Sunder","floor":8.0},{"not_picked":["Stack","Compile Driver"],"picked":"Go for the Eyes","floor":10.0},{"not_picked":["Stack","Auto Shields"],"picked":"BootSequence","floor":11.0},{"not_picked":["Fusion","Lockon"],"picked":"Buffer","floor":12.0},{"not_picked":["Reboot","Meteor Strike+1"],"picked":"Seek","floor":16.0},{"not_picked":["Melter+1","Turbo+1"],"picked":"Redo","floor":18},{"not_picked":["Hologram+1","Reinforced Body"],"picked":"BootSequence","floor":19},{"not_picked":["Rebound+1","Gash+1"],"picked":"Steam","floor":21}],"player_experience":109321,"relics_obtained":[{"floor":12.0,"key":"Anchor"},{"floor":13.0,"key":"Ornamental Fan"}],"event_choices":[{"damage_healed":0.0,"max_hp_gain":0.0,"max_hp_loss":0.0,"gold_gain":175.0,"event_name":"Liars Game","player_choice":"AGREE","floor":3.0,"gold_loss":0.0,"damage_taken":0.0,"cards_obtained":["Doubt"]},{"damage_healed":0.0,"max_hp_gain":5.0,"max_hp_loss":0.0,"gold_gain":0.0,"event_name":"Big Fish","player_choice":"Donut","floor":4.0,"gold_loss":0.0,"damage_taken":0.0},{"damage_healed":0,"gold_gain":0,"player_choice":"Joined the Cult","damage_taken":6,"max_hp_gain":0,"max_hp_loss":0,"event_name":"Nest","floor":20,"gold_loss":0,"cards_obtained":["RitualDagger"]}],"is_beta":false,"boss_relics":[{"not_picked":["Sozu","Black Star"],"picked":"Nuclear Battery"}],"items_purged_floors":[14],"is_endless":false,"potions_floor_spawned":[7,8,11,21],"killed_by":"Snake Plant","ascension_level":0}