{"gold_per_floor":[115,115,126,145,145,145,170,51,74,74,33,49,60,76,76,148,148,168,168,182,182,198,229,229,262,262,293,308,308,58,78,78,156,156,174,174,174,191,66,93,106,106,156,156,185,185,285,314,314,314],"floor_reached":50,"playtime":4271,"items_purged":["Pain","Strike_B","Strike_B"],"score":1326,"play_id":"81cdda69-cf94-4ecd-8af0-f81063b2be2c","local_time":"20190223225813","is_ascension_mode":true,"campfire_choices":[{"data":"Zap","floor":6.0,"key":"SMITH"},{"floor":10.0,"key":"REST"},{"data":"Go for the Eyes","floor":15.0,"key":"SMITH"},{"floor":24.0,"key":"REST"},{"floor":32.0,"key":"REST"},{"floor":42.0,"key":"REST"},{"floor":44.0,"key":"RECALL"},{"floor":49,"key":"REST"}],"neow_cost":"TEN_PERCENT_HP_LOSS","seed_source_timestamp":113322077912402,"circlet_count":0,"master_deck":["AscendersBane","Defend_B","Defend_B","Defend_B","Defend_B","Zap+1","Dualcast+1","Compile Driver","Conserve Battery","Compile Driver","FTL","Steam","Go for the Eyes+1","FTL","All For One","Hologram+1","Coolheaded","Steam","Scrape+1","FTL+1","Beam Cell","All For One","Seek","All For One","Dark Shackles","Gash","Hologram","Steam","Machine Learning+1","Darkness"],"special_seed":0,"relics":["Cracked Core","Lantern","WarpedTongs","Kunai","Orichalcum","Inserter","Blood Vial","Ornamental Fan","Ginger","Runic Pyramid","Blue Candle","Dream Catcher","War Paint","Prayer Wheel","Frozen Egg 2"],"potions_floor_usage":[50,50,50],"damage_taken":[{"damage":10.0,"enemies":"Small Slimes","floor":1.0,"turns":4.0},{"damage":2.0,"enemies":"2 Louse","floor":3.0,"turns":3.0},{"damage":0.0,"enemies":"Cultist","floor":4.0,"turns":4.0},{"damage":29.0,"enemies":"Gremlin Nob","floor":7.0,"turns":4.0},{"damage":4.0,"enemies":"Looter","floor":12.0,"turns":3.0},{"damage":0.0,"enemies":"Red Slaver","floor":13.0,"turns":3.0},{"damage":2.0,"enemies":"Exordium Wildlife","floor":14.0,"turns":4.0},{"damage":3.0,"enemies":"Hexaghost","floor":16.0,"turns":9.0},{"damage":16.0,"enemies":"Shell Parasite","floor":18.0,"turns":5.0},{"damage":0.0,"enemies":"Spheric Guardian","floor":20.0,"turns":3.0},{"damage":12.0,"enemies":"3 Cultists","floor":22.0,"turns":5.0},{"damage":0.0,"enemies":"Book of Stabbing","floor":23.0,"turns":4.0},{"damage":34.0,"enemies":"Slavers","floor":25.0,"turns":9.0},{"damage":0.0,"enemies":"Book of Stabbing","floor":27.0,"turns":4.0},{"damage":11.0,"enemies":"Snake Plant","floor":28.0,"turns":3.0},{"damage":0.0,"enemies":"Snecko","floor":31.0,"turns":3.0},{"damage":6.0,"enemies":"Champ","floor":33.0,"turns":10.0},{"damage":0.0,"enemies":"Orb Walker","floor":35.0,"turns":3.0},{"damage":3.0,"enemies":"3 Darklings","floor":38.0,"turns":6.0},{"damage":32.0,"enemies":"Reptomancer","floor":40.0,"turns":8.0},{"damage":4.0,"enemies":"Spire Growth","floor":41.0,"turns":6.0},{"damage":6.0,"enemies":"Nemesis","floor":45.0,"turns":7.0},{"damage":0.0,"enemies":"Mind Bloom Boss Battle","floor":47.0,"turns":7.0},{"damage":0,"enemies":"Reptomancer","floor":48,"turns":8},{"damage":70,"enemies":"Time Eater","floor":50,"turns":14}],"seed_played":"-1413340261524776859","potions_obtained":[{"floor":13.0,"key":"PowerPotion"},{"floor":14.0,"key":"AttackPotion"},{"floor":16.0,"key":"LiquidBronze"},{"floor":22.0,"key":"Regen Potion"},{"floor":25.0,"key":"Dexterity Potion"},{"floor":28.0,"key":"Weak Potion"},{"floor":33.0,"key":"Block Potion"},{"floor":41.0,"key":"Block Potion"},{"floor":45.0,"key":"EntropicBrew"}],"is_trial":false,"path_per_floor":["M","?","M","M","?","R","E","$","T","R","$","M","M","M","R","B",null,"M","?","M","?","M","E","R","E","T","E","M","$","$","M","R","B",null,"M","?","$","M","$","E","M","R","T","R","E","?","?","E","R","B"],"character_chosen":"DEFECT","items_purchased":["FTL","Static Discharge","All For One"],"campfire_rested":5,"item_purchase_floors":[8,11,30],"current_hp_per_floor":[54,43,41,41,41,41,12,12,12,31,31,27,27,25,25,22,54,38,38,38,32,20,32,51,19,19,21,12,12,12,14,33,29,55,57,57,57,56,56,26,24,43,43,43,39,39,41,43,62,0],"gold":314,"neow_bonus":"REMOVE_TWO","is_prod":false,"is_daily":false,"chose_seed":false,"campfire_upgraded":2,"win_rate":0,"timestamp":1550991493,"path_taken":["M","?","M","M","?","R","E","$","T","R","$","M","?","M","R","BOSS","M","?","?","?","?","E","R","E","T","E","M","?","$","M","R","BOSS","M","?","$","M","$","E","M","R","T","R","E","?","?","E","R","BOSS"],"build_version":"2019-02-06","purchased_purges":3,"victory":false,"max_hp_per_floor":[64,64,64,64,64,64,64,64,64,64,64,64,64,64,64,64,64,64,64,64,64,64,64,64,64,64,64,64,64,64,64,64,64,64,64,64,64,64,64,64,64,64,64,64,64,64,64,64,64,64],"card_choices":[{"not_picked":["Barrage","Stack"],"picked":"Compile Driver","floor":1.0},{"not_picked":["Coolheaded","Double Energy"],"picked":"Conserve Battery","floor":3.0},{"not_picked":["Genetic Algorithm","Stack"],"picked":"Compile Driver","floor":4.0},{"not_picked":["Barrage","Turbo","Heatsinks"],"picked":"SKIP","floor":7.0},{"not_picked":["Skim","Doom and Gloom"],"picked":"Steam","floor":12.0},{"not_picked":["Conserve Battery","Sunder"],"picked":"Go for the Eyes","floor":13.0},{"not_picked":["Loop","Sweeping Beam"],"picked":"FTL","floor":14.0},{"not_picked":["Fission","Seek"],"picked":"All For One","floor":16.0},{"not_picked":["Barrage","Blizzard"],"picked":"Hologram","floor":18.0},{"not_picked":["Go for the Eyes","Storm"],"picked":"Coolheaded","floor":20.0},{"not_picked":["Streamline","White Noise"],"picked":"Steam","floor":22.0},{"not_picked":["Stack","Capacitor"],"picked":"Scrape+1","floor":23.0},{"not_picked":["Turbo","Hologram"],"picked":"FTL+1","floor":25.0},{"not_picked":["Auto Shields+1","Ball Lightning"],"picked":"Beam Cell","floor":27.0},{"not_picked":["Steam Power","Sunder","Ball Lightning"],"picked":"SKIP","floor":28.0},{"not_picked":["Scrape","Rip and Tear"],"picked":"Seek","floor":31.0},{"not_picked":["Echo Form","Multi-Cast"],"picked":"All For One","floor":33.0},{"not_picked":["Redo","Hologram","Rip and Tear"],"picked":"SKIP","floor":35.0},{"not_picked":["Dramatic Entrance","Violence"],"picked":"Dark Shackles","floor":36.0},{"not_picked":["Genetic Algorithm","Rebound","Beam Cell"],"picked":"SKIP","floor":38.0},{"not_picked":["Rebound","Sweeping Beam+1","Cold Snap+1"],"picked":"SKIP","floor":40.0},{"not_picked":["Loop","BootSequence"],"picked":"Gash","floor":41.0},{"not_picked":["Hyperbeam","Ball Lightning"],"picked":"Hologram","floor":45.0},{"not_picked":["Go for the Eyes","FTL+1"],"picked":"Steam","floor":47.0},{"not_picked":["Auto Shields","Undo"],"picked":"Machine Learning","floor":48},{"not_picked":["Conserve Battery","Aggregate"],"picked":"Darkness","floor":49}],"player_experience":1345842,"relics_obtained":[{"floor":7.0,"key":"Kunai"},{"floor":9.0,"key":"Orichalcum"},{"floor":23.0,"key":"Blood Vial"},{"floor":25.0,"key":"Ornamental Fan"},{"floor":27.0,"key":"Ginger"},{"floor":40.0,"key":"Blue Candle"},{"floor":43.0,"key":"Dream Catcher"},{"floor":45.0,"key":"War Paint"},{"floor":47.0,"key":"Prayer Wheel"},{"floor":48,"key":"Frozen Egg 2"}],"event_choices":[{"damage_healed":0.0,"max_hp_gain":0.0,"max_hp_loss":0.0,"gold_gain":0.0,"event_name":"Scrap Ooze","player_choice":"Success","floor":2.0,"gold_loss":0.0,"damage_taken":11.0,"relics_obtained":["Lantern"]},{"damage_healed":0.0,"max_hp_gain":0.0,"max_hp_loss":0.0,"gold_gain":0.0,"event_name":"Accursed Blacksmith","player_choice":"Rummage","floor":5.0,"gold_loss":0.0,"damage_taken":0.0,"relics_obtained":["WarpedTongs"],"cards_obtained":["Pain"]},{"damage_healed":0.0,"max_hp_gain":0.0,"max_hp_loss":0.0,"gold_gain":0.0,"event_name":"N\u0027loth","player_choice":"Ignored","floor":19.0,"gold_loss":0.0,"damage_taken":0.0},{"damage_healed":0.0,"max_hp_gain":0.0,"max_hp_loss":0.0,"gold_gain":0.0,"event_name":"Knowing Skull","player_choice":"","floor":21.0,"potions_obtained":[],"gold_loss":0.0,"damage_taken":6.0,"cards_obtained":[]},{"damage_healed":0.0,"max_hp_gain":0.0,"max_hp_loss":0.0,"gold_gain":0.0,"event_name":"SensoryStone","player_choice":"Memory 1","floor":36.0,"gold_loss":0.0,"damage_taken":0.0},{"cards_removed":["Static Discharge"],"damage_healed":0.0,"max_hp_gain":0.0,"max_hp_loss":0.0,"gold_gain":0.0,"event_name":"Falling","player_choice":"Removed Power","floor":46.0,"gold_loss":0.0,"damage_taken":0.0},{"damage_healed":0.0,"max_hp_gain":0.0,"max_hp_loss":0.0,"gold_gain":0.0,"event_name":"MindBloom","player_choice":"Fight","floor":47.0,"gold_loss":0.0,"damage_taken":0.0}],"is_beta":true,"boss_relics":[{"not_picked":["Coffee Dripper","FrozenCore"],"picked":"Inserter"},{"not_picked":["Cursed Key","Fusion Hammer"],"picked":"Runic Pyramid"}],"items_purged_floors":[8,30,39],"is_endless":false,"potions_floor_spawned":[13,14,16,18,22,25,28,33,41,45],"killed_by":"Time Eater","ascension_level":20}