{"gold_per_floor":[113,9,9,29,47,47,79,95,95,114,148,166,196,215,215,293,293,311,323,323,93,104,104],"floor_reached":23,"playtime":3434,"items_purged":["Shame"],"score":430,"play_id":"a750d764-0e5f-4d50-9805-c5fbe5c4155e","local_time":"20181113235046","is_ascension_mode":true,"campfire_choices":[{"data":"Whirlwind","floor":6.0,"key":"SMITH"},{"floor":15.0,"key":"REST"}],"neow_cost":"CURSE","seed_source_timestamp":0,"circlet_count":0,"master_deck":["AscendersBane","Strike_R","Strike_R","Strike_R","Defend_R","Defend_R","Defend_R","Bash","Whirlwind+1","Carnage","Pommel Strike","True Grit","Pommel Strike","Ghostly Armor","Shrug It Off","Corruption","Burning Pact","Warcry","Feel No Pain","True Grit","Evolve","Dark Embrace","Ghostly","Ghostly","Ghostly","Flex"],"special_seed":0,"relics":["Burning Blood","Letter Opener","Sundial","Darkstone Periapt","Shuriken","Runic Pyramid","Chemical X"],"potions_floor_usage":[23,23],"damage_taken":[{"damage":0.0,"enemies":"Small Slimes","floor":1.0,"turns":2.0},{"damage":0.0,"enemies":"2 Louse","floor":4.0,"turns":2.0},{"damage":2.0,"enemies":"Jaw Worm","floor":5.0,"turns":3.0},{"damage":30.0,"enemies":"3 Sentries","floor":7.0,"turns":9.0},{"damage":0.0,"enemies":"Large Slime","floor":8.0,"turns":4.0},{"damage":32.0,"enemies":"Gremlin Gang","floor":10.0,"turns":3.0},{"damage":10.0,"enemies":"Lagavulin","floor":11.0,"turns":6.0},{"damage":6.0,"enemies":"Exordium Wildlife","floor":12.0,"turns":3.0},{"damage":10.0,"enemies":"3 Sentries","floor":13.0,"turns":8.0},{"damage":4.0,"enemies":"3 Louse","floor":14.0,"turns":3.0},{"damage":12.0,"enemies":"Slime Boss","floor":16.0,"turns":7.0},{"damage":0.0,"enemies":"Chosen","floor":18.0,"turns":7.0},{"damage":46.0,"enemies":"2 Thieves","floor":19.0,"turns":5.0},{"damage":0.0,"enemies":"Cultist and Chosen","floor":22.0,"turns":7.0},{"damage":40,"enemies":"Book of Stabbing","floor":23,"turns":6}],"seed_played":"-7253726098453711014","potions_obtained":[{"floor":7.0,"key":"GamblersBrew"},{"floor":11.0,"key":"Fire Potion"},{"floor":13.0,"key":"SkillPotion"},{"floor":14.0,"key":"BloodPotion"}],"is_trial":false,"path_per_floor":["M","$","?","M","M","R","E","M","T","M","E","M","E","M","R","B",null,"M","M","?","$","M","E"],"character_chosen":"IRONCLAD","items_purchased":["True Grit","Chemical X"],"campfire_rested":1,"item_purchase_floors":[2,21],"current_hp_per_floor":[74,74,67,73,75,75,51,57,57,31,27,27,23,25,47,41,67,73,33,33,33,37,0],"gold":104,"neow_bonus":"TRANSFORM_TWO_CARDS","is_prod":false,"is_daily":false,"chose_seed":false,"campfire_upgraded":1,"win_rate":0,"timestamp":1542145846,"path_taken":["M","$","?","M","M","R","E","M","T","M","E","M","E","M","R","BOSS","M","M","?","$","M","E"],"build_version":"2018-11-12","purchased_purges":1,"victory":false,"max_hp_per_floor":[75,75,75,75,75,75,75,75,75,75,75,75,75,75,75,75,75,75,75,37,37,37,37],"card_choices":[{"not_picked":["Clash","Body Slam"],"picked":"Pommel Strike","floor":1.0},{"not_picked":["Sword Boomerang","Cleave"],"picked":"Pommel Strike","floor":4.0},{"not_picked":["Flex","Carnage"],"picked":"Ghostly Armor","floor":5.0},{"not_picked":["Thunderclap","Dropkick"],"picked":"Shrug It Off","floor":7.0},{"not_picked":["Cleave","Anger"],"picked":"Corruption","floor":8.0},{"not_picked":["Clothesline","Cleave"],"picked":"Burning Pact","floor":10.0},{"not_picked":["Blood for Blood","Hemokinesis"],"picked":"Warcry","floor":11.0},{"not_picked":["Thunderclap","Brutality"],"picked":"Feel No Pain","floor":12.0},{"not_picked":["Cleave","Thunderclap"],"picked":"True Grit","floor":13.0},{"not_picked":["Whirlwind","Perfected Strike"],"picked":"Evolve","floor":14.0},{"not_picked":["Juggernaut","Reaper"],"picked":"Dark Embrace","floor":16.0},{"not_picked":["Perfected Strike+1","Wild Strike+1","Twin Strike"],"picked":"SKIP","floor":18.0},{"not_picked":["Thunderclap+1","Corruption","Searing Blow"],"picked":"SKIP","floor":19.0},{"not_picked":["Evolve","Armaments"],"picked":"Flex","floor":22.0}],"player_experience":644291,"relics_obtained":[{"floor":7.0,"key":"Letter Opener"},{"floor":9.0,"key":"Sundial"},{"floor":11.0,"key":"Darkstone Periapt"},{"floor":13.0,"key":"Shuriken"}],"event_choices":[{"cards_removed":["Strike_R"],"damage_healed":0.0,"max_hp_gain":0.0,"max_hp_loss":0.0,"gold_gain":0.0,"event_name":"Golden Wing","player_choice":"Card Removal","floor":3.0,"gold_loss":0.0,"damage_taken":7.0},{"damage_healed":0.0,"max_hp_gain":0.0,"max_hp_loss":38.0,"gold_gain":0.0,"event_name":"Ghosts","player_choice":"Became a Ghost","floor":20.0,"gold_loss":0.0,"damage_taken":0.0,"cards_obtained":["Ghostly","Ghostly","Ghostly"]}],"is_beta":true,"boss_relics":[{"not_picked":["Black Star","Empty Cage"],"picked":"Runic Pyramid"}],"items_purged_floors":[2],"is_endless":false,"potions_floor_spawned":[7,11,12,13,14,16,22],"killed_by":"Book of Stabbing","ascension_level":20}