{"gold_per_floor":[112,130,130,55,66,66,66,77,128,128],"floor_reached":10,"playtime":678,"items_purged":[],"score":116,"play_id":"2eea4a81-8f49-4888-83f4-c4e7147dffc7","local_time":"20181116163937","is_ascension_mode":true,"campfire_choices":[],"neow_cost":"NONE","seed_source_timestamp":179791856485362,"circlet_count":0,"master_deck":["AscendersBane","Defend_G","Defend_G","Defend_G","Defend_G","Defend_G","Strike_G","Strike_G","Survivor","Neutralize+1","Infinite Blades+1","Deflect","Flying Knee","Dagger Throw","Cloak And Dagger","PiercingWail"],"relics":["Ring of the Snake","Ginger","Snake Skull"],"potions_floor_usage":[10],"damage_taken":[{"damage":0,"enemies":"2 Louse","floor":1,"turns":5},{"damage":3,"enemies":"Jaw Worm","floor":2,"turns":7},{"damage":1,"enemies":"Cultist","floor":5,"turns":4},{"damage":0,"enemies":"2 Fungi Beasts","floor":8,"turns":4},{"damage":35,"enemies":"Lagavulin","floor":10,"turns":10}],"seed_played":"-5914772904467531222","potions_obtained":[{"floor":2,"key":"Swift Potion"}],"is_trial":false,"path_per_floor":["M","M","?","?","M","T","?","M","T","E"],"character_chosen":"THE_SILENT","items_purchased":[],"campfire_rested":0,"item_purchase_floors":[],"current_hp_per_floor":[59,56,56,56,55,55,35,35,35,0],"gold":128,"neow_bonus":"TRANSFORM_CARD","is_prod":false,"is_daily":false,"chose_seed":false,"campfire_upgraded":0,"win_rate":0,"timestamp":1542379177,"path_taken":["M","M","?","?","M","?","?","?","T","E"],"build_version":"2018-11-15","purchased_purges":0,"victory":false,"max_hp_per_floor":[66,66,66,66,66,66,66,66,66,66],"card_choices":[{"not_picked":["Deadly Poison","Quick Slash"],"picked":"Deflect","floor":1},{"not_picked":["Underhanded Strike","Outmaneuver"],"picked":"Flying Knee","floor":2},{"not_picked":["Bouncing Flask","Endless Agony"],"picked":"Cloak And Dagger","floor":5},{"not_picked":["Caltrops","Catalyst"],"picked":"PiercingWail","floor":8}],"player_experience":662788,"relics_obtained":[{"floor":6,"key":"Ginger"},{"floor":9,"key":"Snake Skull"}],"event_choices":[{"damage_healed":0,"gold_gain":0,"cards_transformed":["Strike_G"],"player_choice":"Change","damage_taken":0,"max_hp_gain":0,"max_hp_loss":0,"event_name":"Living Wall","floor":3,"gold_loss":0,"cards_obtained":["Dagger Throw"]},{"cards_removed":["Strike_G"],"damage_healed":0,"gold_gain":0,"player_choice":"Card Removal","damage_taken":0,"max_hp_gain":0,"max_hp_loss":0,"event_name":"The Cleric","floor":4,"gold_loss":75},{"damage_healed":0,"gold_gain":0,"player_choice":"Entered Light","damage_taken":20,"max_hp_gain":0,"max_hp_loss":0,"event_name":"Shining Light","floor":7,"gold_loss":0,"cards_upgraded":["Neutralize","Infinite Blades"]}],"is_beta":true,"boss_relics":[],"items_purged_floors":[],"is_endless":false,"potions_floor_spawned":[2],"killed_by":"Lagavulin","ascension_level":20}