{"gold_per_floor":[114,128,140,152,170,202,202,216,294,324,324,424,424,439,439,540,540,558,575,575,586,598,623,40,103,103,103,118,130,30,42,42,42],"floor_reached":33,"playtime":3222,"items_purged":["Pain","Strike_G"],"score":364,"play_id":"74cae8fa-80a4-4579-aa5d-b5c4043c51af","local_time":"20190105193656","is_ascension_mode":true,"campfire_choices":[{"data":"Envenom","floor":7.0,"key":"SMITH"},{"floor":13,"key":"REST"},{"data":"Footwork","floor":15,"key":"SMITH"},{"data":"After Image","floor":27,"key":"SMITH"},{"data":"Leg Sweep","floor":32,"key":"SMITH"}],"neow_cost":"TEN_PERCENT_HP_LOSS","seed_source_timestamp":0,"circlet_count":0,"master_deck":["Defend_G","Defend_G","Defend_G","Defend_G","Defend_G","Strike_G","Strike_G","Strike_G","Strike_G","Survivor","Neutralize","Eviscerate","Expertise","Leg Sweep+1","Infinite Blades","Footwork+1","Envenom+1","Dagger Throw","Underhanded Strike","Backflip","Unload","Underhanded Strike","Dagger Throw","Terror","Acrobatics+1","Backflip","After Image+1","Reflex","Cloak And Dagger+1","Venomology"],"special_seed":0,"relics":["Ring of the Snake","Tingsha","Darkstone Periapt","Paper Crane","Mummified Hand","Philosopher\u0027s Stone","WarpedTongs","Unceasing Top","Lee\u0027s Waffle","Torii","Tiny Chest","Frozen Egg 2"],"potions_floor_usage":[18,19,25,25,25,29,31,31,33],"damage_taken":[{"damage":0.0,"enemies":"Cultist","floor":1.0,"turns":4.0},{"damage":0.0,"enemies":"2 Louse","floor":2.0,"turns":3.0},{"damage":2.0,"enemies":"Small Slimes","floor":3.0,"turns":4.0},{"damage":1.0,"enemies":"Red Slaver","floor":4.0,"turns":5.0},{"damage":1.0,"enemies":"Looter","floor":5.0,"turns":5.0},{"damage":11.0,"enemies":"3 Sentries","floor":6.0,"turns":8.0},{"damage":2.0,"enemies":"Blue Slaver","floor":8.0,"turns":5.0},{"damage":30.0,"enemies":"Gremlin Nob","floor":10.0,"turns":5.0},{"damage":3,"enemies":"Large Slime","floor":14,"turns":6},{"damage":14,"enemies":"Hexaghost","floor":16,"turns":15},{"damage":3,"enemies":"2 Thieves","floor":18,"turns":3},{"damage":5,"enemies":"3 Byrds","floor":19,"turns":5},{"damage":8,"enemies":"Snake Plant","floor":21,"turns":4},{"damage":1,"enemies":"Snecko","floor":22,"turns":3},{"damage":30,"enemies":"Book of Stabbing","floor":23,"turns":6},{"damage":2,"enemies":"Gremlin Leader","floor":25,"turns":5},{"damage":1,"enemies":"Shelled Parasite and Fungi","floor":28,"turns":5},{"damage":10,"enemies":"Centurion and Healer","floor":29,"turns":4},{"damage":0,"enemies":"Snecko","floor":31,"turns":3},{"damage":63,"enemies":"Automaton","floor":33,"turns":6}],"seed_played":"-6884605163706265969","potions_obtained":[{"floor":2.0,"key":"LiquidBronze"},{"floor":3.0,"key":"FearPotion"},{"floor":5.0,"key":"Strength Potion"},{"floor":8.0,"key":"LiquidBronze"},{"floor":16,"key":"SkillPotion"},{"floor":18,"key":"Weak Potion"},{"floor":21,"key":"Weak Potion"},{"floor":23,"key":"EntropicBrew"},{"floor":25,"key":"Swift Potion"}],"is_trial":false,"path_per_floor":["M","M","M","M","M","E","R","M","T","E","?","?","R","M","R","B",null,"M","M","?","M","M","E","$","E","T","R","M","M","$","M","R","B"],"character_chosen":"THE_SILENT","items_purchased":["Lee\u0027s Waffle","Torii"],"campfire_rested":1,"item_purchase_floors":[24,24],"current_hp_per_floor":[63,63,61,60,59,48,48,46,46,16,16,16,34,31,31,17,63,60,55,61,53,52,22,76,74,74,74,73,63,63,63,63,0],"gold":42,"neow_bonus":"ONE_RARE_RELIC","is_prod":false,"is_daily":false,"chose_seed":false,"campfire_upgraded":4,"win_rate":0,"timestamp":1546745816,"path_taken":["M","M","M","M","M","E","R","M","T","E","?","?","R","M","R","BOSS","M","M","?","?","M","E","?","E","T","R","M","M","$","M","R","BOSS"],"build_version":"2019-01-03v4","purchased_purges":2,"victory":false,"max_hp_per_floor":[63,63,63,63,63,63,63,63,63,63,63,63,63,63,63,63,63,63,63,69,69,69,69,76,76,76,76,76,76,76,76,76,76],"card_choices":[{"not_picked":["Dagger Spray","Dodge and Roll"],"picked":"Eviscerate","floor":1.0},{"not_picked":["Caltrops","Outmaneuver"],"picked":"Expertise","floor":2.0},{"not_picked":["Outmaneuver","Dodge and Roll"],"picked":"Leg Sweep","floor":3.0},{"not_picked":["Quick Slash","Poisoned Stab"],"picked":"Infinite Blades","floor":4.0},{"not_picked":["Backflip","Underhanded Strike"],"picked":"Footwork","floor":5.0},{"not_picked":["Backflip","Noxious Fumes"],"picked":"Envenom","floor":6.0},{"not_picked":["Flying Knee","Well Laid Plans"],"picked":"Dagger Throw","floor":8.0},{"not_picked":["Acrobatics","Flying Knee"],"picked":"Underhanded Strike","floor":10},{"not_picked":["Night Terror","Quick Slash"],"picked":"Backflip","floor":14},{"not_picked":["Burst","Wraith Form v2"],"picked":"Unload","floor":16},{"not_picked":["Poisoned Stab","Deflect"],"picked":"Underhanded Strike","floor":18},{"not_picked":["Dagger Spray","Flechettes"],"picked":"Dagger Throw","floor":19},{"not_picked":["Backflip","Choke+1"],"picked":"Terror","floor":21},{"not_picked":["Riddle With Holes","Dodge and Roll"],"picked":"Acrobatics+1","floor":22},{"not_picked":["Slice","Eviscerate+1"],"picked":"Backflip","floor":23},{"not_picked":["Dodge and Roll","Outmaneuver"],"picked":"After Image","floor":25},{"not_picked":["Slice","Deadly Poison"],"picked":"Reflex","floor":28},{"not_picked":["Deadly Poison","Underhanded Strike"],"picked":"Cloak And Dagger+1","floor":29},{"not_picked":["Flying Knee","Blade Dance"],"picked":"Venomology","floor":31}],"player_experience":156729,"relics_obtained":[{"floor":6.0,"key":"Darkstone Periapt"},{"floor":9.0,"key":"Paper Crane"},{"floor":10,"key":"Mummified Hand"},{"floor":23,"key":"Unceasing Top"},{"floor":25,"key":"Tiny Chest"},{"floor":26,"key":"Frozen Egg 2"}],"event_choices":[{"damage_healed":0,"gold_gain":0,"player_choice":"Searched \u00270\u0027 times","damage_taken":0,"max_hp_gain":0,"max_hp_loss":0,"event_name":"Dead Adventurer","floor":11,"gold_loss":0},{"damage_healed":0,"gold_gain":100,"player_choice":"Pray","damage_taken":0,"max_hp_gain":0,"max_hp_loss":0,"event_name":"Golden Shrine","floor":12,"gold_loss":0},{"damage_healed":0,"gold_gain":0,"player_choice":"Rummage","damage_taken":0,"relics_obtained":["WarpedTongs"],"max_hp_gain":0,"max_hp_loss":0,"event_name":"Accursed Blacksmith","floor":20,"gold_loss":0,"cards_obtained":["Pain"]}],"is_beta":false,"boss_relics":[{"not_picked":["Busted Crown","Velvet Choker"],"picked":"Philosopher\u0027s Stone"}],"items_purged_floors":[24,30],"is_endless":false,"potions_floor_spawned":[2,3,5,8,16,18,21,23,25],"killed_by":"Automaton","ascension_level":4}