{"gold_per_floor":[114,6,6,6,16,43,43,43,67,100,26,39,57,83,83,185,185,185],"floor_reached":18,"playtime":1137,"items_purged":["Strike_R"],"score":225,"play_id":"2c0dacd1-e683-488b-8146-214b64e43d9a","local_time":"20190310001314","is_ascension_mode":true,"campfire_choices":[{"data":"Shockwave","floor":8,"key":"SMITH"},{"floor":15,"key":"REST"}],"neow_cost":"NONE","seed_source_timestamp":29590968431971,"circlet_count":0,"master_deck":["Strike_R","Defend_R","Defend_R","Defend_R","Defend_R","Bash","Shockwave+1","Evolve","Double Tap","Armaments","Metallicize","Feed","Impervious"],"relics":["Burning Blood","NeowsBlessing","Bag of Preparation","Regal Pillow","Champion Belt","Question Card","Blood Vial","Empty Cage"],"potions_floor_usage":[10,12,14],"damage_taken":[{"damage":0,"enemies":"Cultist","floor":1,"turns":1},{"damage":0,"enemies":"Jaw Worm","floor":3,"turns":1},{"damage":1,"enemies":"Small Slimes","floor":5,"turns":2},{"damage":35,"enemies":"Gremlin Nob","floor":6,"turns":5},{"damage":27,"enemies":"Lagavulin","floor":10,"turns":9},{"damage":24,"enemies":"Gremlin Gang","floor":12,"turns":11},{"damage":1,"enemies":"2 Fungi Beasts","floor":13,"turns":6},{"damage":9,"enemies":"3 Sentries","floor":14,"turns":12},{"damage":55,"enemies":"The Guardian","floor":16,"turns":25},{"damage":76,"enemies":"3 Byrds","floor":18,"turns":12}],"seed_played":"8169412518472640400","potions_obtained":[{"floor":5,"key":"Block Potion"},{"floor":6,"key":"EssenceOfSteel"},{"floor":13,"key":"EssenceOfSteel"}],"is_trial":false,"path_per_floor":["M","$","M","?","M","E","$","R","T","E","?","M","M","E","R","B",null,"M"],"character_chosen":"IRONCLAD","items_purchased":["Evolve"],"campfire_rested":1,"item_purchase_floors":[2],"current_hp_per_floor":[80,80,80,80,80,51,51,51,51,30,30,12,20,20,60,13,68,0],"gold":185,"neow_bonus":"THREE_ENEMY_KILL","is_prod":false,"is_daily":false,"chose_seed":false,"campfire_upgraded":1,"win_rate":0,"timestamp":1552194794,"path_taken":["M","?","M","?","?","E","$","R","T","E","?","M","M","E","R","BOSS","M"],"build_version":"2019-01-23","purchased_purges":1,"victory":false,"max_hp_per_floor":[80,80,80,80,80,80,80,80,80,80,80,80,83,86,86,86,86,90],"card_choices":[{"not_picked":["True Grit","Pommel Strike"],"picked":"Shockwave","floor":1},{"not_picked":["Iron Wave","Sword Boomerang","Cleave"],"picked":"SKIP","floor":3},{"not_picked":["Fire Breathing","Blood for Blood"],"picked":"Armaments","floor":5},{"not_picked":["Intimidate","Twin Strike"],"picked":"Metallicize","floor":6},{"not_picked":["Bloodletting","Evolve","Battle Trance"],"picked":"SKIP","floor":10},{"not_picked":["Disarm","Clothesline","Warcry"],"picked":"Feed","floor":12},{"not_picked":["Pummel","Infernal Blade","Pommel Strike","Twin Strike"],"picked":"SKIP","floor":13},{"not_picked":["Pommel Strike","True Grit","Infernal Blade","Sword Boomerang"],"picked":"SKIP","floor":14},{"not_picked":["Brutality","Barricade","Double Tap"],"picked":"Impervious","floor":16}],"player_experience":285766,"relics_obtained":[{"floor":6,"key":"Bag of Preparation"},{"floor":9,"key":"Regal Pillow"},{"floor":10,"key":"Champion Belt"},{"floor":14,"key":"Blood Vial"}],"event_choices":[{"damage_healed":0,"gold_gain":0,"cards_transformed":["Strike_R"],"player_choice":"Transformed","damage_taken":0,"max_hp_gain":0,"max_hp_loss":0,"event_name":"Transmorgrifier","floor":4,"gold_loss":0,"cards_obtained":["Double Tap"]},{"damage_healed":0,"gold_gain":0,"player_choice":"Paid Gold","damage_taken":0,"relics_obtained":["Question Card"],"max_hp_gain":0,"max_hp_loss":0,"event_name":"WeMeetAgain","floor":11,"gold_loss":74}],"is_beta":false,"boss_relics":[{"not_picked":["Pandora\u0027s Box","Runic Dome"],"picked":"Empty Cage"}],"items_purged_floors":[2],"is_endless":false,"potions_floor_spawned":[5,6,13],"killed_by":"3 Byrds","ascension_level":5}