{"gold_per_floor":[110,120,120,70,245,273,273,283,283,283,293,293,293],"floor_reached":13,"playtime":260,"items_purged":[],"score":162,"play_id":"d4fd9a61-9942-4110-a55d-9401c165b903","local_time":"20190316033433","is_ascension_mode":true,"campfire_choices":[{"data":"Armaments","floor":7,"key":"SMITH"}],"neow_cost":"NONE","seed_source_timestamp":172961655123057,"circlet_count":0,"master_deck":["AscendersBane","Strike_R","Strike_R","Strike_R","Strike_R","Defend_R","Defend_R","Defend_R","Defend_R","Bash","Cleave","Rage","Flex","Doubt","Armaments+1","Infernal Blade","True Grit"],"relics":["Burning Blood","NeowsBlessing","Question Card","Pear","Magic Flower","Unceasing Top"],"potions_floor_usage":[8],"damage_taken":[{"damage":0,"enemies":"Small Slimes","floor":1,"turns":1},{"damage":0,"enemies":"Cultist","floor":2,"turns":1},{"damage":0,"enemies":"3 Sentries","floor":6,"turns":2},{"damage":0,"enemies":"2 Louse","floor":8,"turns":1},{"damage":6,"enemies":"Exordium Wildlife","floor":11,"turns":3},{"damage":129,"enemies":"Gremlin Nob","floor":13,"turns":7}],"seed_played":"-6052977563780572132","potions_obtained":[{"floor":2,"key":"SteroidPotion"}],"is_trial":false,"path_per_floor":["M","M","?","$","?","E","R","M","T","T","M","?","E"],"character_chosen":"IRONCLAD","items_purchased":["Flex"],"campfire_rested":0,"item_purchase_floors":[4],"current_hp_per_floor":[78,80,80,80,80,80,80,80,90,90,90,83,0],"gold":293,"neow_bonus":"THREE_ENEMY_KILL","is_prod":false,"is_daily":false,"chose_seed":false,"campfire_upgraded":1,"win_rate":0,"timestamp":1552674873,"path_taken":["M","M","?","?","?","E","R","?","T","?","M","?","E"],"build_version":"2019-01-23","purchased_purges":0,"victory":false,"max_hp_per_floor":[80,80,80,80,80,80,80,80,90,90,90,90,90],"card_choices":[{"not_picked":["Iron Wave","Armaments"],"picked":"Cleave","floor":1},{"not_picked":["Dark Embrace","Iron Wave"],"picked":"Rage","floor":2},{"not_picked":["Bloodletting","Intimidate"],"picked":"Armaments","floor":6},{"not_picked":["Warcry","Blood for Blood","Armaments"],"picked":"Infernal Blade","floor":8},{"not_picked":["Anger","Carnage","Corruption"],"picked":"True Grit","floor":11}],"player_experience":534569,"relics_obtained":[{"floor":6,"key":"Question Card"},{"floor":9,"key":"Pear"},{"floor":10,"key":"Magic Flower"}],"event_choices":[{"cards_removed":["Strike_R"],"damage_healed":0,"gold_gain":0,"player_choice":"Purged","damage_taken":0,"max_hp_gain":0,"max_hp_loss":0,"event_name":"Purifier","floor":3,"gold_loss":0},{"damage_healed":0,"gold_gain":175,"player_choice":"AGREE","damage_taken":0,"max_hp_gain":0,"max_hp_loss":0,"event_name":"Liars Game","floor":5,"gold_loss":0,"cards_obtained":["Doubt"]},{"damage_healed":0,"gold_gain":0,"player_choice":"Success","damage_taken":7,"relics_obtained":["Unceasing Top"],"max_hp_gain":0,"max_hp_loss":0,"event_name":"Scrap Ooze","floor":12,"gold_loss":0}],"is_beta":false,"boss_relics":[],"items_purged_floors":[],"is_endless":false,"potions_floor_spawned":[2],"killed_by":"Gremlin Nob","ascension_level":10}