{"gold_per_floor":[111,36,48,66,79,79,93,93,117,142,166,178,225,248,260,272],"floor_reached":16,"playtime":1333,"items_purged":[],"score":196,"play_id":"c0acdb28-4389-4a4b-81ee-0fe6be227d91","local_time":"20190213223323","is_ascension_mode":true,"campfire_choices":[{"data":"Dagger Spray","floor":6,"key":"SMITH"},{"data":"Dagger Spray","floor":8,"key":"SMITH"},{"data":"Neutralize","floor":12,"key":"SMITH"},{"data":"Backflip","floor":15,"key":"SMITH"}],"neow_cost":"NONE","seed_source_timestamp":1897494233861,"circlet_count":0,"master_deck":["AscendersBane","Defend_G","Defend_G","Defend_G","Defend_G","Defend_G","Strike_G","Strike_G","Strike_G","Strike_G","Survivor","Neutralize+1","Quick Slash","Dagger Spray+1","Dagger Spray+1","Slice","Leg Sweep","Crippling Poison","Die Die Die","Backflip+1"],"relics":["Ring of the Snake","Oddly Smooth Stone","MawBank","Bronze Scales"],"potions_floor_usage":[13,16],"damage_taken":[{"damage":3,"enemies":"Small Slimes","floor":1,"turns":4},{"damage":0,"enemies":"Jaw Worm","floor":3,"turns":6},{"damage":0,"enemies":"Cultist","floor":4,"turns":3},{"damage":15,"enemies":"Red Slaver","floor":5,"turns":4},{"damage":0,"enemies":"Looter","floor":7,"turns":4},{"damage":0,"enemies":"Exordium Thugs","floor":10,"turns":3},{"damage":0,"enemies":"Blue Slaver","floor":11,"turns":5},{"damage":7,"enemies":"Gremlin Nob","floor":13,"turns":5},{"damage":0,"enemies":"Looter","floor":14,"turns":3},{"damage":0,"enemies":"The Guardian","floor":16,"turns":8}],"seed_played":"-8386823233513376978","potions_obtained":[{"floor":3,"key":"Swift Potion"},{"floor":5,"key":"Energy Potion"},{"floor":7,"key":"PowerPotion"}],"is_trial":false,"path_per_floor":["M","?","M","M","M","R","M","R","T","M","M","R","E","M","R","B"],"character_chosen":"THE_SILENT","items_purchased":[],"campfire_rested":0,"item_purchase_floors":[],"current_hp_per_floor":[56,56,56,56,41,41,41,41,41,41,41,41,34,34,34,34],"gold":272,"neow_bonus":"RANDOM_COMMON_RELIC","is_prod":false,"is_daily":false,"chose_seed":false,"campfire_upgraded":4,"win_rate":0,"timestamp":1550126003,"path_taken":["M","?","M","M","M","R","M","R","T","M","M","R","E","M","R","BOSS"],"build_version":"2019-01-23","purchased_purges":0,"victory":false,"max_hp_per_floor":[66,66,66,66,66,66,66,66,66,66,66,66,66,66,66,66],"card_choices":[{"not_picked":["Dodge and Roll","Bane"],"picked":"Quick Slash","floor":1},{"not_picked":["Riddle With Holes","Slice"],"picked":"Dagger Spray","floor":3},{"not_picked":["Outmaneuver","Prepared"],"picked":"Dagger Spray","floor":4},{"not_picked":["Quick Slash","Sucker Punch"],"picked":"Slice","floor":5},{"not_picked":["Bane","Dagger Throw"],"picked":"Leg Sweep","floor":7},{"not_picked":["Acrobatics","Dodge and Roll"],"picked":"Crippling Poison","floor":10},{"not_picked":["Dagger Throw","Backflip"],"picked":"Die Die Die","floor":11},{"not_picked":["Riddle With Holes","Reflex"],"picked":"Backflip","floor":13},{"not_picked":["Masterful Stab","Bane","All Out Attack"],"picked":"SKIP","floor":14}],"player_experience":523285,"relics_obtained":[{"floor":9,"key":"MawBank"},{"floor":13,"key":"Bronze Scales"}],"event_choices":[{"cards_removed":["Strike_G"],"damage_healed":0,"gold_gain":0,"player_choice":"Card Removal","damage_taken":0,"max_hp_gain":0,"max_hp_loss":0,"event_name":"The Cleric","floor":2,"gold_loss":75}],"is_beta":false,"boss_relics":[],"items_purged_floors":[],"is_endless":false,"potions_floor_spawned":[3,5,7,11],"killed_by":"The Guardian","ascension_level":17}