{"gold_per_floor":[113,132,143,52,62,62,91,91,147,147],"floor_reached":10,"playtime":389,"items_purged":[],"score":133,"play_id":"728d9a0a-a8ec-4100-9580-a34881aea3f2","local_time":"20190217181506","is_ascension_mode":true,"campfire_choices":[{"data":"Footwork","floor":6,"key":"SMITH"}],"neow_cost":"NONE","seed_source_timestamp":1469250392620,"circlet_count":0,"master_deck":["AscendersBane","Defend_G","Defend_G","Defend_G","Defend_G","Defend_G","Strike_G","Strike_G","Strike_G","Strike_G","Strike_G","Survivor","Neutralize","Crippling Poison+1","Leg Sweep","Escape Plan","Predator","Footwork+1","Cloak And Dagger"],"relics":["Ring of the Snake","NeowsBlessing","Art of War","Tiny Chest"],"potions_floor_usage":[2,7,7],"damage_taken":[{"damage":0,"enemies":"Jaw Worm","floor":1,"turns":1},{"damage":0,"enemies":"Cultist","floor":2,"turns":1},{"damage":0,"enemies":"2 Louse","floor":3,"turns":1},{"damage":7,"enemies":"Large Slime","floor":5,"turns":8},{"damage":24,"enemies":"Gremlin Nob","floor":7,"turns":4},{"damage":15,"enemies":"Lagavulin","floor":10,"turns":8}],"seed_played":"4513285033672070484","potions_obtained":[{"floor":1,"key":"Fruit Juice"},{"floor":2,"key":"Swift Potion"}],"is_trial":false,"path_per_floor":["M","M","M","$","M","R","E","?","T","E"],"character_chosen":"THE_SILENT","items_purchased":["Predator","Strength Potion"],"campfire_rested":0,"item_purchase_floors":[4,4],"current_hp_per_floor":[59,64,64,64,57,57,33,33,33,18],"gold":147,"neow_bonus":"THREE_ENEMY_KILL","is_prod":false,"is_daily":false,"chose_seed":false,"campfire_upgraded":1,"win_rate":0,"timestamp":1550456106,"path_taken":["M","M","M","$","M","R","E","?","T","E"],"build_version":"2019-01-23","purchased_purges":0,"victory":false,"max_hp_per_floor":[66,71,71,71,71,71,71,71,71,71],"card_choices":[{"not_picked":["Dodge and Roll","Dagger Spray"],"picked":"Crippling Poison","floor":1},{"not_picked":["Distraction","Terror"],"picked":"Leg Sweep","floor":2},{"not_picked":["Prepared","Masterful Stab"],"picked":"Escape Plan","floor":3},{"not_picked":["Underhanded Strike","Expertise"],"picked":"Footwork","floor":5},{"not_picked":["Acrobatics","Skewer"],"picked":"Cloak And Dagger","floor":7}],"player_experience":545464,"relics_obtained":[{"floor":7,"key":"Art of War"},{"floor":9,"key":"Tiny Chest"}],"event_choices":[{"damage_healed":0,"gold_gain":0,"player_choice":"Upgraded","damage_taken":0,"max_hp_gain":0,"max_hp_loss":0,"event_name":"Upgrade Shrine","floor":8,"gold_loss":0,"cards_upgraded":["Crippling Poison"]}],"is_beta":false,"boss_relics":[],"items_purged_floors":[],"is_endless":false,"potions_floor_spawned":[1,2],"killed_by":"Lagavulin","ascension_level":19}