{"gold_per_floor":[109,129,54,54,64,64,75,75,124,135,146,11,44,44,44,139,139,149,149,149,149,142,154,166,193,205,242,254,266,307,234,246,359,371,394,406,438,450,462,474,515,527],"floor_reached":42,"playtime":4261,"items_purged":["Strike_R","Defend_R"],"score":462,"play_id":"aef713d8-fa14-4ed2-ae4a-7da4533be42f","local_time":"20190316211724","is_ascension_mode":false,"campfire_choices":[{"data":"Anger","floor":6.0,"key":"SMITH"},{"data":"Shockwave","floor":8.0,"key":"SMITH"},{"data":"Inflame","floor":15.0,"key":"SMITH"},{"data":"Demon Form","floor":23.0,"key":"SMITH"},{"data":"Reaper","floor":29.0,"key":"SMITH"},{"floor":32.0,"key":"REST"},{"floor":40,"key":"REST"}],"neow_cost":"NONE","seed_source_timestamp":0,"circlet_count":0,"master_deck":["Strike_R","Strike_R","Strike_R","Strike_R+1","Defend_R+1","Defend_R","Defend_R+1","Bash","Sever Soul","Cleave+1","Anger+1","Shockwave+1","Shrug It Off","Armaments","Inflame+1","Demon Form+1","Flex+1","Reaper+1","Forethought","Necronomicurse","Feel No Pain","Warcry","Rage","Fiend Fire","Entrench+1","Carnage+1","Jack Of All Trades","Good Instincts","Magnetism","Pummel+1"],"special_seed":0,"relics":["Burning Blood","War Paint","Juzu Bracelet","Philosopher\u0027s Stone","MawBank","Necronomicon","Bag of Marbles","Oddly Smooth Stone","Shuriken","Whetstone","PreservedInsect","Black Star","Sundial","Omamori"],"potions_floor_usage":[35,37,41],"damage_taken":[{"damage":0.0,"enemies":"Cultist","floor":1.0,"turns":3.0},{"damage":6.0,"enemies":"Jaw Worm","floor":2.0,"turns":3.0},{"damage":2.0,"enemies":"2 Louse","floor":5.0,"turns":3.0},{"damage":12.0,"enemies":"Large Slime","floor":7.0,"turns":6.0},{"damage":6.0,"enemies":"Looter","floor":10.0,"turns":4.0},{"damage":8.0,"enemies":"Red Slaver","floor":11.0,"turns":3.0},{"damage":16.0,"enemies":"3 Sentries","floor":13.0,"turns":7.0},{"damage":15.0,"enemies":"The Guardian","floor":16.0,"turns":10.0},{"damage":19.0,"enemies":"Spheric Guardian","floor":18.0,"turns":5.0},{"damage":23.0,"enemies":"2 Thieves","floor":22.0,"turns":5.0},{"damage":23.0,"enemies":"Chosen and Byrds","floor":25.0,"turns":5.0},{"damage":39.0,"enemies":"Slavers","floor":27.0,"turns":4.0},{"damage":29.0,"enemies":"Book of Stabbing","floor":30.0,"turns":5.0},{"damage":78.0,"enemies":"Collector","floor":33.0,"turns":7.0},{"damage":18,"enemies":"Orb Walker","floor":35,"turns":3},{"damage":23,"enemies":"3 Darklings","floor":37,"turns":6},{"damage":46,"enemies":"Nemesis","floor":41,"turns":7},{"damage":64,"enemies":"Transient","floor":42,"turns":3}],"seed_played":"-7818038023132989241","potions_obtained":[{"floor":0.0,"key":"LiquidBronze"},{"floor":0.0,"key":"SteroidPotion"},{"floor":0.0,"key":"Energy Potion"},{"floor":10.0,"key":"Block Potion"},{"floor":22.0,"key":"FearPotion"},{"floor":25.0,"key":"GamblersBrew"},{"floor":33.0,"key":"LiquidBronze"},{"floor":35,"key":"Dexterity Potion"}],"is_trial":false,"path_per_floor":["M","M","$","?","M","R","M","R","T","M","M","$","E","?","R","B",null,"M","?","$","?","M","R","?","M","T","E","T","R","E","?","R","B",null,"M","?","M","?","?","R","E","M"],"character_chosen":"IRONCLAD","items_purchased":["Inflame"],"campfire_rested":2,"item_purchase_floors":[12],"current_hp_per_floor":[80,80,80,80,80,80,74,74,74,74,72,72,62,80,80,71,80,67,67,67,67,70,70,54,47,47,72,72,72,49,49,73,8,80,80,80,63,63,53,77,39,0],"gold":527,"neow_bonus":"THREE_SMALL_POTIONS","is_prod":false,"is_daily":false,"chose_seed":false,"campfire_upgraded":5,"win_rate":0.0,"timestamp":1552771044,"path_taken":["M","M","$","?","M","R","M","R","T","?","M","?","E","?","R","BOSS","M","?","$","?","M","R","?","M","T","E","?","R","E","?","R","BOSS","M","?","M","?","?","R","E","M"],"build_version":"2019-01-23","purchased_purges":2,"victory":false,"max_hp_per_floor":[80,80,80,80,80,80,80,80,80,80,80,80,80,80,80,80,80,80,80,80,80,80,80,80,80,80,80,80,80,80,80,80,80,80,80,80,80,80,80,80,80,80],"card_choices":[{"not_picked":["Feel No Pain","Wild Strike"],"picked":"Sever Soul","floor":1.0},{"not_picked":["Reckless Charge","Headbutt"],"picked":"Cleave","floor":2.0},{"not_picked":["Pommel Strike","Reckless Charge"],"picked":"Anger","floor":5.0},{"not_picked":["Dual Wield","Cleave"],"picked":"Shockwave","floor":7.0},{"not_picked":["Thunderclap","Evolve"],"picked":"Shrug It Off","floor":10.0},{"not_picked":["Brutality","Combust"],"picked":"Armaments","floor":11.0},{"not_picked":["Headbutt","Second Wind"],"picked":"Uppercut","floor":13.0},{"not_picked":["Dark Embrace","Bludgeon"],"picked":"Demon Form","floor":16.0},{"not_picked":["Iron Wave","Heavy Blade"],"picked":"Flex+1","floor":18.0},{"not_picked":["Body Slam","Wild Strike"],"picked":"Sword Boomerang","floor":22.0},{"not_picked":["Cleave","Twin Strike+1"],"picked":"Feel No Pain","floor":25.0},{"not_picked":["Searing Blow+1","Twin Strike+1"],"picked":"Warcry","floor":27.0},{"not_picked":["Corruption","Disarm"],"picked":"Rage","floor":30.0},{"not_picked":["Berserk","Brutality"],"picked":"Fiend Fire","floor":33.0},{"not_picked":["Spot Weakness","Clash"],"picked":"Entrench+1","floor":35},{"not_picked":["Armaments","Body Slam+1"],"picked":"Carnage+1","floor":37},{"not_picked":["Impatience","Panache"],"picked":"Jack Of All Trades","floor":39},{"not_picked":["Trip","Secret Technique"],"picked":"Good Instincts","floor":39},{"not_picked":["Dramatic Entrance","Finesse"],"picked":"Magnetism","floor":39},{"not_picked":["Perfected Strike+1","Clothesline+1"],"picked":"Pummel+1","floor":41}],"player_experience":24814,"relics_obtained":[{"floor":9.0,"key":"War Paint"},{"floor":13.0,"key":"Juzu Bracelet"},{"floor":24.0,"key":"Necronomicon"},{"floor":26.0,"key":"Bag of Marbles"},{"floor":27.0,"key":"Oddly Smooth Stone"},{"floor":28.0,"key":"Shuriken"},{"floor":30.0,"key":"Whetstone"},{"floor":41,"key":"Sundial"},{"floor":41,"key":"Omamori"}],"event_choices":[{"damage_healed":0.0,"max_hp_gain":0.0,"max_hp_loss":0.0,"gold_gain":0.0,"event_name":"Purifier","player_choice":"Ignored","floor":4.0,"gold_loss":0.0,"damage_taken":0.0},{"cards_removed":["Uppercut"],"damage_healed":18.0,"max_hp_gain":0.0,"max_hp_loss":0.0,"gold_gain":0.0,"event_name":"Bonfire Elementals","player_choice":"Offered Uncommon","floor":14.0,"gold_loss":0.0,"damage_taken":0.0},{"damage_healed":0.0,"max_hp_gain":0.0,"max_hp_loss":0.0,"gold_gain":0.0,"event_name":"Match and Keep!","player_choice":"2 cards matched","floor":19.0,"gold_loss":0.0,"damage_taken":0.0,"cards_obtained":["Reaper","Forethought"]},{"damage_healed":0.0,"max_hp_gain":0.0,"max_hp_loss":0.0,"gold_gain":0.0,"event_name":"The Mausoleum","player_choice":"Opened","floor":21.0,"gold_loss":0.0,"damage_taken":0.0,"relics_obtained":["MawBank"]},{"damage_healed":0.0,"max_hp_gain":0.0,"max_hp_loss":0.0,"gold_gain":0.0,"event_name":"Cursed Tome","player_choice":"Obtained Book","floor":24.0,"gold_loss":0.0,"damage_taken":16.0},{"damage_healed":0.0,"max_hp_gain":0.0,"max_hp_loss":0.0,"gold_gain":0.0,"event_name":"Addict","player_choice":"Obtained Relic","floor":31.0,"gold_loss":85.0,"damage_taken":0.0,"relics_obtained":["PreservedInsect"]},{"damage_healed":0,"gold_gain":0,"player_choice":"Ignored","damage_taken":0,"max_hp_gain":0,"max_hp_loss":0,"event_name":"Tomb of Lord Red Mask","floor":36,"gold_loss":0},{"cards_removed":["Sword Boomerang"],"damage_healed":0,"gold_gain":0,"player_choice":"Removed Attack","damage_taken":0,"max_hp_gain":0,"max_hp_loss":0,"event_name":"Falling","floor":38,"gold_loss":0},{"damage_healed":0,"gold_gain":0,"player_choice":"Memory 3","damage_taken":10,"max_hp_gain":0,"max_hp_loss":0,"event_name":"SensoryStone","floor":39,"gold_loss":0}],"is_beta":false,"boss_relics":[{"not_picked":["Runic Cube","Sozu"],"picked":"Philosopher\u0027s Stone"},{"not_picked":["Fusion Hammer","Runic Pyramid"],"picked":"Black Star"}],"items_purged_floors":[3,12],"is_endless":false,"potions_floor_spawned":[10,13,22,25,33,35],"killed_by":"Transient","ascension_level":0}