{"gold_per_floor":[18,31,106,116,132,161,161,161,209,209,232,255,289,314,314,314],"floor_reached":16,"playtime":600,"items_purged":[],"score":177,"play_id":"dfc7d48d-5983-4941-a737-a7f5404e405a","local_time":"20190318021930","is_ascension_mode":true,"campfire_choices":[{"floor":10,"key":"REST"},{"data":"Armaments","floor":15,"key":"SMITH"}],"neow_cost":"NO_GOLD","seed_source_timestamp":340915789958426,"circlet_count":0,"master_deck":["AscendersBane","Strike_R","Strike_R","Strike_R","Strike_R","Strike_R","Defend_R","Defend_R","Defend_R+1","Defend_R+1","Bash","Headbutt","Battle Trance","Disarm","Rage","Flex","Thunderclap","Flex","Rage","Armaments+1"],"relics":["Burning Blood","FossilizedHelix","Mercury Hourglass","Golden Idol","War Paint","Smiling Mask"],"potions_floor_usage":[6,12,16,16],"damage_taken":[{"damage":0,"enemies":"Cultist","floor":1,"turns":3},{"damage":7,"enemies":"2 Louse","floor":2,"turns":2},{"damage":0,"enemies":"Small Slimes","floor":4,"turns":3},{"damage":4,"enemies":"Looter","floor":5,"turns":4},{"damage":69,"enemies":"Gremlin Nob","floor":6,"turns":5},{"damage":0,"enemies":"Exordium Wildlife","floor":11,"turns":4},{"damage":11,"enemies":"Exordium Thugs","floor":12,"turns":4},{"damage":25,"enemies":"3 Sentries","floor":13,"turns":6},{"damage":0,"enemies":"2 Fungi Beasts","floor":14,"turns":2},{"damage":23,"enemies":"Slime Boss","floor":16,"turns":5}],"seed_played":"3034827992158261775","potions_obtained":[{"floor":1,"key":"Ancient Potion"},{"floor":6,"key":"Strength Potion"},{"floor":13,"key":"PowerPotion"},{"floor":14,"key":"FearPotion"}],"is_trial":false,"path_per_floor":["M","M","?","M","M","E","?","?","T","R","M","M","E","M","R","B"],"character_chosen":"IRONCLAD","items_purchased":[],"campfire_rested":1,"item_purchase_floors":[],"current_hp_per_floor":[78,77,66,72,74,11,11,11,11,33,39,34,15,21,21,0],"gold":314,"neow_bonus":"ONE_RARE_RELIC","is_prod":false,"is_daily":false,"chose_seed":false,"campfire_upgraded":1,"win_rate":0,"timestamp":1552843170,"path_taken":["M","?","?","M","M","E","?","?","T","R","M","?","E","M","R","BOSS"],"build_version":"2019-01-23","purchased_purges":0,"victory":false,"max_hp_per_floor":[80,80,80,80,80,80,74,74,74,74,74,74,74,74,74,74],"card_choices":[{"not_picked":["Hemokinesis","Havoc"],"picked":"Headbutt","floor":1},{"not_picked":["Infernal Blade","Armaments"],"picked":"Battle Trance","floor":2},{"not_picked":["Twin Strike","Havoc"],"picked":"Disarm","floor":4},{"not_picked":["Heavy Blade","Sentinel"],"picked":"Rage","floor":5},{"not_picked":["Twin Strike","Corruption"],"picked":"Flex","floor":6},{"not_picked":["Sever Soul","Carnage"],"picked":"Thunderclap","floor":11},{"not_picked":["Iron Wave","Headbutt"],"picked":"Flex","floor":12},{"not_picked":["Demon Form","Havoc"],"picked":"Rage","floor":13},{"not_picked":["Anger","Corruption"],"picked":"Armaments","floor":14}],"player_experience":550421,"relics_obtained":[{"floor":6,"key":"Mercury Hourglass"},{"floor":9,"key":"War Paint"},{"floor":13,"key":"Smiling Mask"}],"event_choices":[{"damage_healed":0,"gold_gain":75,"player_choice":"Gather Gold","damage_taken":11,"max_hp_gain":0,"max_hp_loss":0,"event_name":"World of Goop","floor":3,"gold_loss":0},{"damage_healed":0,"gold_gain":0,"player_choice":"Lose Max HP","damage_taken":0,"relics_obtained":["Golden Idol"],"max_hp_gain":0,"max_hp_loss":6,"event_name":"Golden Idol","floor":7,"gold_loss":0},{"damage_healed":0,"gold_gain":0,"player_choice":"Ignored","damage_taken":0,"max_hp_gain":0,"max_hp_loss":0,"event_name":"Shining Light","floor":8,"gold_loss":0}],"is_beta":false,"boss_relics":[],"items_purged_floors":[],"is_endless":false,"potions_floor_spawned":[1,6,13,14],"killed_by":"Slime Boss","ascension_level":11}