{"gold_per_floor":[118,193,213,262,63,63,78,78,78,96,111,128,155,105,105,209,209,223,233,233,243,243,243,117,144,197,214,234,267,267,287,287,384,384,396,396,451,252,252,252,267,68,68,68,68,18,28,41,41,41,41,41,7,35,35],"floor_reached":55,"playtime":3619,"items_purged":["Strike_B","Strike_B","Strike_B"],"score":707,"play_id":"b188a085-07fa-42c1-87fe-07c9a5eda194","local_time":"20190210105518","is_ascension_mode":false,"campfire_choices":[{"floor":6.0,"key":"RECALL"},{"data":"White Noise","floor":15.0,"key":"SMITH"},{"data":"Biased Cognition","floor":23.0,"key":"SMITH"},{"data":"Loop","floor":30,"key":"SMITH"},{"floor":32,"key":"REST"},{"data":"Electrodynamics","floor":40,"key":"SMITH"},{"data":"Go for the Eyes","floor":49,"key":"SMITH"},{"data":"Barrage","floor":52,"key":"SMITH"}],"neow_cost":"NONE","seed_source_timestamp":0,"circlet_count":0,"master_deck":["Defend_B","Defend_B","Zap","Conserve Battery","Compile Driver","FTL","Conserve Battery","Hologram","Stack","White Noise+1","Electrodynamics+1","Biased Cognition+1","Ball Lightning","Defragment+1","Go for the Eyes+1","Go for the Eyes+1","Conserve Battery","BootSequence","Loop+1","Stack","Electrodynamics+1","Capacitor+1","Auto Shields+1","Glacier","Coolheaded+1","Dark Shackles","Barrage","Go for the Eyes","Barrage+1","Capacitor","Seek"],"special_seed":0,"relics":["Cracked Core","Pen Nib","Mango","Nunchaku","Sozu","Darkstone Periapt","Regal Pillow","Du-Vu Doll","Nuclear Battery","Incense Burner","Runic Capacitor","Pear","Bronze Scales","DataDisk"],"potions_floor_usage":[50],"damage_taken":[{"damage":8.0,"enemies":"Small Slimes","floor":1.0,"turns":3.0},{"damage":0.0,"enemies":"Jaw Worm","floor":3.0,"turns":3.0},{"damage":0.0,"enemies":"Cultist","floor":7.0,"turns":2.0},{"damage":0.0,"enemies":"Exordium Wildlife","floor":10.0,"turns":3.0},{"damage":0.0,"enemies":"Looter","floor":11.0,"turns":3.0},{"damage":26.0,"enemies":"Gremlin Gang","floor":12.0,"turns":5.0},{"damage":6.0,"enemies":"Lagavulin","floor":13.0,"turns":6.0},{"damage":15.0,"enemies":"Slime Boss","floor":16.0,"turns":8.0},{"damage":2.0,"enemies":"Shell Parasite","floor":18.0,"turns":4.0},{"damage":3.0,"enemies":"Chosen","floor":19.0,"turns":3.0},{"damage":18.0,"enemies":"Snecko","floor":21.0,"turns":5.0},{"damage":10.0,"enemies":"Book of Stabbing","floor":25.0,"turns":4.0},{"damage":6.0,"enemies":"3 Cultists","floor":27.0,"turns":3.0},{"damage":3.0,"enemies":"Cultist and Chosen","floor":28.0,"turns":3.0},{"damage":18.0,"enemies":"Slavers","floor":29.0,"turns":3.0},{"damage":6,"enemies":"Centurion and Healer","floor":31,"turns":4},{"damage":16,"enemies":"Collector","floor":33,"turns":8},{"damage":10,"enemies":"Orb Walker","floor":35,"turns":4},{"damage":7,"enemies":"2 Orb Walkers","floor":37,"turns":3},{"damage":0,"enemies":"3 Shapes","floor":41,"turns":3},{"damage":0,"enemies":"Sphere and 2 Shapes","floor":47,"turns":4},{"damage":0,"enemies":"Transient","floor":48,"turns":5},{"damage":19,"enemies":"Awakened One","floor":50,"turns":9},{"damage":32,"enemies":"Shield and Spear","floor":54,"turns":4},{"damage":68,"enemies":"The Heart","floor":55,"turns":3}],"seed_played":"-9022045521170288245","potions_obtained":[{"floor":7.0,"key":"FearPotion"},{"floor":10.0,"key":"Dexterity Potion"},{"floor":11.0,"key":"Poison Potion"},{"floor":13.0,"key":"Weak Potion"}],"is_trial":false,"path_per_floor":["M","?","M","T","$","R","M","?","T","M","M","M","E","?","R","B",null,"M","M","?","M","?","R","$","E","T","M","M","E","R","M","R","B",null,"M","?","?","$","?","R","M","$","T","?","T","$","M","M","R","B",null,"R","$","E","B"],"character_chosen":"DEFECT","items_purchased":["FTL","Conserve Battery","Go for the Eyes","Glacier","Runic Capacitor","Barrage","Capacitor"],"campfire_rested":1,"item_purchase_floors":[5,5,24,38,42,46,53],"current_hp_per_floor":[67,56,56,56,56,56,56,49,63,63,63,37,31,31,31,16,89,87,84,84,66,66,66,66,56,56,50,47,29,29,23,64,48,89,79,79,72,72,72,72,72,72,82,82,82,82,82,82,82,63,99,99,99,67,0],"gold":35,"neow_bonus":"RANDOM_COMMON_RELIC","is_prod":false,"is_daily":false,"chose_seed":false,"campfire_upgraded":6,"win_rate":0,"timestamp":1549814118,"path_taken":["M","?","M","?","$","R","M","?","T","M","?","M","E","?","R","BOSS","M","M","?","?","?","R","$","E","T","M","?","E","R","M","R","BOSS","M","?","?","$","?","R","?","?","T","?","?","?","M","M","R","BOSS","R","$","E","BOSS"],"build_version":"2019-01-23","purchased_purges":3,"victory":false,"max_hp_per_floor":[75,75,75,75,75,75,75,75,89,89,89,89,89,89,89,89,89,89,89,89,89,89,89,89,89,89,89,89,89,89,89,89,89,89,89,89,89,89,89,89,89,89,99,99,99,99,99,99,99,99,99,99,99,99,99],"card_choices":[{"not_picked":["Turbo","Redo"],"picked":"Conserve Battery","floor":1.0},{"not_picked":["Rainbow","Steam"],"picked":"Compile Driver","floor":3.0},{"not_picked":["Rip and Tear","Beam Cell","Hello World"],"picked":"SKIP","floor":7.0},{"not_picked":["Sweeping Beam","Ball Lightning"],"picked":"Hologram","floor":10.0},{"not_picked":["Force Field","Darkness"],"picked":"Stack","floor":11.0},{"not_picked":["Conserve Battery","Fission"],"picked":"White Noise","floor":12.0},{"not_picked":["Barrage","Conserve Battery"],"picked":"Electrodynamics","floor":13.0},{"not_picked":["All For One","Hyperbeam"],"picked":"Biased Cognition","floor":16.0},{"not_picked":["Reinforced Body","Compile Driver+1"],"picked":"Ball Lightning","floor":18.0},{"not_picked":["Glacier","Auto Shields"],"picked":"Defragment+1","floor":19.0},{"not_picked":["Blizzard+1","Leap"],"picked":"Go for the Eyes+1","floor":21.0},{"not_picked":["Redo","Aggregate","Steam"],"picked":"SKIP","floor":25.0},{"not_picked":["Beam Cell","Redo+1"],"picked":"Conserve Battery","floor":27.0},{"not_picked":["Hologram","Lockon+1"],"picked":"BootSequence","floor":28.0},{"not_picked":["Undo","Steam"],"picked":"Loop","floor":29.0},{"not_picked":["Go for the Eyes","Doom and Gloom"],"picked":"Stack","floor":31},{"not_picked":["Meteor Strike","Hyperbeam"],"picked":"Electrodynamics","floor":33},{"not_picked":["Chaos+1","Aggregate"],"picked":"Capacitor+1","floor":35},{"not_picked":["Steam Power+1","Go for the Eyes+1"],"picked":"Auto Shields+1","floor":37},{"not_picked":["Streamline","Steam+1"],"picked":"Coolheaded+1","floor":41},{"not_picked":["Chrysalis","PanicButton"],"picked":"Dark Shackles","floor":44},{"not_picked":["Aggregate+1","Storm"],"picked":"Go for the Eyes","floor":47},{"not_picked":["Streamline","Hello World+1"],"picked":"Barrage","floor":48},{"not_picked":["Turbo","Darkness"],"picked":"Seek","floor":54}],"player_experience":178048,"relics_obtained":[{"floor":9.0,"key":"Mango"},{"floor":13.0,"key":"Nunchaku"},{"floor":25.0,"key":"Darkstone Periapt"},{"floor":26.0,"key":"Regal Pillow"},{"floor":29.0,"key":"Du-Vu Doll"},{"floor":37,"key":"Incense Burner"},{"floor":43,"key":"Pear"},{"floor":45,"key":"Bronze Scales"},{"floor":54,"key":"DataDisk"}],"event_choices":[{"damage_healed":0.0,"max_hp_gain":0.0,"max_hp_loss":0.0,"gold_gain":75.0,"event_name":"World of Goop","player_choice":"Gather Gold","floor":2.0,"gold_loss":0.0,"damage_taken":11.0},{"damage_healed":0.0,"max_hp_gain":0.0,"max_hp_loss":0.0,"gold_gain":0.0,"event_name":"Wheel of Change","player_choice":"Damaged","floor":8.0,"gold_loss":0.0,"damage_taken":7.0},{"cards_removed":["Defend_B"],"damage_healed":0.0,"max_hp_gain":0.0,"max_hp_loss":0.0,"gold_gain":0.0,"event_name":"The Cleric","player_choice":"Card Removal","floor":14.0,"gold_loss":50.0,"damage_taken":0.0},{"cards_removed":["Dualcast"],"damage_healed":0.0,"max_hp_gain":0.0,"max_hp_loss":0.0,"gold_gain":0.0,"event_name":"Bonfire Elementals","player_choice":"Offered Basic","floor":20.0,"gold_loss":0.0,"damage_taken":0.0},{"damage_healed":0.0,"max_hp_gain":0.0,"max_hp_loss":0.0,"gold_gain":0.0,"event_name":"Upgrade Shrine","player_choice":"Upgraded","floor":22.0,"gold_loss":0.0,"damage_taken":0.0,"cards_upgraded":["Electrodynamics"]},{"cards_removed":["Defend_B"],"damage_healed":0,"gold_gain":0,"player_choice":"Removed Skill","damage_taken":0,"max_hp_gain":0,"max_hp_loss":0,"event_name":"Falling","floor":36,"gold_loss":0},{"damage_healed":0,"gold_gain":0,"player_choice":"Fight","damage_taken":0,"max_hp_gain":0,"max_hp_loss":0,"event_name":"Mysterious Sphere","floor":37,"gold_loss":0},{"cards_removed":["Strike_B"],"damage_healed":0,"gold_gain":0,"player_choice":"Purged","damage_taken":0,"max_hp_gain":0,"max_hp_loss":0,"event_name":"Purifier","floor":39,"gold_loss":0},{"damage_healed":0,"gold_gain":0,"player_choice":"Memory 1","damage_taken":0,"max_hp_gain":0,"max_hp_loss":0,"event_name":"SensoryStone","floor":44,"gold_loss":0}],"is_beta":false,"boss_relics":[{"not_picked":["Eternal Feather","Ectoplasm"],"picked":"Sozu"},{"not_picked":["Lizard Tail","Fusion Hammer"],"picked":"Nuclear Battery"}],"items_purged_floors":[5,24,38],"is_endless":false,"potions_floor_spawned":[7,10,11,13,19,28,29,33,37,47,48],"killed_by":"The Heart","ascension_level":0}