{"gold_per_floor":[12,27,46,46,11,43,75,75],"floor_reached":8,"playtime":913,"items_purged":[],"score":112,"play_id":"8d13bfa5-cf12-43ab-a798-555e45ae240e","local_time":"20190209202555","is_ascension_mode":true,"campfire_choices":[],"neow_cost":"NO_GOLD","seed_source_timestamp":30910037343539,"circlet_count":0,"master_deck":["AscendersBane","Defend_G","Defend_G","Defend_G","Defend_G","Defend_G","Strike_G","Strike_G","Strike_G","Strike_G","Strike_G","Survivor","Neutralize","Dash","Slice","Heel Hook","Poisoned Stab","Slice"],"relics":["Ring of the Snake","WingedGreaves","Orichalcum","Bronze Scales","Girya"],"potions_floor_usage":[8],"damage_taken":[{"damage":0,"enemies":"Cultist","floor":1,"turns":5},{"damage":0,"enemies":"2 Louse","floor":2,"turns":3},{"damage":0,"enemies":"Jaw Worm","floor":3,"turns":3},{"damage":30,"enemies":"Gremlin Nob","floor":6,"turns":6},{"damage":28,"enemies":"Lagavulin","floor":7,"turns":7},{"damage":0,"enemies":"3 Sentries","floor":8,"turns":2}],"seed_played":"-4196636717100309263","potions_obtained":[{"floor":7,"key":"AttackPotion"}],"is_trial":false,"path_per_floor":["M","M","M","?","?","E","E","E"],"character_chosen":"THE_SILENT","items_purchased":[],"campfire_rested":0,"item_purchase_floors":[],"current_hp_per_floor":[59,59,59,47,63,33,5,5],"gold":75,"neow_bonus":"ONE_RARE_RELIC","is_prod":false,"is_daily":false,"chose_seed":false,"campfire_upgraded":0,"win_rate":0,"timestamp":1549772755,"path_taken":["M","M","M","?","?","E","E","E"],"build_version":"2019-01-23","purchased_purges":0,"victory":false,"max_hp_per_floor":[66,66,66,66,66,66,66,66],"card_choices":[{"not_picked":["PiercingWail","Outmaneuver"],"picked":"Dash","floor":1},{"not_picked":["Underhanded Strike","Poisoned Stab"],"picked":"Slice","floor":2},{"not_picked":["Underhanded Strike","Acrobatics"],"picked":"Heel Hook","floor":3},{"not_picked":["Envenom","Deadly Poison"],"picked":"Poisoned Stab","floor":6},{"not_picked":["Deflect","Prepared"],"picked":"Slice","floor":7}],"player_experience":453600,"relics_obtained":[{"floor":6,"key":"Bronze Scales"},{"floor":7,"key":"Girya"}],"event_choices":[{"damage_healed":0,"gold_gain":0,"player_choice":"Success","damage_taken":12,"relics_obtained":["Orichalcum"],"max_hp_gain":0,"max_hp_loss":0,"event_name":"Scrap Ooze","floor":4,"gold_loss":0},{"damage_healed":16,"gold_gain":0,"player_choice":"Healed","damage_taken":0,"max_hp_gain":0,"max_hp_loss":0,"event_name":"The Cleric","floor":5,"gold_loss":35}],"is_beta":false,"boss_relics":[],"items_purged_floors":[],"is_endless":false,"potions_floor_spawned":[7],"killed_by":"3 Sentries","ascension_level":14}