{"gold_per_floor":[119,133,150,110,12,40,40,75,155,166,178,211,223,234,234,307,307,322,3,13,13,13],"floor_reached":22,"playtime":1056,"items_purged":[],"score":431,"play_id":"a6a3bd43-8dfe-4e10-a4dd-daaae2c59fbd","local_time":"20190212201303","is_ascension_mode":true,"campfire_choices":[{"data":"Storm of Steel","floor":7.0,"key":"SMITH"},{"data":"Cloak And Dagger","floor":15.0,"key":"SMITH"}],"neow_cost":"NONE","seed_source_timestamp":0,"circlet_count":0,"master_deck":["AscendersBane","Defend_G","Defend_G","Defend_G","Defend_G","Defend_G","Strike_G","Strike_G","Strike_G","Strike_G","Strike_G","Survivor","Neutralize","Sucker Punch","Flying Knee","Cloak And Dagger+1","Dash","Well Laid Plans","Storm of Steel+1","All Out Attack","Accuracy","Predator","Dagger Spray+1"],"special_seed":0,"relics":["Ring of the Snake","NeowsBlessing","Tough Bandages","Art of War","Sundial","Pen Nib","Snecko Eye","Tingsha","Blood Vial"],"potions_floor_usage":[],"damage_taken":[{"damage":0.0,"enemies":"Cultist","floor":1.0,"turns":1.0},{"damage":0.0,"enemies":"2 Louse","floor":2.0,"turns":1.0},{"damage":0.0,"enemies":"Small Slimes","floor":3.0,"turns":1.0},{"damage":3.0,"enemies":"Looter","floor":4.0,"turns":4.0},{"damage":9.0,"enemies":"Gremlin Nob","floor":6.0,"turns":4.0},{"damage":9.0,"enemies":"Lagavulin","floor":8.0,"turns":6.0},{"damage":0.0,"enemies":"3 Louse","floor":10.0,"turns":2.0},{"damage":0.0,"enemies":"Red Slaver","floor":11.0,"turns":2.0},{"damage":0.0,"enemies":"Gremlin Nob","floor":12.0,"turns":3.0},{"damage":14.0,"enemies":"Exordium Thugs","floor":13.0,"turns":4.0},{"damage":0.0,"enemies":"2 Fungi Beasts","floor":14.0,"turns":2.0},{"damage":1.0,"enemies":"Slime Boss","floor":16.0,"turns":4.0},{"damage":13,"enemies":"2 Thieves","floor":18,"turns":5},{"damage":12,"enemies":"3 Byrds","floor":20,"turns":5},{"damage":35,"enemies":"Snake Plant","floor":22,"turns":4}],"seed_played":"-7521690165690123292","potions_obtained":[{"floor":1.0,"key":"Weak Potion"},{"floor":8.0,"key":"FearPotion"},{"floor":11.0,"key":"FearPotion"},{"floor":13.0,"key":"AttackPotion"}],"is_trial":false,"path_per_floor":["M","M","M","M","$","E","R","E","T","M","M","E","M","M","R","B",null,"M","$","M","?","M"],"character_chosen":"THE_SILENT","items_purchased":["Strength Potion","Well Laid Plans","Tingsha"],"campfire_rested":0,"item_purchase_floors":[5,5,19],"current_hp_per_floor":[59,59,59,56,56,47,47,38,38,38,38,38,24,24,24,23,55,42,42,30,30,0],"gold":13,"neow_bonus":"THREE_ENEMY_KILL","is_prod":false,"is_daily":false,"chose_seed":false,"campfire_upgraded":2,"win_rate":0,"timestamp":1550031183,"path_taken":["M","M","M","M","$","E","R","E","T","M","M","E","?","M","R","BOSS","M","$","M","?","?"],"build_version":"2019-01-23","purchased_purges":0,"victory":false,"max_hp_per_floor":[66,66,66,66,66,66,66,66,66,66,66,66,66,66,66,66,66,66,66,66,66,66],"card_choices":[{"not_picked":["Quick Slash","Poisoned Stab"],"picked":"Sucker Punch","floor":1.0},{"not_picked":["Deadly Poison","Acrobatics"],"picked":"Flying Knee","floor":2.0},{"not_picked":["Slice","Backflip"],"picked":"Cloak And Dagger","floor":3.0},{"not_picked":["Cloak And Dagger","Backflip"],"picked":"Dash","floor":4.0},{"not_picked":["Bouncing Flask","Outmaneuver"],"picked":"Storm of Steel","floor":6.0},{"not_picked":["Caltrops","Catalyst"],"picked":"All Out Attack","floor":8.0},{"not_picked":["Dagger Throw","Slice","Dodge and Roll"],"picked":"SKIP","floor":10.0},{"not_picked":["Crippling Poison","Sucker Punch","Outmaneuver"],"picked":"SKIP","floor":11.0},{"not_picked":["Crippling Poison","Sucker Punch","Outmaneuver"],"picked":"SKIP","floor":11.0},{"not_picked":["Reflex","Sucker Punch"],"picked":"Accuracy","floor":12.0},{"not_picked":["Sucker Punch","Deadly Poison","Prepared"],"picked":"SKIP","floor":13.0},{"not_picked":["Outmaneuver","Quick Slash"],"picked":"Predator","floor":14.0},{"not_picked":["Corpse Explosion","A Thousand Cuts"],"picked":"Malaise","floor":16.0},{"not_picked":["Flying Knee","Catalyst"],"picked":"Dagger Spray+1","floor":18},{"not_picked":["Flying Knee+1","Heel Hook+1","Acrobatics"],"picked":"SKIP","floor":20}],"player_experience":508853,"relics_obtained":[{"floor":6.0,"key":"Tough Bandages"},{"floor":8.0,"key":"Art of War"},{"floor":9.0,"key":"Sundial"},{"floor":12.0,"key":"Pen Nib"}],"event_choices":[{"cards_removed":["Malaise"],"damage_healed":0,"gold_gain":0,"player_choice":"Gave Card","damage_taken":0,"relics_obtained":["Blood Vial"],"max_hp_gain":0,"max_hp_loss":0,"event_name":"WeMeetAgain","floor":21,"gold_loss":0}],"is_beta":false,"boss_relics":[{"not_picked":["Astrolabe","Philosopher\u0027s Stone"],"picked":"Snecko Eye"}],"items_purged_floors":[],"is_endless":false,"potions_floor_spawned":[1,8,11,13],"killed_by":"Snake Plant","ascension_level":17}