{"gold_per_floor":[117,117,133,145,157,157,332,332,332,332,346,364,382,414,414,513,513,526,509,54,74,85,85,101,101,125,225,225,237,253,253],"floor_reached":31,"playtime":4753,"items_purged":["Defend_B"],"score":243,"play_id":"ae967c9f-1f3c-4c46-9892-34128fc08070","local_time":"20190130105233","is_ascension_mode":false,"campfire_choices":[{"floor":6,"key":"RECALL"},{"data":"Coolheaded","floor":8,"key":"SMITH"},{"floor":15,"key":"REST"},{"floor":23,"key":"REST"},{"floor":28,"key":"REST"}],"neow_cost":"NONE","seed_source_timestamp":1636663083170446,"circlet_count":0,"master_deck":["Strike_B","Strike_B","Strike_B+1","Strike_B","Defend_B","Defend_B","Defend_B+1","Zap","Dualcast","Leap","Cold Snap","Conserve Battery","Coolheaded+1","Blizzard","Conserve Battery+1","Auto Shields+1","Blizzard","Creative AI","Stack+1","Chaos+1","Blizzard","Cold Snap","Streamline","Doom and Gloom","Storm","Amplify+1"],"relics":["Philosopher\u0027s Stone","Toxic Egg 2","Ginger","Nuclear Battery","Toolbox","Blood Vial","MutagenicStrength"],"potions_floor_usage":[11,14,21,21,22,29],"damage_taken":[{"damage":5,"enemies":"Jaw Worm","floor":1,"turns":3},{"damage":1,"enemies":"2 Louse","floor":3,"turns":4},{"damage":0,"enemies":"Small Slimes","floor":4,"turns":3},{"damage":4,"enemies":"Looter","floor":5,"turns":3},{"damage":3,"enemies":"Gremlin Gang","floor":11,"turns":4},{"damage":4,"enemies":"Blue Slaver","floor":12,"turns":4},{"damage":0,"enemies":"Looter","floor":13,"turns":3},{"damage":8,"enemies":"Gremlin Nob","floor":14,"turns":5},{"damage":27,"enemies":"The Guardian","floor":16,"turns":14},{"damage":42,"enemies":"3 Byrds","floor":18,"turns":8},{"damage":11,"enemies":"2 Thieves","floor":19,"turns":5},{"damage":15,"enemies":"Snake Plant","floor":21,"turns":5},{"damage":0,"enemies":"Snecko","floor":22,"turns":6},{"damage":11,"enemies":"Centurion and Healer","floor":24,"turns":10},{"damage":13,"enemies":"Snake Plant","floor":29,"turns":5},{"damage":27,"enemies":"Shelled Parasite and Fungi","floor":30,"turns":6},{"damage":24,"enemies":"Cultist and Chosen","floor":31,"turns":4}],"seed_played":"6780335737269427605","potions_obtained":[{"floor":3,"key":"FocusPotion"},{"floor":5,"key":"SpeedPotion"},{"floor":16,"key":"SteroidPotion"},{"floor":19,"key":"Block Potion"},{"floor":21,"key":"Poison Potion"},{"floor":22,"key":"SpeedPotion"},{"floor":24,"key":"PowerPotion"}],"is_trial":false,"path_per_floor":["M","?","M","M","M","R","?","R","T","?","M","M","M","E","R","B",null,"M","M","$","M","M","R","M","?","T","?","R","M","M","M"],"character_chosen":"DEFECT","items_purchased":["Blizzard","Toolbox","Blood Vial"],"campfire_rested":3,"item_purchase_floors":[20,20,20],"current_hp_per_floor":[70,55,54,54,50,50,50,50,50,50,47,43,43,35,57,30,75,33,22,22,9,11,33,24,24,24,24,46,35,10,0],"gold":253,"neow_bonus":"BOSS_RELIC","is_prod":false,"is_daily":false,"chose_seed":false,"campfire_upgraded":1,"win_rate":0,"timestamp":1548863553,"path_taken":["M","?","M","M","M","R","?","R","T","?","M","M","M","E","R","BOSS","M","M","$","M","M","R","M","?","T","?","R","?","M","M"],"build_version":"2019-01-23","purchased_purges":1,"victory":false,"max_hp_per_floor":[75,75,75,75,75,75,75,75,75,75,75,75,75,75,75,75,75,75,75,75,75,75,75,75,75,75,75,75,75,75,75],"card_choices":[{"not_picked":["Stack","Aggregate"],"picked":"Leap","floor":1},{"not_picked":["Leap","Barrage"],"picked":"Cold Snap","floor":3},{"not_picked":["Steam","Hologram"],"picked":"Conserve Battery","floor":4},{"not_picked":["Redo","Storm"],"picked":"Coolheaded","floor":5},{"not_picked":["Static Discharge","Seek+1"],"picked":"Blizzard","floor":11},{"not_picked":["Sweeping Beam","Gash"],"picked":"Conserve Battery+1","floor":12},{"not_picked":["Compile Driver","Conserve Battery+1"],"picked":"Auto Shields+1","floor":13},{"not_picked":["Reinforced Body+1","Compile Driver"],"picked":"Blizzard","floor":14},{"not_picked":["Meteor Strike","Fission+1"],"picked":"Creative AI","floor":16},{"not_picked":["Leap+1","Go for the Eyes"],"picked":"Stack+1","floor":18},{"not_picked":["Go for the Eyes+1","Coolheaded+1"],"picked":"Chaos+1","floor":19},{"not_picked":["Hologram+1","Compile Driver"],"picked":"Cold Snap","floor":21},{"not_picked":["Ball Lightning","Heatsinks"],"picked":"Streamline","floor":22},{"not_picked":["Streamline","Conserve Battery+1"],"picked":"Doom and Gloom","floor":24},{"not_picked":["Rip and Tear","Steam+1"],"picked":"Storm","floor":29},{"not_picked":["BootSequence+1","Barrage+1"],"picked":"Amplify+1","floor":30}],"player_experience":86876,"relics_obtained":[{"floor":9,"key":"Toxic Egg 2"},{"floor":14,"key":"Ginger"}],"event_choices":[{"damage_healed":0,"gold_gain":0,"player_choice":"Entered Light","damage_taken":15,"max_hp_gain":0,"max_hp_loss":0,"event_name":"Shining Light","floor":2,"gold_loss":0,"cards_upgraded":["Defend_B","Strike_B"]},{"damage_healed":0,"gold_gain":175,"player_choice":"AGREE","damage_taken":0,"max_hp_gain":0,"max_hp_loss":0,"event_name":"Liars Game","floor":7,"gold_loss":0,"cards_obtained":["Doubt"]},{"cards_removed":["Doubt"],"damage_healed":0,"gold_gain":0,"player_choice":"Forget","damage_taken":0,"max_hp_gain":0,"max_hp_loss":0,"event_name":"Living Wall","floor":10,"gold_loss":0},{"damage_healed":0,"gold_gain":0,"player_choice":"Inject Mutagens","damage_taken":0,"relics_obtained":["MutagenicStrength"],"max_hp_gain":0,"max_hp_loss":0,"event_name":"Drug Dealer","floor":25,"gold_loss":0},{"damage_healed":0,"gold_gain":100,"player_choice":"Pray","damage_taken":0,"max_hp_gain":0,"max_hp_loss":0,"event_name":"Golden Shrine","floor":27,"gold_loss":0}],"is_beta":false,"boss_relics":[{"not_picked":["Fusion Hammer","Orrery"],"picked":"Nuclear Battery"}],"items_purged_floors":[20],"is_endless":false,"potions_floor_spawned":[3,5,16,19,21,22,24],"killed_by":"Cultist and Chosen","ascension_level":0}