{"gold_per_floor":[113,126,76,76,95,95,95,160,160,160,160,192,206,223,223,321,321,331,317,317],"floor_reached":20,"playtime":946,"items_purged":[],"score":174,"play_id":"42abcf15-d654-4d40-9eb6-3a6f3a52a1a9","local_time":"20190102065306","is_ascension_mode":false,"campfire_choices":[{"data":"Envenom","floor":6,"key":"SMITH"},{"floor":10,"key":"REST"},{"floor":15,"key":"REST"}],"neow_cost":"NONE","seed_source_timestamp":1080244061582414,"circlet_count":0,"master_deck":["Defend_G","Defend_G","Defend_G","Defend_G","Strike_G","Strike_G","Strike_G","Strike_G","Survivor","Neutralize","Outmaneuver","Escape Plan","Envenom+1","Deflect","Flying Knee","Leg Sweep","Infinite Blades","Noxious Fumes","After Image","Distraction","Bane"],"relics":["Ring of the Snake","NeowsBlessing","Anchor","Omamori","Oddly Smooth Stone","Bag of Marbles","Eternal Feather"],"potions_floor_usage":[16,16,16,19,19],"damage_taken":[{"damage":0,"enemies":"2 Louse","floor":1,"turns":1},{"damage":0,"enemies":"Cultist","floor":2,"turns":1},{"damage":0,"enemies":"Small Slimes","floor":5,"turns":1},{"damage":32,"enemies":"3 Sentries","floor":8,"turns":15},{"damage":18,"enemies":"3 Sentries","floor":12,"turns":12},{"damage":0,"enemies":"2 Fungi Beasts","floor":13,"turns":5},{"damage":5,"enemies":"Gremlin Gang","floor":14,"turns":6},{"damage":1,"enemies":"Hexaghost","floor":16,"turns":8},{"damage":8,"enemies":"Shell Parasite","floor":18,"turns":10},{"damage":19,"enemies":"2 Thieves","floor":19,"turns":4},{"damage":46,"enemies":"Chosen and Byrds","floor":20,"turns":5}],"seed_played":"4774972147719059974","potions_obtained":[{"floor":8,"key":"Swift Potion"},{"floor":12,"key":"PowerPotion"},{"floor":14,"key":"Fire Potion"},{"floor":16,"key":"Strength Potion"},{"floor":18,"key":"Poison Potion"}],"is_trial":false,"path_per_floor":["M","M","?","?","M","R","?","?","T","R","?","E","M","M","R","B",null,"M","M","M"],"character_chosen":"THE_SILENT","items_purchased":[],"campfire_rested":2,"item_purchase_floors":[],"current_hp_per_floor":[70,70,70,70,70,70,52,20,20,41,41,23,23,18,39,38,70,62,43,0],"gold":317,"neow_bonus":"THREE_ENEMY_KILL","is_prod":false,"is_daily":false,"chose_seed":false,"campfire_upgraded":1,"win_rate":0,"timestamp":1546379586,"path_taken":["M","M","?","?","?","R","?","?","T","R","?","E","M","M","R","BOSS","M","?","M"],"build_version":"2018-12-20","purchased_purges":0,"victory":false,"max_hp_per_floor":[70,70,70,70,70,70,70,70,70,70,70,70,70,70,70,70,70,70,70,70],"card_choices":[{"not_picked":["Cloak And Dagger","PiercingWail"],"picked":"Outmaneuver","floor":1},{"not_picked":["Quick Slash","Outmaneuver"],"picked":"Escape Plan","floor":2},{"not_picked":["Bane","Riddle With Holes"],"picked":"Deflect","floor":5},{"not_picked":["Acrobatics","Prepared"],"picked":"Flying Knee","floor":8},{"not_picked":["Quick Slash","Deadly Poison"],"picked":"Leg Sweep","floor":12},{"not_picked":["All Out Attack","Heel Hook"],"picked":"Infinite Blades","floor":13},{"not_picked":["Flying Knee","Acrobatics"],"picked":"Noxious Fumes","floor":14},{"not_picked":["Night Terror","Venomology"],"picked":"After Image","floor":16},{"not_picked":["Blur","Deflect+1"],"picked":"Distraction","floor":18},{"not_picked":["Expertise","Blade Dance"],"picked":"Bane","floor":19}],"player_experience":304051,"relics_obtained":[{"floor":8,"key":"Omamori"},{"floor":9,"key":"Oddly Smooth Stone"},{"floor":12,"key":"Bag of Marbles"}],"event_choices":[{"cards_removed":["Defend_G"],"damage_healed":0,"gold_gain":0,"player_choice":"Card Removal","damage_taken":0,"max_hp_gain":0,"max_hp_loss":0,"event_name":"The Cleric","floor":3,"gold_loss":50},{"damage_healed":0,"gold_gain":0,"cards_transformed":["Strike_G"],"player_choice":"Transformed","damage_taken":0,"max_hp_gain":0,"max_hp_loss":0,"event_name":"Transmorgrifier","floor":4,"gold_loss":0,"cards_obtained":["Envenom"]},{"damage_healed":0,"gold_gain":0,"player_choice":"Success","damage_taken":18,"relics_obtained":["Anchor"],"max_hp_gain":0,"max_hp_loss":0,"event_name":"Scrap Ooze","floor":7,"gold_loss":0},{"damage_healed":0,"gold_gain":0,"player_choice":"Searched \u00271\u0027 times","damage_taken":0,"max_hp_gain":0,"max_hp_loss":0,"event_name":"Dead Adventurer","floor":8,"gold_loss":0},{"damage_healed":0,"gold_gain":0,"player_choice":"Bought 0 Potions","damage_taken":0,"max_hp_gain":0,"max_hp_loss":0,"event_name":"The Woman in Blue","floor":11,"gold_loss":0}],"is_beta":false,"boss_relics":[{"not_picked":["HoveringKite","Calling Bell"],"picked":"Eternal Feather"}],"items_purged_floors":[],"is_endless":false,"potions_floor_spawned":[8,12,14,16,18],"killed_by":"Chosen and Byrds","ascension_level":0}