{"gold_per_floor":[113,113,6,22,86,116,116,132,186,248,273,350,362,389,401,485,497,529,3,13,21,21],"floor_reached":22,"playtime":1083,"items_purged":["Strike_R"],"score":376,"play_id":"e23fa2ac-6e39-4a4a-923b-571791acfb9f","local_time":"20190315193129","is_ascension_mode":true,"campfire_choices":[{"floor":7,"key":"REST"},{"floor":13,"key":"REST"},{"floor":15,"key":"REST"}],"neow_cost":"TEN_PERCENT_HP_LOSS","seed_source_timestamp":172994649456456,"circlet_count":0,"master_deck":["AscendersBane","Strike_R","Strike_R","Strike_R","Defend_R","Defend_R","Defend_R","Defend_R","Bash","Flex","Thunderclap","Inflame","Berserk","Dropkick","Thunderclap","Disarm","Spot Weakness","Limit Break","Anger","Panache","Battle Trance","Feel No Pain","Disarm+1","Corruption"],"relics":["Burning Blood","Bird Faced Urn","SsserpentHead","Pen Nib","Ornamental Fan","MawBank","Mark of Pain","Tiny Chest"],"potions_floor_usage":[11,16,18],"damage_taken":[{"damage":7,"enemies":"Cultist","floor":1,"turns":4},{"damage":9,"enemies":"2 Louse","floor":4,"turns":3},{"damage":9,"enemies":"Jaw Worm","floor":5,"turns":3},{"damage":69,"enemies":"Gremlin Nob","floor":6,"turns":5},{"damage":22,"enemies":"2 Fungi Beasts","floor":8,"turns":4},{"damage":14,"enemies":"Red Slaver","floor":11,"turns":2},{"damage":1,"enemies":"3 Louse","floor":12,"turns":2},{"damage":14,"enemies":"Gremlin Gang","floor":14,"turns":5},{"damage":29,"enemies":"Hexaghost","floor":16,"turns":7},{"damage":32,"enemies":"3 Byrds","floor":18,"turns":6},{"damage":38,"enemies":"Shell Parasite","floor":20,"turns":5},{"damage":13,"enemies":"Snake Plant","floor":22,"turns":3}],"seed_played":"-442741726071635882","potions_obtained":[{"floor":4,"key":"FairyPotion"},{"floor":6,"key":"Poison Potion"},{"floor":14,"key":"FearPotion"},{"floor":16,"key":"Weak Potion"},{"floor":20,"key":"Explosive Potion"}],"is_trial":false,"path_per_floor":["M","?","$","M","M","E","R","M","T","?","M","M","R","M","R","B",null,"M","$","M","$","M"],"character_chosen":"IRONCLAD","items_purchased":["Pen Nib","Panache","Battle Trance","Feel No Pain","Tiny Chest","Corruption"],"campfire_rested":3,"item_purchase_floors":[3,19,19,19,19,21],"current_hp_per_floor":[67,67,67,64,61,12,32,18,18,18,12,19,39,35,55,36,60,36,36,10,10,0],"gold":21,"neow_bonus":"ONE_RARE_RELIC","is_prod":false,"is_daily":false,"chose_seed":false,"campfire_upgraded":0,"win_rate":0,"timestamp":1552699889,"path_taken":["M","?","?","M","?","E","R","M","T","?","M","?","R","M","R","BOSS","M","$","M","?","M"],"build_version":"2019-01-23","purchased_purges":1,"victory":false,"max_hp_per_floor":[68,68,68,68,68,68,68,68,68,68,68,68,68,68,68,68,68,68,68,68,68,68],"card_choices":[{"not_picked":["Armaments","Wild Strike"],"picked":"Flex","floor":1},{"not_picked":["Sword Boomerang","Pummel"],"picked":"Thunderclap","floor":4},{"not_picked":["Pommel Strike","Thunderclap"],"picked":"Inflame","floor":5},{"not_picked":["Whirlwind","Sword Boomerang"],"picked":"Berserk","floor":6},{"not_picked":["True Grit","Seeing Red"],"picked":"Dropkick","floor":8},{"not_picked":["Cleave","Clothesline"],"picked":"Thunderclap","floor":11},{"not_picked":["Entrench","Reaper"],"picked":"Disarm","floor":12},{"not_picked":["Metallicize","Pommel Strike"],"picked":"Spot Weakness","floor":14},{"not_picked":["Barricade","Impervious"],"picked":"Limit Break","floor":16},{"not_picked":["Havoc","Cleave"],"picked":"Anger","floor":18},{"not_picked":["Perfected Strike","Warcry+1"],"picked":"Disarm+1","floor":20}],"player_experience":1436362,"relics_obtained":[{"floor":6,"key":"Ornamental Fan"},{"floor":9,"key":"MawBank"}],"event_choices":[{"damage_healed":0,"gold_gain":0,"player_choice":"Trade","damage_taken":0,"relics_obtained":["SsserpentHead"],"max_hp_gain":0,"max_hp_loss":0,"event_name":"FaceTrader","floor":2,"gold_loss":0},{"cards_removed":["Strike_R"],"damage_healed":0,"gold_gain":0,"player_choice":"Purged","damage_taken":0,"max_hp_gain":0,"max_hp_loss":0,"event_name":"Purifier","floor":10,"gold_loss":0}],"is_beta":false,"boss_relics":[{"not_picked":["Sozu","Orrery"],"picked":"Mark of Pain"}],"items_purged_floors":[19],"is_endless":false,"potions_floor_spawned":[4,6,14,16,20],"killed_by":"Snake Plant","ascension_level":20}