{"gold_per_floor":[366,366,84,96,108,138,148,148,148,158,158,175,175,193,193,271,271,287,304,318,60,60,60,60,0,0,0,14,29,29,29],"floor_reached":31,"playtime":2851,"items_purged":["Defend_R","Strike_R"],"score":478,"play_id":"7942a2ce-20d5-4503-b0dd-192b771ef674","local_time":"20181107171401","is_ascension_mode":true,"campfire_choices":[{"floor":11.0,"key":"REST"},{"data":"Chrysalis","floor":15.0,"key":"SMITH"},{"floor":23,"key":"REST"},{"data":"Armaments","floor":27,"key":"SMITH"},{"floor":30,"key":"REST"}],"neow_cost":"PERCENT_DAMAGE","seed_source_timestamp":0,"circlet_count":0,"master_deck":["AscendersBane","Strike_R+1","Strike_R","Defend_R","Defend_R","Defend_R","Bash+1","Carnage","Chrysalis+1","Pommel Strike","Shockwave","Body Slam","Ghostly Armor","Limit Break","Fiend Fire","Shrug It Off","Seeing Red","Demon Form","Flex","Armaments+1","RitualDagger","Burning Pact+1"],"special_seed":0,"relics":["Burning Blood","Question Card","Blue Candle","Runic Pyramid","Whetstone","Art of War"],"potions_floor_usage":[22,31],"damage_taken":[{"damage":11.0,"enemies":"Jaw Worm","floor":1.0,"turns":4.0},{"damage":7.0,"enemies":"Small Slimes","floor":4.0,"turns":4.0},{"damage":1.0,"enemies":"Cultist","floor":5.0,"turns":4.0},{"damage":40.0,"enemies":"3 Sentries","floor":6.0,"turns":10.0},{"damage":1.0,"enemies":"Large Slime","floor":7.0,"turns":4.0},{"damage":8.0,"enemies":"2 Fungi Beasts","floor":10.0,"turns":4.0},{"damage":22.0,"enemies":"Gremlin Gang","floor":12.0,"turns":5.0},{"damage":8.0,"enemies":"Looter","floor":14.0,"turns":3.0},{"damage":9.0,"enemies":"Slime Boss","floor":16.0,"turns":9.0},{"damage":22,"enemies":"Spheric Guardian","floor":18,"turns":4},{"damage":2,"enemies":"Chosen","floor":19,"turns":3},{"damage":28,"enemies":"Snake Plant","floor":20,"turns":4},{"damage":19,"enemies":"Colosseum Slavers","floor":22,"turns":7},{"damage":16,"enemies":"Sentry and Sphere","floor":28,"turns":4},{"damage":8,"enemies":"Shelled Parasite and Fungi","floor":29,"turns":3},{"damage":40,"enemies":"Slavers","floor":31,"turns":2}],"seed_played":"-8568568141732779735","potions_obtained":[{"floor":1.0,"key":"Block Potion"},{"floor":4.0,"key":"Block Potion"},{"floor":5.0,"key":"SteroidPotion"},{"floor":6.0,"key":"EssenceOfSteel"},{"floor":20,"key":"EssenceOfSteel"},{"floor":29,"key":"Ancient Potion"}],"is_trial":false,"path_per_floor":["M","?","$","M","M","E","M","?","T","M","R","M","?","M","R","B",null,"M","M","M","$","?","R","?","?","T","R","M","M","R","E"],"character_chosen":"IRONCLAD","items_purchased":["Chrysalis","Whetstone"],"campfire_rested":3,"item_purchase_floors":[3,21],"current_hp_per_floor":[45,38,38,37,42,8,13,13,13,11,33,17,17,15,15,12,59,43,47,25,25,12,34,28,28,28,28,18,16,38,0],"gold":29,"neow_bonus":"TWO_FIFTY_GOLD","is_prod":false,"is_daily":false,"chose_seed":false,"campfire_upgraded":2,"win_rate":0,"timestamp":1541603641,"path_taken":["M","?","$","M","M","E","M","?","T","?","R","M","?","M","R","BOSS","M","M","M","$","?","R","?","?","T","R","M","M","R","E"],"build_version":"2018-11-06","purchased_purges":2,"victory":false,"max_hp_per_floor":[75,75,75,75,75,75,75,75,75,75,75,75,75,75,75,75,75,75,75,75,75,75,75,75,75,75,75,75,75,75,75],"card_choices":[{"not_picked":["Headbutt","Sentinel"],"picked":"Carnage","floor":1.0},{"not_picked":["Havoc","Perfected Strike"],"picked":"Pommel Strike","floor":4.0},{"not_picked":["Armaments","Perfected Strike"],"picked":"Shockwave","floor":5.0},{"not_picked":["Twin Strike","Thunderclap"],"picked":"Body Slam","floor":6.0},{"not_picked":["True Grit","Hemokinesis","Pummel"],"picked":"Ghostly Armor","floor":7.0},{"not_picked":["Feel No Pain","Body Slam","Combust"],"picked":"Fiend Fire","floor":10.0},{"not_picked":["Havoc","Flex","Combust"],"picked":"Shrug It Off","floor":12.0},{"not_picked":["Wild Strike","Twin Strike","Havoc"],"picked":"Seeing Red","floor":14.0},{"not_picked":["Fiend Fire","Berserk","Exhume"],"picked":"Demon Form","floor":16.0},{"not_picked":["Cleave","Reckless Charge+1","Wild Strike+1"],"picked":"Flex","floor":18},{"not_picked":["Iron Wave","Twin Strike","Bloodletting"],"picked":"Armaments","floor":19},{"not_picked":["Clash","Bloodletting","Wild Strike","Infernal Blade"],"picked":"SKIP","floor":20},{"not_picked":["Iron Wave","Seeing Red","Cleave"],"picked":"Burning Pact+1","floor":28},{"not_picked":["Body Slam","Warcry","Fiend Fire","Heavy Blade"],"picked":"SKIP","floor":29}],"player_experience":628154,"relics_obtained":[{"floor":6.0,"key":"Question Card"},{"floor":9.0,"key":"Blue Candle"},{"floor":26,"key":"Art of War"}],"event_choices":[{"cards_removed":["Strike_R"],"damage_healed":0.0,"max_hp_gain":0.0,"max_hp_loss":0.0,"gold_gain":0.0,"event_name":"Golden Wing","player_choice":"Card Removal","floor":2.0,"gold_loss":0.0,"damage_taken":7.0},{"damage_healed":0.0,"max_hp_gain":0.0,"max_hp_loss":0.0,"gold_gain":0.0,"event_name":"Match and Keep!","player_choice":"1 cards matched","floor":8.0,"gold_loss":0.0,"damage_taken":0.0,"cards_obtained":["Limit Break"]},{"cards_removed":["Strike_R"],"damage_healed":0.0,"max_hp_gain":0.0,"max_hp_loss":0.0,"gold_gain":0.0,"event_name":"Living Wall","player_choice":"Forget","floor":13.0,"gold_loss":0.0,"damage_taken":0.0},{"damage_healed":0,"gold_gain":0,"player_choice":"Fight","damage_taken":0,"max_hp_gain":0,"max_hp_loss":0,"event_name":"Colosseum","floor":22,"gold_loss":0},{"damage_healed":0,"gold_gain":0,"player_choice":"Fled From Nobs","damage_taken":0,"max_hp_gain":0,"max_hp_loss":0,"event_name":"Colosseum","floor":22,"gold_loss":0},{"damage_healed":0,"gold_gain":0,"player_choice":"Joined the Cult","damage_taken":6,"max_hp_gain":0,"max_hp_loss":0,"event_name":"Nest","floor":24,"gold_loss":0,"cards_obtained":["RitualDagger"]},{"damage_healed":0,"gold_gain":0,"player_choice":"Paid Fearfully","damage_taken":0,"max_hp_gain":0,"max_hp_loss":0,"event_name":"Masked Bandits","floor":25,"gold_loss":60}],"is_beta":true,"boss_relics":[{"not_picked":["Runic Cube","Philosopher\u0027s Stone"],"picked":"Runic Pyramid"}],"items_purged_floors":[3,21],"is_endless":false,"potions_floor_spawned":[1,4,5,6,20,29],"killed_by":"Slavers","ascension_level":20}