{"path_per_floor":["M","?","M","?","M","E","$","R","T","M","M","R","$","M","R","B",null,"M","$","?","M","?","E","R","M","T","?","M","R","M","M","R","B",null,"M","?","$","?","M","R","M","$","T","E","?","?","R","?","R","B"],"character_chosen":"THE_SILENT","items_purchased":["Footwork","Shuriken","Infinite Blades","Footwork","Pear","Regen Potion","Dark Shackles","Juzu Bracelet","Accuracy"],"gold_per_floor":[368,368,386,386,400,434,28,28,28,47,57,57,22,38,38,138,138,151,17,17,16,16,47,47,65,365,365,385,385,401,420,420,524,524,538,589,61,61,72,72,90,22,22,49,49,0,0,0,0,0],"floor_reached":51,"campfire_rested":4,"playtime":5194,"current_hp_per_floor":[54,47,46,51,47,22,22,45,45,45,43,43,43,42,42,33,66,44,44,44,35,35,22,46,38,38,22,22,22,22,27,52,49,78,54,8,18,18,23,53,38,38,38,31,88,88,88,77,77,9],"items_purged":["Strike_G","Strike_G"],"gold":0,"score":669,"play_id":"95babf1c-5b6a-4a8a-af44-5d67fb18af63","is_prod":false,"is_daily":false,"is_ascension_mode":true,"campfire_upgraded":5,"path_taken":["M","?","M","?","?","E","$","R","T","M","M","R","$","M","R","BOSS","M","$","?","M","?","E","R","M","T","?","M","R","M","M","R","BOSS","M","?","$","?","M","R","M","$","T","E","?","?","R","?","R","BOSS"],"build_version":"2018-02-15-PROD1","purchased_purges":2,"victory":true,"master_deck":["Survivor","Neutralize","Accuracy+1","Blade Dance+1","Footwork+1","Backstab","Backflip","Infinite Blades+1","Flying Knee","After Image","Riddle With Holes+1","Glass Knife+1","Deflect+1","Footwork+1","Infinite Blades+1","Blade Dance+1","Well Laid Plans+1","Slice","Dagger Spray","Masterful Stab","Deflect","Dark Shackles","Accuracy+1","Cloak And Dagger+1","Accuracy+1","Footwork+1","Madness","Madness"],"max_hp_per_floor":[70,70,70,75,75,77,77,77,77,77,77,77,77,77,77,77,77,79,79,79,81,81,81,81,83,83,83,83,83,83,85,85,87,87,89,91,101,101,101,101,101,101,101,101,88,88,88,88,88,88],"relics":["Ring of the Snake","Singing Bowl","Shuriken","Dead Branch","Astrolabe","Frozen Egg 2","Old Coin","Enchiridion","Pandora\u0027s Box","Du-Vu Doll","Pear","Juzu Bracelet","Blue Candle","Ginger","Red Mask"],"card_choices":[{"not_picked":["Deadly Poison","Bane"],"picked":"Accuracy"},{"not_picked":["Deflect","Dodge and Roll"],"picked":"Blade Dance"},{"not_picked":["Sucker Punch","Dagger Spray"],"picked":"Backstab"},{"not_picked":["Reflex","All Out Attack"],"picked":"Backflip"},{"not_picked":["Tactician","Poisoned Stab"],"picked":"Flying Knee"},{"not_picked":["Night Terror","Die Die Die"],"picked":"After Image"},{"not_picked":["Dodge and Roll","Caltrops"],"picked":"Infinite Blades"},{"not_picked":["Leg Sweep","Blur"],"picked":"Blade Dance"},{"not_picked":["Masterful Stab","Deflect"],"picked":"Well Laid Plans"},{"not_picked":["All Out Attack","Outmaneuver"],"picked":"Accuracy"},{"not_picked":["Deflect","Acrobatics"],"picked":"Cloak And Dagger"},{"not_picked":["Outmaneuver","Terror"],"picked":"Footwork"}],"player_experience":254853,"potions_floor_usage":[6,16,23,31,33,33,39,50,50],"damage_taken":[{"damage":16,"enemies":"Jaw Worm","floor":1,"turns":7},{"damage":1,"enemies":"2 Louse","floor":3,"turns":2},{"damage":4,"enemies":"Small Slimes","floor":5,"turns":4},{"damage":27,"enemies":"3 Sentries","floor":6,"turns":9},{"damage":0,"enemies":"2 Fungi Beasts","floor":10,"turns":4},{"damage":2,"enemies":"Large Slime","floor":11,"turns":4},{"damage":1,"enemies":"Looter","floor":14,"turns":3},{"damage":24,"enemies":"Hexaghost","floor":16,"turns":9},{"damage":24,"enemies":"3 Byrds","floor":18,"turns":5},{"damage":11,"enemies":"2 Thieves","floor":21,"turns":4},{"damage":13,"enemies":"Slavers","floor":23,"turns":9},{"damage":10,"enemies":"Centurion and Healer","floor":25,"turns":7},{"damage":0,"enemies":"Sentry and Sphere","floor":28,"turns":3},{"damage":0,"enemies":"Cultist and Chosen","floor":30,"turns":4},{"damage":3,"enemies":"Snake Plant","floor":31,"turns":4},{"damage":5,"enemies":"Champ","floor":33,"turns":6},{"damage":26,"enemies":"3 Darklings","floor":35,"turns":4},{"damage":48,"enemies":"Mysterious Sphere","floor":36,"turns":4},{"damage":4,"enemies":"3 Shapes","floor":39,"turns":4},{"damage":15,"enemies":"Maw","floor":41,"turns":6},{"damage":7,"enemies":"Giant Head","floor":44,"turns":4},{"damage":68,"enemies":"Time Eater","floor":50,"turns":8}],"event_choices":[{"event_name":"Golden Wing","player_choice":"Card Removal","floor":2,"damage_taken":0},{"event_name":"Big Fish","player_choice":"Donut","floor":4,"damage_taken":0},{"event_name":"Beggar","player_choice":"Ignored","floor":20,"damage_taken":0},{"event_name":"Addict","player_choice":"Ignored","floor":22,"damage_taken":0},{"event_name":"Cursed Tome","player_choice":"Obtained Book","floor":27,"damage_taken":0},{"event_name":"Mysterious Sphere","player_choice":"Fight","floor":36,"damage_taken":0},{"event_name":"The Moai Head","player_choice":"Heal","floor":45,"damage_taken":0},{"event_name":"Tomb of Lord Red Mask","player_choice":"Paid","floor":46,"damage_taken":0},{"event_name":"Winding Halls","player_choice":"Embrace Madness","floor":48,"damage_taken":0}],"boss_relics":[{"not_picked":["Ectoplasm","Lizard Tail"],"picked":"Astrolabe"},{"not_picked":["White Beast Statue","Runic Pyramid"],"picked":"Pandora\u0027s Box"}],"potions_floor_spawned":[1,10,11,16,25,30,31,41,44],"seed_played":"6710274711968774406","ascension_level":5,"is_trial":false}