{"gold_per_floor":[119,44,62,73,84,112,112,131,131,148,163,14,43,43,43,166,166,181,181,5,19,19,19,379,396,396,396,422,422,433,468,468,468],"floor_reached":33,"playtime":1444,"items_purged":["Injury","Normality"],"score":371,"play_id":"671b7c22-291a-4ccd-9a36-acc4a3c93f48","local_time":"20190309173312","is_ascension_mode":true,"campfire_choices":[{"data":"Immolate","floor":7,"key":"SMITH"},{"data":"Disarm","floor":15,"key":"SMITH"},{"data":"RitualDagger","floor":23,"key":"SMITH"},{"floor":27,"key":"REST"},{"floor":32,"key":"REST"}],"neow_cost":"CURSE","seed_source_timestamp":5283055580721,"circlet_count":0,"master_deck":["Strike_R","Strike_R","Strike_R","Strike_R","Strike_R","Defend_R","Defend_R","Defend_R","Defend_R","Bash","Immolate+1","Disarm+1","Iron Wave","Sentinel","Shockwave","Thunderclap","Impervious","Juggernaut","Brutality","Shame","Decay","Clothesline","Inflame+1","RitualDagger+1","Rage+1","Wild Strike+1"],"relics":["Burning Blood","Art of War","Mercury Hourglass","Self Forming Clay","Bloody Idol","Calling Bell","Ancient Tea Set","Frozen Egg 2","WingedGreaves","Centennial Puzzle","Blood Vial","MutagenicStrength","Orichalcum"],"potions_floor_usage":[25,33],"damage_taken":[{"damage":15,"enemies":"Cultist","floor":1,"turns":5},{"damage":0,"enemies":"2 Louse","floor":3,"turns":1},{"damage":5,"enemies":"Jaw Worm","floor":4,"turns":3},{"damage":6,"enemies":"Red Slaver","floor":5,"turns":6},{"damage":25,"enemies":"3 Sentries","floor":6,"turns":6},{"damage":0,"enemies":"2 Fungi Beasts","floor":8,"turns":2},{"damage":1,"enemies":"Looter","floor":10,"turns":2},{"damage":2,"enemies":"Large Slime","floor":11,"turns":4},{"damage":23,"enemies":"Lagavulin","floor":13,"turns":7},{"damage":9,"enemies":"Slime Boss","floor":16,"turns":8},{"damage":11,"enemies":"Chosen","floor":18,"turns":5},{"damage":15,"enemies":"Shell Parasite","floor":21,"turns":5},{"damage":27,"enemies":"Centurion and Healer","floor":25,"turns":8},{"damage":18,"enemies":"Slavers","floor":28,"turns":2},{"damage":10,"enemies":"Snecko","floor":30,"turns":5},{"damage":32,"enemies":"Book of Stabbing","floor":31,"turns":6},{"damage":55,"enemies":"Champ","floor":33,"turns":10}],"seed_played":"-2152200235868277441","potions_obtained":[{"floor":3,"key":"BloodPotion"},{"floor":6,"key":"SpeedPotion"},{"floor":8,"key":"SteroidPotion"},{"floor":25,"key":"SpeedPotion"},{"floor":30,"key":"Fire Potion"}],"is_trial":false,"path_per_floor":["M","$","M","M","M","E","R","M","T","M","M","$","E","?","R","B",null,"M","?","$","M","?","R","?","M","T","R","E","?","M","E","R","B"],"character_chosen":"IRONCLAD","items_purchased":["Impervious","Inflame+1"],"campfire_rested":2,"item_purchase_floors":[12,20],"current_hp_per_floor":[71,71,77,78,78,59,59,65,65,70,74,74,57,57,57,54,69,64,64,64,60,54,54,39,30,30,52,45,45,48,29,51,0],"gold":468,"neow_bonus":"THREE_RARE_CARDS","is_prod":false,"is_daily":false,"chose_seed":false,"campfire_upgraded":3,"win_rate":0,"timestamp":1552170792,"path_taken":["M","?","M","M","M","E","R","M","T","?","M","$","E","?","R","BOSS","M","?","$","M","?","R","?","?","T","R","E","?","M","E","R","BOSS"],"build_version":"2019-01-23","purchased_purges":2,"victory":false,"max_hp_per_floor":[80,80,80,80,80,80,80,80,80,80,80,80,80,74,74,74,74,74,74,74,74,74,74,74,74,74,74,74,74,74,74,74,74],"card_choices":[{"not_picked":["Berserk","Exhume"],"picked":"Immolate","floor":0},{"not_picked":["Havoc","Sword Boomerang","Blood for Blood"],"picked":"SKIP","floor":1},{"not_picked":["Burning Pact","Iron Wave"],"picked":"Disarm","floor":3},{"not_picked":["Pummel","Corruption"],"picked":"Iron Wave","floor":4},{"not_picked":["Twin Strike","Sword Boomerang"],"picked":"Sentinel","floor":5},{"not_picked":["Bludgeon","Battle Trance","Havoc"],"picked":"SKIP","floor":6},{"not_picked":["Sever Soul","Pommel Strike","Anger"],"picked":"SKIP","floor":8},{"not_picked":["True Grit","Hemokinesis"],"picked":"Shockwave","floor":10},{"not_picked":["Clothesline","Body Slam"],"picked":"Thunderclap","floor":11},{"not_picked":["Power Through","Wild Strike"],"picked":"Juggernaut","floor":13},{"not_picked":["Berserk","Bludgeon"],"picked":"Brutality","floor":16},{"not_picked":["Cleave","Wild Strike"],"picked":"Clothesline","floor":18},{"not_picked":["Corruption+1","Twin Strike","Carnage"],"picked":"SKIP","floor":21},{"not_picked":["Wild Strike","Perfected Strike","Blood for Blood"],"picked":"SKIP","floor":25},{"not_picked":["Pommel Strike","Barricade+1","Body Slam"],"picked":"SKIP","floor":28},{"not_picked":["Second Wind","Heavy Blade+1"],"picked":"Rage+1","floor":30},{"not_picked":["Headbutt","Hemokinesis"],"picked":"Wild Strike+1","floor":31}],"player_experience":281349,"relics_obtained":[{"floor":6,"key":"Art of War"},{"floor":9,"key":"Mercury Hourglass"},{"floor":13,"key":"Self Forming Clay"},{"floor":17,"key":"Ancient Tea Set"},{"floor":17,"key":"Frozen Egg 2"},{"floor":17,"key":"WingedGreaves"},{"floor":26,"key":"Centennial Puzzle"},{"floor":28,"key":"Blood Vial"},{"floor":31,"key":"Orichalcum"}],"event_choices":[{"damage_healed":0,"gold_gain":0,"player_choice":"Lose Max HP","damage_taken":0,"relics_obtained":["Golden Idol"],"max_hp_gain":0,"max_hp_loss":6,"event_name":"Golden Idol","floor":14,"gold_loss":0},{"damage_healed":0,"gold_gain":0,"player_choice":"Gave Idol","damage_taken":0,"relics_obtained":["Bloody Idol"],"max_hp_gain":0,"max_hp_loss":0,"event_name":"Forgotten Altar","floor":19,"relics_lost":["Golden Idol"],"gold_loss":0},{"damage_healed":0,"gold_gain":0,"player_choice":"Joined the Cult","damage_taken":6,"max_hp_gain":0,"max_hp_loss":0,"event_name":"Nest","floor":22,"gold_loss":0,"cards_obtained":["RitualDagger"]},{"damage_healed":0,"gold_gain":360,"player_choice":"GOLD GOLD GOLD GOLD ","damage_taken":35,"max_hp_gain":0,"max_hp_loss":0,"event_name":"Knowing Skull","floor":24,"potions_obtained":[],"gold_loss":0,"cards_obtained":[]},{"damage_healed":0,"gold_gain":0,"player_choice":"Inject Mutagens","damage_taken":0,"relics_obtained":["MutagenicStrength"],"max_hp_gain":0,"max_hp_loss":0,"event_name":"Drug Dealer","floor":29,"gold_loss":0}],"is_beta":false,"boss_relics":[{"not_picked":["Tiny House","Snecko Eye"],"picked":"Calling Bell"}],"items_purged_floors":[2,20],"is_endless":false,"potions_floor_spawned":[3,6,8,11,13,16,25,28,30],"killed_by":"Champ","ascension_level":5}