{"gold_per_floor":[119,136,146,159,159,194,211,236,236,262,262,262,279,343,355,367],"floor_reached":16,"playtime":1474,"items_purged":[],"score":122,"play_id":"c622a572-5a37-456b-83c5-4bf69dfd6a02","local_time":"20190202172640","is_ascension_mode":false,"campfire_choices":[{"floor":15.0,"key":"REST"}],"neow_cost":"NONE","seed_source_timestamp":0,"circlet_count":0,"master_deck":["Strike_B","Strike_B","Strike_B","Defend_B","Defend_B","Defend_B","Zap","Dualcast","Go for the Eyes","Beam Cell","Hologram","Hologram","Chill","Coolheaded","Redo","BootSequence","Machine Learning","Hologram","Genetic Algorithm"],"special_seed":0,"relics":["Cracked Core","Omamori","Juzu Bracelet","DataDisk","Gremlin Horn","MawBank"],"potions_floor_usage":[],"damage_taken":[{"damage":0.0,"enemies":"Jaw Worm","floor":1.0,"turns":3.0},{"damage":7.0,"enemies":"2 Louse","floor":2.0,"turns":2.0},{"damage":0.0,"enemies":"Cultist","floor":3.0,"turns":3.0},{"damage":0.0,"enemies":"3 Louse","floor":4.0,"turns":3.0},{"damage":16.0,"enemies":"3 Sentries","floor":6.0,"turns":8.0},{"damage":7.0,"enemies":"Looter","floor":7.0,"turns":3.0},{"damage":18.0,"enemies":"Gremlin Nob","floor":8.0,"turns":4.0},{"damage":5.0,"enemies":"3 Sentries","floor":10.0,"turns":11.0},{"damage":0.0,"enemies":"Exordium Thugs","floor":13.0,"turns":5.0},{"damage":13.0,"enemies":"Gremlin Nob","floor":14.0,"turns":4.0},{"damage":41,"enemies":"Hexaghost","floor":16,"turns":11}],"seed_played":"-3677576868356958481","potions_obtained":[{"floor":2.0,"key":"FocusPotion"},{"floor":4.0,"key":"SteroidPotion"},{"floor":6.0,"key":"PowerPotion"},{"floor":8.0,"key":"Weak Potion"}],"is_trial":false,"path_per_floor":["M","M","M","M","?","E","M","E","T","E","?","?","M","?","R","B"],"character_chosen":"DEFECT","items_purchased":[],"campfire_rested":1,"item_purchase_floors":[],"current_hp_per_floor":[75,68,68,68,73,57,50,32,32,27,27,27,27,14,38,0],"gold":367,"neow_bonus":"TRANSFORM_CARD","is_prod":false,"is_daily":false,"chose_seed":false,"campfire_upgraded":0,"win_rate":0,"timestamp":1549146400,"path_taken":["M","M","M","M","?","E","M","E","T","E","?","?","M","?","R","BOSS"],"build_version":"2019-01-23","purchased_purges":0,"victory":false,"max_hp_per_floor":[75,75,75,75,80,80,80,80,80,80,80,80,80,80,80,80],"card_choices":[{"not_picked":["Cold Snap","Ball Lightning"],"picked":"Beam Cell","floor":1.0},{"not_picked":["Double Energy","Meteor Strike"],"picked":"Hologram","floor":2.0},{"not_picked":["Undo","Coolheaded"],"picked":"Hologram","floor":3.0},{"not_picked":["Chaos","Barrage"],"picked":"Chill","floor":4.0},{"not_picked":["Leap","Meteor Strike"],"picked":"Coolheaded","floor":6.0},{"not_picked":["Ball Lightning","Sweeping Beam"],"picked":"Redo","floor":7.0},{"not_picked":["Tempest","Beam Cell"],"picked":"BootSequence","floor":8.0},{"not_picked":["Sweeping Beam","Compile Driver","Undo"],"picked":"SKIP","floor":10.0},{"not_picked":["Barrage","Double Energy"],"picked":"Hologram","floor":13.0},{"not_picked":["Heatsinks","Streamline"],"picked":"Genetic Algorithm","floor":14.0}],"player_experience":133542,"relics_obtained":[{"floor":6.0,"key":"Omamori"},{"floor":8.0,"key":"Juzu Bracelet"},{"floor":10.0,"key":"DataDisk"},{"floor":14.0,"key":"MawBank"}],"event_choices":[{"damage_healed":0.0,"max_hp_gain":5.0,"max_hp_loss":0.0,"gold_gain":0.0,"event_name":"Big Fish","player_choice":"Donut","floor":5.0,"gold_loss":0.0,"damage_taken":0.0},{"damage_healed":0.0,"max_hp_gain":0.0,"max_hp_loss":0.0,"gold_gain":0.0,"cards_transformed":["Defend_B"],"event_name":"Living Wall","player_choice":"Change","floor":11.0,"gold_loss":0.0,"damage_taken":0.0,"cards_obtained":["Machine Learning"]},{"damage_healed":0.0,"max_hp_gain":0.0,"max_hp_loss":0.0,"gold_gain":0.0,"event_name":"WeMeetAgain","player_choice":"Gave Potion","floor":12.0,"gold_loss":0.0,"damage_taken":0.0,"relics_obtained":["Gremlin Horn"]},{"damage_healed":0.0,"max_hp_gain":0.0,"max_hp_loss":0.0,"gold_gain":0.0,"event_name":"Dead Adventurer","player_choice":"Searched \u00271\u0027 times","floor":14.0,"gold_loss":0.0,"damage_taken":0.0}],"is_beta":false,"boss_relics":[],"items_purged_floors":[],"is_endless":false,"potions_floor_spawned":[2,4,6,8],"killed_by":"Hexaghost","ascension_level":0}