{"gold_per_floor":[118,136,136,146,32,32,57,57,109,89,89,121,21,39,39,113,113,129,129,139,159,74,74],"floor_reached":23,"playtime":1246,"items_purged":["Strike_G","Strike_G"],"score":398,"play_id":"065065ce-02a6-477b-aa75-221b899908a7","local_time":"20190314194954","is_ascension_mode":true,"campfire_choices":[{"data":"Dash","floor":6.0,"key":"SMITH"},{"floor":11.0,"key":"REST"},{"data":"Neutralize","floor":15.0,"key":"SMITH"}],"neow_cost":"NONE","seed_source_timestamp":734401860652,"circlet_count":0,"master_deck":["AscendersBane","Defend_G","Defend_G+1","Defend_G","Defend_G","Defend_G","Strike_G+1","Strike_G","Strike_G","Survivor","Neutralize+1","Dagger Spray","Flying Knee","Dagger Throw","Dash+1","Bouncing Flask","Cloak And Dagger","Cloak And Dagger","Malaise","Deflect","Catalyst","Caltrops","PiercingWail","Deadly Poison"],"special_seed":0,"relics":["Ring of the Snake","Boot","Strawberry","Meat on the Bone","Pen Nib","Potion Belt","Coffee Dripper","Prayer Wheel","Juzu Bracelet"],"potions_floor_usage":[16,23],"damage_taken":[{"damage":0.0,"enemies":"Cultist","floor":1.0,"turns":4.0},{"damage":1.0,"enemies":"2 Louse","floor":2.0,"turns":3.0},{"damage":7.0,"enemies":"Small Slimes","floor":4.0,"turns":4.0},{"damage":8.0,"enemies":"3 Sentries","floor":7.0,"turns":10.0},{"damage":12.0,"enemies":"Lagavulin","floor":12.0,"turns":6.0},{"damage":0.0,"enemies":"2 Fungi Beasts","floor":14.0,"turns":4.0},{"damage":4,"enemies":"The Guardian","floor":16,"turns":12},{"damage":15,"enemies":"2 Thieves","floor":18,"turns":5},{"damage":0,"enemies":"3 Byrds","floor":20,"turns":5},{"damage":20,"enemies":"Centurion and Healer","floor":21,"turns":9},{"damage":48,"enemies":"Slavers","floor":23,"turns":3}],"seed_played":"5628255239953155574","potions_obtained":[{"floor":1.0,"key":"EssenceOfSteel"},{"floor":4.0,"key":"Strength Potion"},{"floor":10.0,"key":"Strength Potion"}],"is_trial":false,"path_per_floor":["M","M","?","M","$","R","E","?","T","?","R","E","$","M","R","B",null,"M","T","M","M","?","E"],"character_chosen":"THE_SILENT","items_purchased":["Dash"],"campfire_rested":1,"item_purchase_floors":[5],"current_hp_per_floor":[59,58,39,32,32,32,24,2,2,2,23,23,23,35,35,43,66,51,51,51,43,43,0],"gold":74,"neow_bonus":"RANDOM_COMMON_RELIC","is_prod":false,"is_daily":false,"chose_seed":false,"campfire_upgraded":2,"win_rate":0,"timestamp":1552618194,"path_taken":["M","M","?","M","$","R","E","?","T","?","R","E","$","M","R","BOSS","M","?","?","M","?","E"],"build_version":"2019-02-06","purchased_purges":2,"victory":false,"max_hp_per_floor":[66,66,73,73,73,73,73,73,73,73,73,73,73,73,73,73,73,73,73,73,73,73,73],"card_choices":[{"not_picked":["Blade Dance","Outmaneuver"],"picked":"Dagger Spray","floor":1.0},{"not_picked":["Underhanded Strike","Expertise"],"picked":"Flying Knee","floor":2.0},{"not_picked":["Catalyst","Flying Knee"],"picked":"Dagger Throw","floor":4.0},{"not_picked":["Endless Agony","Underhanded Strike"],"picked":"Bouncing Flask","floor":7.0},{"not_picked":["All Out Attack","Reflex"],"picked":"Cloak And Dagger","floor":12.0},{"not_picked":["Backflip","Heel Hook"],"picked":"Cloak And Dagger","floor":14.0},{"not_picked":["Venomology","Adrenaline"],"picked":"Malaise","floor":16},{"not_picked":["Cloak And Dagger","Tactician"],"picked":"Deflect","floor":18},{"not_picked":["Caltrops","Prepared"],"picked":"Catalyst","floor":20},{"not_picked":["Underhanded Strike","Riddle With Holes"],"picked":"Caltrops","floor":20},{"not_picked":["Backflip","Outmaneuver"],"picked":"PiercingWail","floor":21},{"not_picked":["Choke","Backflip"],"picked":"Deadly Poison","floor":21}],"player_experience":1365575,"relics_obtained":[{"floor":7.0,"key":"Meat on the Bone"},{"floor":9.0,"key":"Pen Nib"},{"floor":12.0,"key":"Potion Belt"},{"floor":19,"key":"Prayer Wheel"}],"event_choices":[{"damage_healed":0.0,"max_hp_gain":0.0,"max_hp_loss":0.0,"gold_gain":0.0,"event_name":"Scrap Ooze","player_choice":"Success","floor":3.0,"gold_loss":0.0,"damage_taken":26.0,"relics_obtained":["Strawberry"]},{"damage_healed":0.0,"max_hp_gain":0.0,"max_hp_loss":0.0,"gold_gain":0.0,"event_name":"Shining Light","player_choice":"Entered Light","floor":8.0,"gold_loss":0.0,"damage_taken":22.0,"cards_upgraded":["Defend_G","Strike_G"]},{"damage_healed":0.0,"max_hp_gain":0.0,"max_hp_loss":0.0,"gold_gain":0.0,"event_name":"The Woman in Blue","player_choice":"Bought 1 Potion","floor":10.0,"gold_loss":0.0,"damage_taken":0.0},{"damage_healed":0,"gold_gain":0,"player_choice":"Obtained Relic","damage_taken":0,"relics_obtained":["Juzu Bracelet"],"max_hp_gain":0,"max_hp_loss":0,"event_name":"Addict","floor":22,"gold_loss":85}],"is_beta":true,"boss_relics":[{"not_picked":["WristBlade","Orrery"],"picked":"Coffee Dripper"}],"items_purged_floors":[5,13],"is_endless":false,"potions_floor_spawned":[1,4],"killed_by":"Slavers","ascension_level":20}