{"gold_per_floor":[116,291,309,319,319,351,351,368,394,426,426,426,40,63,63,63],"floor_reached":16,"playtime":869,"items_purged":["Doubt"],"score":110,"play_id":"e7fcd2c7-e84d-4ba7-811c-4af22eb7722a","local_time":"20190127161525","is_ascension_mode":false,"campfire_choices":[{"data":"Combust","floor":7,"key":"SMITH"},{"floor":15,"key":"REST"}],"neow_cost":"NONE","seed_source_timestamp":1400704103914830,"circlet_count":0,"master_deck":["Strike_R","Strike_R","Strike_R","Strike_R","Strike_R","Defend_R","Defend_R+1","Defend_R+1","Defend_R","Bash","Rage","Bloodletting","Combust+1","Dropkick","Armaments","Dual Wield","Regret","Flex+1","Warcry+1"],"relics":["Burning Blood","NeowsBlessing","Ornamental Fan","War Paint","Anchor","PreservedInsect","Regal Pillow","Golden Idol","Toxic Egg 2"],"potions_floor_usage":[6,16,16],"damage_taken":[{"damage":0,"enemies":"Jaw Worm","floor":1,"turns":1},{"damage":0,"enemies":"2 Louse","floor":3,"turns":2},{"damage":0,"enemies":"Cultist","floor":4,"turns":1},{"damage":50,"enemies":"Gremlin Nob","floor":6,"turns":6},{"damage":10,"enemies":"Blue Slaver","floor":8,"turns":3},{"damage":19,"enemies":"Lagavulin","floor":10,"turns":7},{"damage":12,"enemies":"Large Slime","floor":14,"turns":4},{"damage":51,"enemies":"The Guardian","floor":16,"turns":6}],"seed_played":"-554694415947410312","potions_obtained":[{"floor":4,"key":"LiquidBronze"},{"floor":6,"key":"SteroidPotion"},{"floor":10,"key":"SkillPotion"}],"is_trial":false,"path_per_floor":["M","?","M","M","T","E","R","M","T","E","?","?","$","M","R","B"],"character_chosen":"IRONCLAD","items_purchased":["Toxic Egg 2","Flex+1"],"campfire_rested":1,"item_purchase_floors":[13,13],"current_hp_per_floor":[80,80,80,80,80,36,36,32,32,19,19,19,19,13,50,0],"gold":63,"neow_bonus":"THREE_ENEMY_KILL","is_prod":false,"is_daily":false,"chose_seed":false,"campfire_upgraded":1,"win_rate":0.0,"timestamp":1548623725,"path_taken":["M","?","M","M","?","E","R","M","T","E","?","?","$","M","R","BOSS"],"build_version":"2019-01-23","purchased_purges":1,"victory":false,"max_hp_per_floor":[80,80,80,80,80,80,80,80,80,80,80,74,74,74,74,74],"card_choices":[{"not_picked":["True Grit","Flex"],"picked":"Rage","floor":1},{"not_picked":["Thunderclap","Combust"],"picked":"Bloodletting","floor":3},{"not_picked":["Shockwave","Perfected Strike"],"picked":"Combust","floor":4},{"not_picked":["Armaments","Body Slam"],"picked":"Dropkick","floor":6},{"not_picked":["Body Slam","Dark Embrace"],"picked":"Armaments","floor":8},{"not_picked":["Spot Weakness","Anger"],"picked":"Dual Wield","floor":10},{"not_picked":["Anger","Wild Strike"],"picked":"Warcry+1","floor":14}],"player_experience":30151,"relics_obtained":[{"floor":5,"key":"Ornamental Fan"},{"floor":6,"key":"War Paint"},{"floor":9,"key":"Anchor"},{"floor":10,"key":"PreservedInsect"}],"event_choices":[{"damage_healed":0,"gold_gain":175,"player_choice":"AGREE","damage_taken":0,"max_hp_gain":0,"max_hp_loss":0,"event_name":"Liars Game","floor":2,"gold_loss":0,"cards_obtained":["Doubt"]},{"damage_healed":0,"gold_gain":0,"player_choice":"Box","damage_taken":0,"relics_obtained":["Regal Pillow"],"max_hp_gain":0,"max_hp_loss":0,"event_name":"Big Fish","floor":11,"gold_loss":0,"cards_obtained":["Regret"]},{"damage_healed":0,"gold_gain":0,"player_choice":"Lose Max HP","damage_taken":0,"relics_obtained":["Golden Idol"],"max_hp_gain":0,"max_hp_loss":6,"event_name":"Golden Idol","floor":12,"gold_loss":0}],"is_beta":false,"boss_relics":[],"items_purged_floors":[13],"is_endless":false,"potions_floor_spawned":[4,6,10],"killed_by":"The Guardian","ascension_level":0}