{"gold_per_floor":[118,141,168,180,206,218,257,269,361,400,476,125,175,191,191,288,288,305,109,159,226,5,5,31,81,81,81,131,131,232,249,249,353,353,366,383,433,443,345,372,372,422,447,497,513,513,616,632,632,632],"floor_reached":51,"playtime":2350,"items_purged":["Defend_B","Writhe","Writhe","Strike_B"],"score":889,"play_id":"e0459983-d3b6-4e9f-9f40-01bf143184f9","local_time":"20190111011026","is_ascension_mode":true,"campfire_choices":[{"data":"Zap","floor":6,"key":"SMITH"},{"data":"Conserve Battery","floor":8,"key":"SMITH"},{"data":"Defragment","floor":15,"key":"SMITH"},{"data":"Glacier","floor":23,"key":"SMITH"},{"data":"Blizzard","floor":27,"key":"SMITH"},{"data":"Streamline","floor":29,"key":"SMITH"},{"data":"Loop","floor":32,"key":"SMITH"},{"floor":41,"key":"REST"},{"data":"Steam Power","floor":46,"key":"SMITH"},{"data":"Dualcast","floor":49,"key":"SMITH"}],"neow_cost":"TEN_PERCENT_HP_LOSS","seed_source_timestamp":106685876727591,"circlet_count":0,"master_deck":["Defend_B","Zap+1","Dualcast+1","Melter+1","Loop+1","Conserve Battery+1","Self Repair","Steam Power+1","Glacier+1","Blizzard+1","Conserve Battery","Defragment+1","Streamline+1","Seek+1","Go for the Eyes+1","Jack Of All Trades+1","Cold Snap+1","Blizzard+1","Heatsinks+1","All For One+1","Fission+1","Multi-Cast+1","FTL+1","Redo+1","Madness+1","Bandage Up+1","Purity+1","Gash+1","Go for the Eyes+1","Madness+1","Madness+1","White Noise+1","Hologram+1"],"relics":["Cracked Core","MawBank","SsserpentHead","Happy Flower","Ornamental Fan","Blood Vial","Toxic Egg 2","Thread and Needle","Calling Bell","PreservedInsect","Pantograph","WingedGreaves","Ancient Tea Set","Omamori","Bottled Tornado","Molten Egg 2","Smiling Mask","Astrolabe","Bag of Preparation","Whetstone","Peace Pipe"],"potions_floor_usage":[7,10,24,33,33,40,47,48],"damage_taken":[{"damage":1,"enemies":"Cultist","floor":1,"turns":4},{"damage":3,"enemies":"Small Slimes","floor":3,"turns":3},{"damage":4,"enemies":"Jaw Worm","floor":5,"turns":3},{"damage":10,"enemies":"Gremlin Nob","floor":7,"turns":3},{"damage":13,"enemies":"Lagavulin","floor":10,"turns":6},{"damage":14,"enemies":"3 Louse","floor":11,"turns":4},{"damage":9,"enemies":"Red Slaver","floor":14,"turns":3},{"damage":0,"enemies":"The Guardian","floor":16,"turns":13},{"damage":0,"enemies":"Chosen","floor":18,"turns":6},{"damage":4,"enemies":"Shell Parasite","floor":21,"turns":8},{"damage":0,"enemies":"Book of Stabbing","floor":24,"turns":5},{"damage":0,"enemies":"Shelled Parasite and Fungi","floor":31,"turns":6},{"damage":38,"enemies":"Champ","floor":33,"turns":11},{"damage":5,"enemies":"3 Shapes","floor":35,"turns":4},{"damage":0,"enemies":"Orb Walker","floor":36,"turns":4},{"damage":8,"enemies":"Maw","floor":38,"turns":9},{"damage":56,"enemies":"Reptomancer","floor":40,"turns":6},{"damage":7,"enemies":"Sphere and 2 Shapes","floor":45,"turns":3},{"damage":17,"enemies":"2 Orb Walkers","floor":47,"turns":5},{"damage":0,"enemies":"Transient","floor":48,"turns":5},{"damage":10,"enemies":"Donu and Deca","floor":50,"turns":9}],"seed_played":"-5524887513515810580","potions_obtained":[{"floor":1,"key":"Poison Potion"},{"floor":7,"key":"SteroidPotion"},{"floor":10,"key":"SteroidPotion"},{"floor":11,"key":"Ancient Potion"},{"floor":18,"key":"Energy Potion"},{"floor":31,"key":"FocusPotion"},{"floor":33,"key":"Fruit Juice"},{"floor":35,"key":"Energy Potion"},{"floor":47,"key":"Swift Potion"}],"is_trial":false,"path_per_floor":["M","T","M","?","M","R","E","R","T","E","M","$","?","M","R","B",null,"M","$","?","M","$","R","E","?","T","R","?","R","T","M","R","B",null,"M","M","?","M","$","E","R","?","T","?","M","R","?","M","R","B",null],"character_chosen":"DEFECT","items_purchased":["Toxic Egg 2","Defragment","Jack Of All Trades+1","Ancient Tea Set","Go for the Eyes+1"],"campfire_rested":1,"item_purchase_floors":[12,12,19,22,39],"current_hp_per_floor":[67,67,64,64,67,67,64,64,64,58,53,53,53,53,53,62,68,68,68,68,68,68,68,68,65,65,65,65,65,65,65,65,39,70,70,70,60,67,67,29,50,50,50,41,49,49,47,62,62,70],"gold":632,"neow_bonus":"TRANSFORM_TWO_CARDS","is_prod":false,"is_daily":false,"chose_seed":false,"campfire_upgraded":9,"win_rate":0,"timestamp":1547136626,"path_taken":["M","?","?","?","M","R","E","R","T","E","?","$","?","M","R","BOSS","M","$","?","?","?","R","E","?","T","R","?","R","?","M","R","BOSS","M","M","?","M","$","E","R","?","T","?","M","R","?","M","R","BOSS"],"build_version":"2019-01-03v4","purchased_purges":4,"victory":true,"max_hp_per_floor":[68,68,68,68,68,68,68,68,68,68,68,68,68,68,68,68,68,68,68,68,68,68,68,68,65,65,65,65,65,65,65,65,70,70,70,70,70,70,70,70,70,70,70,70,70,70,70,70,70,70],"card_choices":[{"not_picked":["Compile Driver","Sweeping Beam"],"picked":"Conserve Battery","floor":1},{"not_picked":["Leap","Fusion"],"picked":"Self Repair","floor":3},{"not_picked":["Melter","Rebound"],"picked":"Steam Power","floor":5},{"not_picked":["Conserve Battery","Barrage"],"picked":"Glacier","floor":7},{"not_picked":["Fission","Aggregate"],"picked":"Blizzard","floor":10},{"not_picked":["Glacier","Recycle"],"picked":"Conserve Battery","floor":11},{"not_picked":["Hello World","Gash"],"picked":"Streamline","floor":14},{"not_picked":["Hyperbeam","Creative AI"],"picked":"Seek+1","floor":16},{"not_picked":["Compile Driver","Conserve Battery+1"],"picked":"Go for the Eyes+1","floor":18},{"not_picked":["Leap+1","BootSequence+1"],"picked":"Cold Snap","floor":21},{"not_picked":["Static Discharge","Conserve Battery+1"],"picked":"Blizzard","floor":24},{"not_picked":["Undo+1","Barrage+1"],"picked":"Heatsinks+1","floor":31},{"not_picked":["Meteor Strike+1","Fission+1"],"picked":"All For One+1","floor":33},{"not_picked":["Conserve Battery+1","Rebound+1","Steam+1"],"picked":"SKIP","floor":35},{"not_picked":["Steam+1","Sunder+1"],"picked":"Redo+1","floor":36},{"not_picked":["Enlightenment+1","Deep Breath+1"],"picked":"Madness+1","floor":37},{"not_picked":["Purity+1","Discovery+1"],"picked":"Bandage Up+1","floor":37},{"not_picked":["Mind Blast+1","Forethought+1"],"picked":"Purity+1","floor":37},{"not_picked":["Scrape+1","Doom and Gloom+1"],"picked":"Gash+1","floor":38},{"not_picked":["Conserve Battery+1","Self Repair","Hyperbeam+1"],"picked":"SKIP","floor":40},{"not_picked":["Leap+1","Barrage+1","Go for the Eyes+1"],"picked":"SKIP","floor":45},{"not_picked":["Storm","Force Field+1"],"picked":"White Noise+1","floor":47},{"not_picked":["Sunder+1","Leap+1"],"picked":"Hologram+1","floor":48}],"player_experience":382567,"relics_obtained":[{"floor":2,"key":"MawBank"},{"floor":7,"key":"Happy Flower"},{"floor":9,"key":"Ornamental Fan"},{"floor":10,"key":"Blood Vial"},{"floor":17,"key":"PreservedInsect"},{"floor":17,"key":"Pantograph"},{"floor":17,"key":"WingedGreaves"},{"floor":24,"key":"Omamori"},{"floor":26,"key":"Bottled Tornado"},{"floor":30,"key":"Smiling Mask"},{"floor":40,"key":"Bag of Preparation"},{"floor":43,"key":"Whetstone"},{"floor":47,"key":"Peace Pipe"}],"event_choices":[{"damage_healed":0,"gold_gain":0,"player_choice":"Trade","damage_taken":0,"relics_obtained":["SsserpentHead"],"max_hp_gain":0,"max_hp_loss":0,"event_name":"FaceTrader","floor":4,"gold_loss":0},{"damage_healed":0,"gold_gain":0,"player_choice":"Searched \u00271\u0027 times","damage_taken":0,"relics_obtained":["Thread and Needle"],"max_hp_gain":0,"max_hp_loss":0,"event_name":"Dead Adventurer","floor":13,"gold_loss":0},{"damage_healed":0,"gold_gain":0,"player_choice":"Upgraded","damage_taken":0,"max_hp_gain":0,"max_hp_loss":0,"event_name":"Upgrade Shrine","floor":20,"gold_loss":0,"cards_upgraded":["Blizzard"]},{"cards_removed":["Parasite"],"damage_healed":0,"gold_gain":0,"player_choice":"Elegance","damage_taken":0,"max_hp_gain":0,"max_hp_loss":0,"event_name":"Back to Basics","floor":25,"gold_loss":0},{"damage_healed":0,"gold_gain":0,"player_choice":"Stole Relic","damage_taken":0,"relics_obtained":["Molten Egg 2"],"max_hp_gain":0,"max_hp_loss":0,"event_name":"Addict","floor":28,"gold_loss":0,"cards_obtained":["Shame"]},{"damage_healed":0,"gold_gain":0,"player_choice":"Memory 3","damage_taken":10,"max_hp_gain":0,"max_hp_loss":0,"event_name":"SensoryStone","floor":37,"gold_loss":0},{"damage_healed":0,"gold_gain":0,"player_choice":"Ignored","damage_taken":0,"max_hp_gain":0,"max_hp_loss":0,"event_name":"Tomb of Lord Red Mask","floor":42,"gold_loss":0},{"damage_healed":0,"gold_gain":0,"player_choice":"Embrace Madness","damage_taken":9,"max_hp_gain":0,"max_hp_loss":0,"event_name":"Winding Halls","floor":44,"gold_loss":0,"cards_obtained":["Madness","Madness"]},{"damage_healed":0,"gold_gain":0,"player_choice":"Fight","damage_taken":0,"max_hp_gain":0,"max_hp_loss":0,"event_name":"Mysterious Sphere","floor":47,"gold_loss":0}],"is_beta":false,"boss_relics":[{"not_picked":["Velvet Choker","Eternal Feather"],"picked":"Calling Bell"},{"not_picked":["Philosopher\u0027s Stone","Tiny House"],"picked":"Astrolabe"}],"items_purged_floors":[12,19,22,39],"is_endless":false,"potions_floor_spawned":[1,7,10,11,18,31,33,35,47],"ascension_level":1}