{"gold_per_floor":[119,132,132,132,142,142,157,157,212,232,232],"floor_reached":11,"playtime":297,"items_purged":[],"score":65,"play_id":"80a42f79-3d3c-4ca1-8738-29cf78370c2a","local_time":"20190218180154","is_ascension_mode":false,"campfire_choices":[{"floor":6.0,"key":"RECALL"}],"neow_cost":"NONE","seed_source_timestamp":0,"circlet_count":0,"master_deck":["Strike_B","Strike_B","Strike_B","Strike_B","Defend_B","Defend_B","Defend_B","Defend_B","Zap","Dualcast","Compile Driver","Capacitor","Regret","Conserve Battery","Cold Snap"],"special_seed":0,"relics":["Cracked Core","NeowsBlessing","Sundial","Blood Vial"],"potions_floor_usage":[],"damage_taken":[{"damage":0.0,"enemies":"2 Louse","floor":1.0,"turns":1.0},{"damage":0.0,"enemies":"Jaw Worm","floor":2.0,"turns":1.0},{"damage":0.0,"enemies":"Cultist","floor":5.0,"turns":1.0},{"damage":12.0,"enemies":"Looter","floor":7.0,"turns":3.0},{"damage":25.0,"enemies":"Gremlin Gang","floor":10.0,"turns":5.0},{"damage":0,"enemies":"3 Sentries","floor":11,"turns":1}],"seed_played":"1543034940780138842","potions_obtained":[{"floor":5.0,"key":"FairyPotion"},{"floor":10.0,"key":"SmokeBomb"}],"is_trial":false,"path_per_floor":["M","M","?","?","M","R","M","T","T","M","E"],"character_chosen":"DEFECT","items_purchased":[],"campfire_rested":0,"item_purchase_floors":[],"current_hp_per_floor":[75,75,75,75,75,75,63,63,63,40,42],"gold":232,"neow_bonus":"THREE_ENEMY_KILL","is_prod":false,"is_daily":false,"chose_seed":false,"campfire_upgraded":0,"win_rate":0,"timestamp":1550530914,"path_taken":["M","M","?","?","M","R","M","?","T","M","E"],"build_version":"2019-01-23","purchased_purges":0,"victory":false,"max_hp_per_floor":[75,75,75,75,75,75,75,75,75,75,75],"card_choices":[{"not_picked":["Streamline","Rebound"],"picked":"Compile Driver","floor":1.0},{"not_picked":["Compile Driver","Go for the Eyes"],"picked":"Capacitor","floor":2.0},{"not_picked":["Turbo","Thunder Strike","Reprogram"],"picked":"SKIP","floor":5.0},{"not_picked":["Leap","Sweeping Beam"],"picked":"Conserve Battery","floor":7.0},{"not_picked":["Force Field","Sweeping Beam"],"picked":"Cold Snap","floor":10.0}],"player_experience":205168,"relics_obtained":[{"floor":9.0,"key":"Blood Vial"}],"event_choices":[{"damage_healed":0.0,"max_hp_gain":0.0,"max_hp_loss":0.0,"gold_gain":0.0,"event_name":"Liars Game","player_choice":"Ignored","floor":3.0,"gold_loss":0.0,"damage_taken":0.0},{"damage_healed":0.0,"max_hp_gain":0.0,"max_hp_loss":0.0,"gold_gain":0.0,"event_name":"Big Fish","player_choice":"Box","floor":4.0,"gold_loss":0.0,"damage_taken":0.0,"relics_obtained":["Sundial"],"cards_obtained":["Regret"]}],"is_beta":false,"boss_relics":[],"items_purged_floors":[],"is_endless":false,"potions_floor_spawned":[5,10],"killed_by":"3 Sentries","ascension_level":0}