{"gold_per_floor":[111,111,111,136,151,185,185,208,208,229,229,229,250,273,273,398,398,417,516,516,531,547,590,590,613,613,637,132,132,153,177,177,177],"floor_reached":33,"playtime":1428,"items_purged":["Shame"],"score":273,"play_id":"1c49b4b8-9fc2-4629-8a27-afd3a039415b","local_time":"20190102034638","is_ascension_mode":false,"campfire_choices":[{"data":"Bouncing Flask","floor":7,"key":"SMITH"},{"data":"Neutralize","floor":11,"key":"SMITH"},{"floor":15,"key":"REST"},{"floor":24,"key":"REST"},{"floor":29,"key":"REST"},{"floor":32,"key":"REST"}],"neow_cost":"NONE","seed_source_timestamp":1068574301474409,"circlet_count":0,"master_deck":["Defend_G","Defend_G","Defend_G","Defend_G","Defend_G","Strike_G","Strike_G+1","Strike_G","Strike_G","Strike_G","Survivor","Neutralize+1","Bouncing Flask+1","Tactician","Flying Knee","Outmaneuver","Outmaneuver","Bane","Adrenaline","Terror","Calculated Gamble","Distraction","Crippling Poison","Noxious Fumes","Poisoned Stab+1","Footwork","Sadistic Nature","Madness"],"relics":["Ring of the Snake","Blood Vial","Golden Idol","Gremlin Horn","FossilizedHelix","Ice Cream","Cursed Key","Incense Burner","Whetstone","PreservedInsect"],"potions_floor_usage":[6,13,13,23,27,33],"damage_taken":[{"damage":0,"enemies":"2 Louse","floor":1,"turns":3},{"damage":4,"enemies":"Jaw Worm","floor":4,"turns":5},{"damage":9,"enemies":"Small Slimes","floor":5,"turns":5},{"damage":25,"enemies":"Gremlin Nob","floor":6,"turns":4},{"damage":6,"enemies":"Blue Slaver","floor":8,"turns":3},{"damage":3,"enemies":"Exordium Wildlife","floor":10,"turns":5},{"damage":10,"enemies":"Large Slime","floor":13,"turns":6},{"damage":0,"enemies":"Red Slaver","floor":14,"turns":3},{"damage":15,"enemies":"The Guardian","floor":16,"turns":9},{"damage":18,"enemies":"3 Byrds","floor":18,"turns":6},{"damage":0,"enemies":"Chosen","floor":21,"turns":4},{"damage":26,"enemies":"Shelled Parasite and Fungi","floor":22,"turns":6},{"damage":13,"enemies":"Book of Stabbing","floor":23,"turns":5},{"damage":14,"enemies":"Snake Plant","floor":25,"turns":3},{"damage":5,"enemies":"Centurion and Healer","floor":27,"turns":6},{"damage":15,"enemies":"Shelled Parasite and Fungi","floor":30,"turns":5},{"damage":5,"enemies":"Snake Plant","floor":31,"turns":4},{"damage":61,"enemies":"Collector","floor":33,"turns":7}],"seed_played":"-6812583184209204526","potions_obtained":[{"floor":4,"key":"Ancient Potion"},{"floor":5,"key":"Strength Potion"},{"floor":8,"key":"Poison Potion"},{"floor":10,"key":"AttackPotion"},{"floor":18,"key":"Dexterity Potion"},{"floor":22,"key":"FearPotion"},{"floor":23,"key":"GamblersBrew"},{"floor":25,"key":"Dexterity Potion"}],"is_trial":false,"path_per_floor":["M","?","?","M","M","E","R","M","T","M","R","?","M","M","R","B",null,"M","?","?","M","M","E","R","M","T","M","$","R","M","M","R","B"],"character_chosen":"THE_SILENT","items_purchased":["Sadistic Nature","Madness","PreservedInsect"],"campfire_rested":4,"item_purchase_floors":[28,28,28],"current_hp_per_floor":[70,70,70,66,59,36,36,32,32,31,31,13,5,7,28,15,70,52,52,52,54,30,19,40,28,28,25,25,46,33,30,51,0],"gold":177,"neow_bonus":"RANDOM_COMMON_RELIC","is_prod":false,"is_daily":false,"chose_seed":false,"campfire_upgraded":2,"win_rate":0,"timestamp":1546368398,"path_taken":["M","?","?","M","M","E","R","M","T","M","R","?","M","M","R","BOSS","M","?","?","?","M","E","R","M","T","M","$","R","M","M","R","BOSS"],"build_version":"2018-12-20","purchased_purges":1,"victory":false,"max_hp_per_floor":[70,70,70,70,70,70,70,70,70,70,70,70,70,70,70,70,70,70,70,70,70,70,70,70,70,70,70,70,70,70,70,70,70],"card_choices":[{"not_picked":["Flying Knee","Cloak And Dagger"],"picked":"Bouncing Flask","floor":1},{"not_picked":["Masterful Stab","Setup"],"picked":"Tactician","floor":4},{"not_picked":["Slice","Accuracy"],"picked":"Flying Knee","floor":5},{"not_picked":["Dagger Spray","Accuracy"],"picked":"Outmaneuver","floor":6},{"not_picked":["Storm of Steel","Flying Knee"],"picked":"Outmaneuver","floor":8},{"not_picked":["Caltrops","Setup","Sucker Punch"],"picked":"SKIP","floor":10},{"not_picked":["Cloak And Dagger","Flying Knee"],"picked":"Bane","floor":13},{"not_picked":["Storm of Steel","Cloak And Dagger","Bane"],"picked":"SKIP","floor":14},{"not_picked":["A Thousand Cuts","Die Die Die"],"picked":"Adrenaline","floor":16},{"not_picked":["Sucker Punch","Flechettes"],"picked":"Terror","floor":18},{"not_picked":["Quick Slash","Dagger Throw"],"picked":"Distraction","floor":21},{"not_picked":["Poisoned Stab+1","Bane"],"picked":"Crippling Poison","floor":22},{"not_picked":["Underhanded Strike","Blade Dance+1"],"picked":"Noxious Fumes","floor":23},{"not_picked":["Acrobatics","Underhanded Strike"],"picked":"Poisoned Stab","floor":25},{"not_picked":["Underhanded Strike","Malaise"],"picked":"Footwork","floor":27},{"not_picked":["Noxious Fumes","Sucker Punch","Deflect+1"],"picked":"SKIP","floor":30},{"not_picked":["Dagger Throw+1","Distraction+1","Eviscerate"],"picked":"SKIP","floor":31}],"player_experience":292589,"relics_obtained":[{"floor":6,"key":"Gremlin Horn"},{"floor":9,"key":"FossilizedHelix"},{"floor":23,"key":"Incense Burner"},{"floor":26,"key":"Whetstone"}],"event_choices":[{"damage_healed":0,"gold_gain":0,"player_choice":"Take Wound","damage_taken":0,"relics_obtained":["Golden Idol"],"max_hp_gain":0,"max_hp_loss":0,"event_name":"Golden Idol","floor":2,"gold_loss":0,"cards_obtained":["Injury"]},{"cards_removed":["Injury"],"damage_healed":0,"gold_gain":0,"player_choice":"Forget","damage_taken":0,"max_hp_gain":0,"max_hp_loss":0,"event_name":"Living Wall","floor":3,"gold_loss":0},{"damage_healed":0,"gold_gain":0,"player_choice":"Success","damage_taken":18,"relics_obtained":["Ice Cream"],"max_hp_gain":0,"max_hp_loss":0,"event_name":"Scrap Ooze","floor":12,"gold_loss":0},{"damage_healed":0,"gold_gain":99,"player_choice":"Stole From Cult","damage_taken":0,"max_hp_gain":0,"max_hp_loss":0,"event_name":"Nest","floor":19,"gold_loss":0},{"damage_healed":0,"gold_gain":0,"player_choice":"Read","damage_taken":0,"max_hp_gain":0,"max_hp_loss":0,"event_name":"The Library","floor":20,"gold_loss":0,"cards_obtained":["Calculated Gamble"]}],"is_beta":false,"boss_relics":[{"not_picked":["HoveringKite","Fusion Hammer"],"picked":"Cursed Key"}],"items_purged_floors":[28],"is_endless":false,"potions_floor_spawned":[4,5,8,10,18,22,23,25],"killed_by":"Collector","ascension_level":0}