{"gold_per_floor":[111,111,127,137,149,149,179,179,179,155,155],"floor_reached":11,"playtime":321,"items_purged":[],"score":91,"play_id":"bd1c0c5c-1c9e-4315-ac80-529f302bda7e","local_time":"20190308223413","is_ascension_mode":true,"campfire_choices":[{"data":"Limit Break","floor":6,"key":"SMITH"},{"floor":8,"key":"REST"}],"neow_cost":"PERCENT_DAMAGE","seed_source_timestamp":1663873470320738,"circlet_count":0,"master_deck":["Strike_R","Strike_R","Strike_R","Strike_R","Defend_R","Defend_R","Defend_R","Defend_R","Bash","Limit Break+1","Heavy Blade","Spot Weakness","Warcry","Disarm","Rage"],"relics":["Burning Blood","Potion Belt","Juzu Bracelet"],"potions_floor_usage":[7,11],"damage_taken":[{"damage":12,"enemies":"Small Slimes","floor":1,"turns":4},{"damage":1,"enemies":"Cultist","floor":3,"turns":4},{"damage":6,"enemies":"2 Louse","floor":4,"turns":5},{"damage":31,"enemies":"Lots of Slimes","floor":5,"turns":8},{"damage":18,"enemies":"Gremlin Nob","floor":7,"turns":4},{"damage":45,"enemies":"Lagavulin","floor":11,"turns":6}],"seed_played":"5562227055993595225","potions_obtained":[{"floor":4,"key":"Block Potion"},{"floor":5,"key":"GamblersBrew"},{"floor":7,"key":"SteroidPotion"}],"is_trial":false,"path_per_floor":["M","?","M","M","M","R","E","R","T","?","E"],"character_chosen":"IRONCLAD","items_purchased":[],"campfire_rested":1,"item_purchase_floors":[],"current_hp_per_floor":[50,50,55,55,30,30,18,42,42,42,0],"gold":155,"neow_bonus":"THREE_RARE_CARDS","is_prod":false,"is_daily":false,"chose_seed":false,"campfire_upgraded":1,"win_rate":0,"timestamp":1552102453,"path_taken":["M","?","?","M","M","R","E","R","T","?","E"],"build_version":"2019-01-23","purchased_purges":0,"victory":false,"max_hp_per_floor":[80,80,80,80,80,80,80,80,80,80,80],"card_choices":[{"not_picked":["Reaper","Impervious"],"picked":"Limit Break","floor":0},{"not_picked":["Bloodletting","Corruption"],"picked":"Heavy Blade","floor":1},{"not_picked":["Entrench","Havoc"],"picked":"Spot Weakness","floor":3},{"not_picked":["True Grit","Blood for Blood"],"picked":"Warcry","floor":4},{"not_picked":["Twin Strike","Cleave"],"picked":"Disarm","floor":5},{"not_picked":["Headbutt","Fiend Fire"],"picked":"Rage","floor":7}],"player_experience":276964,"relics_obtained":[{"floor":7,"key":"Potion Belt"},{"floor":9,"key":"Juzu Bracelet"}],"event_choices":[{"cards_removed":["Strike_R"],"damage_healed":0,"gold_gain":0,"player_choice":"Purged","damage_taken":0,"max_hp_gain":0,"max_hp_loss":0,"event_name":"Purifier","floor":2,"gold_loss":0},{"damage_healed":0,"gold_gain":0,"player_choice":"Left Gold","damage_taken":0,"max_hp_gain":0,"max_hp_loss":0,"event_name":"World of Goop","floor":10,"gold_loss":24}],"is_beta":false,"boss_relics":[],"items_purged_floors":[],"is_endless":false,"potions_floor_spawned":[4,5,7],"killed_by":"Lagavulin","ascension_level":5}