{"gold_per_floor":[117,127,52,52,75,75,75,109,109,109,59,69,100,118,118,189,189,202,202,176,195,211,211,211],"floor_reached":24,"playtime":2145,"items_purged":["Pain"],"score":412,"play_id":"5feb62d2-d259-4394-ad8e-eac498dfd8a9","local_time":"20181105201135","is_ascension_mode":true,"campfire_choices":[{"floor":6,"key":"REST"},{"floor":10,"key":"REST"},{"data":"Sucker Punch","floor":15,"key":"SMITH"},{"floor":23,"key":"REST"}],"neow_cost":"NONE","seed_source_timestamp":2272498509778066,"circlet_count":0,"master_deck":["AscendersBane","Defend_G","Defend_G","Defend_G","Defend_G","Defend_G","Strike_G","Strike_G","Strike_G","Survivor","Neutralize+1","Outmaneuver","Flying Knee+1","Bullet Time","Sucker Punch+1","Heel Hook","Dodge and Roll","Night Terror","Backstab","Expertise","Prepared+1","Terror"],"relics":["Ring of the Snake","Smiling Mask","WarpedTongs","Incense Burner","Matryoshka","WingedGreaves","Fusion Hammer"],"potions_floor_usage":[8,16,16,22],"damage_taken":[{"damage":10,"enemies":"Jaw Worm","floor":1,"turns":6},{"damage":6,"enemies":"2 Louse","floor":2,"turns":3},{"damage":46,"enemies":"Gremlin Nob","floor":8,"turns":5},{"damage":0,"enemies":"Cultist","floor":12,"turns":3},{"damage":14,"enemies":"Lagavulin","floor":13,"turns":9},{"damage":1,"enemies":"2 Fungi Beasts","floor":14,"turns":4},{"damage":7,"enemies":"The Guardian","floor":16,"turns":17},{"damage":15,"enemies":"3 Byrds","floor":18,"turns":7},{"damage":0,"enemies":"2 Thieves","floor":20,"turns":4},{"damage":30,"enemies":"Cultist and Chosen","floor":21,"turns":9},{"damage":6,"enemies":"Snecko","floor":22,"turns":6},{"damage":24,"enemies":"Slavers","floor":24,"turns":10}],"seed_played":"5399472500676465405","potions_obtained":[{"floor":2,"key":"Fire Potion"},{"floor":12,"key":"Block Potion"},{"floor":13,"key":"Block Potion"},{"floor":18,"key":"Swift Potion"}],"is_trial":false,"path_per_floor":["M","M","?","?","T","R","?","E","T","R","$","M","E","M","R","B",null,"M","?","M","M","M","R","E"],"character_chosen":"THE_SILENT","items_purchased":[],"campfire_rested":3,"item_purchase_floors":[],"current_hp_per_floor":[55,49,49,27,27,48,48,2,2,23,23,23,9,8,8,1,54,39,39,39,9,3,24,0],"gold":211,"neow_bonus":"TEN_PERCENT_HP_BONUS","is_prod":false,"is_daily":false,"chose_seed":false,"campfire_upgraded":1,"win_rate":0,"timestamp":1541441495,"path_taken":["M","M","?","?","?","R","?","E","T","R","$","M","E","?","R","BOSS","M","?","?","M","M","R","E"],"build_version":"2018-11-02","purchased_purges":1,"victory":false,"max_hp_per_floor":[72,72,72,72,72,72,72,72,72,72,72,72,72,72,72,72,72,72,72,72,72,72,72,72],"card_choices":[{"not_picked":["Dagger Spray","Riddle With Holes"],"picked":"Outmaneuver","floor":1},{"not_picked":["Slice","Accuracy"],"picked":"Flying Knee","floor":2},{"not_picked":["Eviscerate","Acrobatics"],"picked":"Bullet Time","floor":8},{"not_picked":["Concentrate","Deflect"],"picked":"Sucker Punch","floor":12},{"not_picked":["Bane","Blade Dance"],"picked":"Heel Hook","floor":13},{"not_picked":["Dagger Spray","Cloak And Dagger"],"picked":"Dodge and Roll","floor":14},{"not_picked":["Burst","Venomology"],"picked":"Night Terror","floor":16},{"not_picked":["Sucker Punch","Quick Slash"],"picked":"Backstab","floor":18},{"not_picked":["Outmaneuver","Blade Dance"],"picked":"Expertise","floor":20},{"not_picked":["Underhanded Strike","Slice"],"picked":"Prepared+1","floor":21},{"not_picked":["Endless Agony","Dagger Throw+1"],"picked":"Terror","floor":22}],"player_experience":582470,"relics_obtained":[{"floor":5,"key":"Smiling Mask"},{"floor":8,"key":"Incense Burner"},{"floor":9,"key":"Matryoshka"},{"floor":13,"key":"WingedGreaves"}],"event_choices":[{"cards_removed":["Strike_G"],"damage_healed":0,"gold_gain":0,"player_choice":"Card Removal","damage_taken":0,"max_hp_gain":0,"max_hp_loss":0,"event_name":"The Cleric","floor":3,"gold_loss":75},{"damage_healed":0,"gold_gain":0,"player_choice":"Entered Light","damage_taken":22,"max_hp_gain":0,"max_hp_loss":0,"event_name":"Shining Light","floor":4,"gold_loss":0,"cards_upgraded":["Flying Knee","Neutralize"]},{"damage_healed":0,"gold_gain":0,"player_choice":"Rummage","damage_taken":0,"relics_obtained":["WarpedTongs"],"max_hp_gain":0,"max_hp_loss":0,"event_name":"Accursed Blacksmith","floor":7,"gold_loss":0,"cards_obtained":["Pain"]},{"cards_removed":["Strike_G"],"damage_healed":0,"gold_gain":0,"player_choice":"Purged","damage_taken":0,"max_hp_gain":0,"max_hp_loss":0,"event_name":"Purifier","floor":19,"gold_loss":0}],"is_beta":true,"boss_relics":[{"not_picked":["Velvet Choker","Black Star"],"picked":"Fusion Hammer"}],"items_purged_floors":[11],"is_endless":false,"potions_floor_spawned":[2,12,13,18],"killed_by":"Slavers","ascension_level":20}