{"gold_per_floor":[110,9,27,27,40,73,73,73,73,73,87,87,105,144,144,240,240,255,180,180,180,134,134,155,155,155,188,201,126,126,126,126,221,221,242,242,302,325,325,325,339,374,374,374,387,720,736,736,736,736,736,736,96,131,131],"floor_reached":56,"playtime":3176,"items_purged":["Strike_G"],"score":1830,"play_id":"72b1b8f3-e8cc-4dfc-af41-9dafecb60134","local_time":"20190316231511","is_ascension_mode":true,"campfire_choices":[{"floor":8,"key":"REST"},{"data":"Noxious Fumes","floor":12,"key":"SMITH"},{"data":"Neutralize","floor":15,"key":"SMITH"},{"data":"Noxious Fumes","floor":23,"key":"SMITH"},{"floor":25,"key":"REST"},{"data":"Footwork","floor":32,"key":"SMITH"},{"floor":40,"key":"REST"},{"data":"Malaise","floor":44,"key":"SMITH"},{"floor":49,"key":"RECALL"},{"data":"Chrysalis","floor":52,"key":"SMITH"}],"neow_cost":"NONE","seed_source_timestamp":347022464355947,"circlet_count":0,"master_deck":["AscendersBane","Defend_G+1","Defend_G+1","Defend_G+1","Defend_G+1","Defend_G+1","Strike_G+1","Strike_G+1","Strike_G+1","Strike_G+1","Survivor","Neutralize+1","Noxious Fumes+1","Well Laid Plans","Poisoned Stab","Noxious Fumes+1","Poisoned Stab","Poisoned Stab","Adrenaline","Adrenaline","Crippling Poison","Backflip","Well Laid Plans+1","Footwork+1","Escape Plan","Malaise+1","Corpse Explosion","Backstab","Chrysalis+1","Dodge and Roll+1","Backflip","Dodge and Roll+1","PiercingWail","PiercingWail+1"],"relics":["Ring of the Snake","NeowsBlessing","Matryoshka","Anchor","Paper Crane","Ancient Tea Set","Tingsha","Velvet Choker","Boot","Pen Nib","Regal Pillow","Strawberry","Eternal Feather","Incense Burner","Centennial Puzzle","Du-Vu Doll","Art of War","Medical Kit","Tough Bandages","Mummified Hand"],"potions_floor_usage":[6,14,16,33,42,42,50,50,55,55],"damage_taken":[{"damage":0,"enemies":"Small Slimes","floor":1,"turns":1},{"damage":0,"enemies":"Cultist","floor":3,"turns":1},{"damage":0,"enemies":"2 Louse","floor":5,"turns":1},{"damage":43,"enemies":"Gremlin Nob","floor":6,"turns":5},{"damage":0,"enemies":"2 Fungi Beasts","floor":11,"turns":4},{"damage":5,"enemies":"Exordium Wildlife","floor":13,"turns":4},{"damage":10,"enemies":"3 Sentries","floor":14,"turns":7},{"damage":4,"enemies":"The Guardian","floor":16,"turns":7},{"damage":4,"enemies":"Shell Parasite","floor":18,"turns":5},{"damage":15,"enemies":"3 Byrds","floor":24,"turns":4},{"damage":1,"enemies":"Slavers","floor":27,"turns":4},{"damage":8,"enemies":"Snake Plant","floor":28,"turns":4},{"damage":32,"enemies":"Automaton","floor":33,"turns":10},{"damage":3,"enemies":"3 Darklings","floor":35,"turns":3},{"damage":56,"enemies":"2 Orb Walkers","floor":37,"turns":5},{"damage":0,"enemies":"3 Shapes","floor":41,"turns":3},{"damage":14,"enemies":"Giant Head","floor":42,"turns":10},{"damage":18,"enemies":"Writhing Mass","floor":45,"turns":6},{"damage":5,"enemies":"Maw","floor":47,"turns":7},{"damage":15,"enemies":"Time Eater","floor":50,"turns":14},{"damage":20,"enemies":"Shield and Spear","floor":54,"turns":7},{"damage":42,"enemies":"The Heart","floor":55,"turns":11}],"seed_played":"7678642966441634541","potions_obtained":[{"floor":1,"key":"Poison Potion"},{"floor":6,"key":"Poison Potion"},{"floor":11,"key":"Explosive Potion"},{"floor":27,"key":"FairyPotion"},{"floor":28,"key":"Strength Potion"},{"floor":33,"key":"EntropicBrew"},{"floor":41,"key":"PowerPotion"}],"is_trial":false,"path_per_floor":["M","?","M","$","M","E","$","R","T","?","M","R","M","E","R","B",null,"M","$","?","?","$","R","M","R","T","E","M","$","T","?","R","B",null,"M","?","?","T","T","R","M","E","T","R","M","?","M","?","R","B",null,"R","$","E","B",null],"character_chosen":"THE_SILENT","items_purchased":["Backflip","Malaise","LiquidBronze","Dexterity Potion","Medical Kit","Tough Bandages","PiercingWail"],"campfire_rested":3,"item_purchase_floors":[22,29,53,53,53,53,53],"current_hp_per_floor":[59,59,59,59,59,16,16,35,35,35,35,35,30,20,20,16,49,45,45,45,45,45,45,30,48,48,47,39,39,46,46,46,14,54,51,51,6,6,6,59,59,45,45,63,45,45,40,40,58,43,61,67,67,47,5],"gold":131,"neow_bonus":"THREE_ENEMY_KILL","is_prod":false,"is_daily":false,"chose_seed":false,"campfire_upgraded":6,"win_rate":0,"timestamp":1552796111,"path_taken":["M","?","M","$","?","E","$","R","T","?","M","R","M","E","R","BOSS","M","$","?","?","?","R","?","R","T","E","M","?","?","?","R","BOSS","M","?","?","?","?","R","M","E","T","R","?","?","M","?","R","BOSS","R","$","E","BOSS"],"build_version":"2019-01-23","purchased_purges":1,"victory":true,"max_hp_per_floor":[66,66,66,66,66,66,66,66,66,60,60,60,60,60,60,60,60,60,60,60,60,60,60,60,60,60,60,60,60,67,67,67,67,67,67,67,67,67,67,67,67,67,67,67,67,67,67,67,67,67,67,67,67,67,67],"card_choices":[{"not_picked":["Distraction","Setup"],"picked":"Noxious Fumes","floor":1},{"not_picked":["Poisoned Stab","Slice"],"picked":"Well Laid Plans","floor":3},{"not_picked":["Backflip","Reflex"],"picked":"Poisoned Stab","floor":5},{"not_picked":["Deadly Poison","Acrobatics"],"picked":"Noxious Fumes","floor":6},{"not_picked":["Deadly Poison","Wraith Form v2"],"picked":"Poisoned Stab","floor":11},{"not_picked":["Calculated Gamble","Underhanded Strike"],"picked":"Poisoned Stab","floor":13},{"not_picked":["Noxious Fumes","Finisher"],"picked":"Adrenaline","floor":14},{"not_picked":["Malaise","Phantasmal Killer"],"picked":"Adrenaline","floor":16},{"not_picked":["Dodge and Roll","Terror"],"picked":"Crippling Poison","floor":18},{"not_picked":["Deadly Poison","Underhanded Strike"],"picked":"Well Laid Plans+1","floor":24},{"not_picked":["Bouncing Flask","Endless Agony"],"picked":"Footwork","floor":27},{"not_picked":["Flechettes+1","Acrobatics"],"picked":"Escape Plan","floor":28},{"not_picked":["Phantasmal Killer","Grand Finale"],"picked":"Corpse Explosion","floor":33},{"not_picked":["Underhanded Strike","Dodge and Roll"],"picked":"Backstab","floor":35},{"not_picked":["Dramatic Entrance","Finesse"],"picked":"Chrysalis","floor":36},{"not_picked":["Reflex","Flying Knee"],"picked":"Dodge and Roll+1","floor":37},{"not_picked":["Bane+1","Concentrate"],"picked":"Backflip","floor":41},{"not_picked":["Dagger Throw+1","PiercingWail"],"picked":"Dodge and Roll+1","floor":42},{"not_picked":["Acrobatics","Slice","Burst"],"picked":"SKIP","floor":45},{"not_picked":["Cloak And Dagger","Poisoned Stab"],"picked":"Heel Hook+1","floor":47},{"not_picked":["Deadly Poison+1","Accuracy"],"picked":"PiercingWail+1","floor":54}],"player_experience":606412,"relics_obtained":[{"floor":6,"key":"Anchor"},{"floor":9,"key":"Paper Crane"},{"floor":9,"key":"Ancient Tea Set"},{"floor":14,"key":"Tingsha"},{"floor":26,"key":"Boot"},{"floor":26,"key":"Pen Nib"},{"floor":27,"key":"Regal Pillow"},{"floor":30,"key":"Strawberry"},{"floor":37,"key":"Incense Burner"},{"floor":38,"key":"Centennial Puzzle"},{"floor":39,"key":"Du-Vu Doll"},{"floor":42,"key":"Art of War"},{"floor":54,"key":"Mummified Hand"}],"event_choices":[{"damage_healed":0,"gold_gain":0,"player_choice":"Paid Gold","damage_taken":0,"relics_obtained":["Matryoshka"],"max_hp_gain":0,"max_hp_loss":0,"event_name":"WeMeetAgain","floor":2,"gold_loss":101},{"damage_healed":0,"gold_gain":0,"player_choice":"Lose Max HP","damage_taken":0,"relics_obtained":["Golden Idol"],"max_hp_gain":0,"max_hp_loss":6,"event_name":"Golden Idol","floor":10,"gold_loss":0},{"damage_healed":0,"gold_gain":0,"player_choice":"Ignored","damage_taken":0,"max_hp_gain":0,"max_hp_loss":0,"event_name":"Vampires","floor":20,"gold_loss":0},{"damage_healed":0,"gold_gain":0,"player_choice":"Simplicity","damage_taken":0,"max_hp_gain":0,"max_hp_loss":0,"event_name":"Back to Basics","floor":21,"gold_loss":0,"cards_upgraded":["Defend_G","Defend_G","Defend_G","Defend_G","Defend_G","Strike_G","Strike_G","Strike_G","Strike_G"]},{"damage_healed":0,"gold_gain":0,"player_choice":"Ignored","damage_taken":0,"max_hp_gain":0,"max_hp_loss":0,"event_name":"Ghosts","floor":31,"gold_loss":0},{"damage_healed":0,"gold_gain":0,"player_choice":"Memory 1","damage_taken":0,"max_hp_gain":0,"max_hp_loss":0,"event_name":"SensoryStone","floor":36,"gold_loss":0},{"damage_healed":0,"gold_gain":0,"player_choice":"Fight","damage_taken":0,"max_hp_gain":0,"max_hp_loss":0,"event_name":"Mysterious Sphere","floor":37,"gold_loss":0},{"damage_healed":0,"gold_gain":333,"player_choice":"Gave Idol","damage_taken":0,"max_hp_gain":0,"max_hp_loss":0,"event_name":"The Moai Head","floor":46,"relics_lost":["Golden Idol"],"gold_loss":0},{"cards_removed":["Heel Hook"],"damage_healed":0,"gold_gain":0,"player_choice":"Removed Attack","damage_taken":0,"max_hp_gain":0,"max_hp_loss":0,"event_name":"Falling","floor":48,"gold_loss":0}],"is_beta":false,"boss_relics":[{"not_picked":["Snecko Eye","Black Star"],"picked":"Velvet Choker"},{"not_picked":["Ring of the Serpent","Coffee Dripper"],"picked":"Eternal Feather"}],"items_purged_floors":[19],"is_endless":false,"potions_floor_spawned":[1,6,11,27,28,33,35,41,45],"ascension_level":15}