{"gold_per_floor":[110,124,124,38,38,54,54,80,80,109,121,121,139,153,153,256,256,273,113,113],"floor_reached":20,"playtime":960,"items_purged":["Wild Strike"],"score":230,"play_id":"76e26a04-b35f-462b-a4c2-7613fe4a9945","local_time":"20190309174923","is_ascension_mode":true,"campfire_choices":[{"floor":7,"key":"REST"},{"floor":12,"key":"REST"},{"data":"Havoc","floor":15,"key":"SMITH"}],"neow_cost":"PERCENT_DAMAGE","seed_source_timestamp":6737409937775,"circlet_count":0,"master_deck":["Defend_R","Defend_R","Defend_R","Defend_R","Bash","Pommel Strike","Metallicize","True Grit","Clothesline","Disarm","Rampage","Havoc+1","Shrug It Off","Feed","Warcry+1","Purity"],"relics":["Burning Blood","Pear","Bag of Marbles","Sundial","Anchor","Empty Cage"],"potions_floor_usage":[20,20],"damage_taken":[{"damage":7,"enemies":"2 Louse","floor":1,"turns":3},{"damage":18,"enemies":"Jaw Worm","floor":2,"turns":5},{"damage":0,"enemies":"Cultist","floor":6,"turns":3},{"damage":29,"enemies":"Lagavulin","floor":8,"turns":7},{"damage":20,"enemies":"Gremlin Nob","floor":10,"turns":4},{"damage":7,"enemies":"Large Slime","floor":11,"turns":6},{"damage":0,"enemies":"Blue Slaver","floor":13,"turns":2},{"damage":2,"enemies":"Exordium Wildlife","floor":14,"turns":4},{"damage":11,"enemies":"The Guardian","floor":16,"turns":12},{"damage":3,"enemies":"Shell Parasite","floor":18,"turns":9},{"damage":109,"enemies":"Masked Bandits","floor":20,"turns":6}],"seed_played":"-3505785988336252830","potions_obtained":[{"floor":2,"key":"Strength Potion"},{"floor":11,"key":"Regen Potion"},{"floor":13,"key":"Regen Potion"}],"is_trial":false,"path_per_floor":["M","M","?","$","?","M","R","E","T","E","M","R","M","M","R","B",null,"M","$","?"],"character_chosen":"IRONCLAD","items_purchased":["Metallicize","True Grit","Purity"],"campfire_rested":2,"item_purchase_floors":[4,4,19],"current_hp_per_floor":[55,43,35,35,28,34,61,38,38,24,23,50,56,60,60,55,81,87,87,0],"gold":113,"neow_bonus":"REMOVE_TWO","is_prod":false,"is_daily":false,"chose_seed":false,"campfire_upgraded":1,"win_rate":0,"timestamp":1552171763,"path_taken":["M","M","?","$","?","M","R","E","T","E","?","R","M","M","R","BOSS","M","?","?"],"build_version":"2019-01-23","purchased_purges":1,"victory":false,"max_hp_per_floor":[80,80,90,90,90,90,90,90,90,90,90,90,90,90,90,90,90,93,93,93],"card_choices":[{"not_picked":["Anger","Intimidate"],"picked":"Wild Strike","floor":1},{"not_picked":["Anger","Clash"],"picked":"Pommel Strike","floor":2},{"not_picked":["Armaments","Barricade"],"picked":"Clothesline","floor":6},{"not_picked":["Cleave","Brutality"],"picked":"Disarm","floor":8},{"not_picked":["Cleave","Sever Soul"],"picked":"Rampage","floor":10},{"not_picked":["Twin Strike","Thunderclap"],"picked":"Havoc","floor":11},{"not_picked":["Headbutt","Rupture"],"picked":"Shrug It Off","floor":13},{"not_picked":["Armaments","Spot Weakness","Wild Strike"],"picked":"SKIP","floor":14},{"not_picked":["Immolate","Barricade"],"picked":"Feed","floor":16},{"not_picked":["Pommel Strike","Armaments+1"],"picked":"Warcry+1","floor":18}],"player_experience":282793,"relics_obtained":[{"floor":8,"key":"Bag of Marbles"},{"floor":9,"key":"Sundial"},{"floor":10,"key":"Anchor"}],"event_choices":[{"damage_healed":0,"gold_gain":0,"player_choice":"Success","damage_taken":18,"relics_obtained":["Pear"],"max_hp_gain":0,"max_hp_loss":0,"event_name":"Scrap Ooze","floor":3,"gold_loss":0},{"cards_removed":["Strike_R"],"damage_healed":0,"gold_gain":0,"player_choice":"Card Removal","damage_taken":7,"max_hp_gain":0,"max_hp_loss":0,"event_name":"Golden Wing","floor":5,"gold_loss":0},{"damage_healed":0,"gold_gain":0,"player_choice":"Fought Bandits","damage_taken":0,"max_hp_gain":0,"max_hp_loss":0,"event_name":"Masked Bandits","floor":20,"gold_loss":0}],"is_beta":false,"boss_relics":[{"not_picked":["Astrolabe","Pandora\u0027s Box"],"picked":"Empty Cage"}],"items_purged_floors":[19],"is_endless":false,"potions_floor_spawned":[2,11,13,14],"killed_by":"Masked Bandits","ascension_level":5}