{"gold_per_floor":[109,120,137,23,35,55,86,148,171,184,184,184,184,223,223,223],"floor_reached":16,"playtime":2382,"items_purged":[],"score":112,"play_id":"3c926018-406d-4f06-a7d5-71eea8065966","local_time":"20190315234748","is_ascension_mode":false,"campfire_choices":[{"floor":12,"key":"REST"},{"floor":15,"key":"REST"}],"neow_cost":"","seed_source_timestamp":1031755828574239,"circlet_count":0,"master_deck":["Strike_R","Strike_R","Strike_R","Strike_R","Strike_R","Defend_R","Defend_R","Defend_R","Defend_R","Bash","Intimidate","Hemokinesis","Anger","Combust","Bloodletting","Sword Boomerang","Perfected Strike","Armaments","Perfected Strike","Carnage","Parasite","Sever Soul"],"relics":["Burning Blood","Question Card","Pen Nib","Centennial Puzzle","Golden Idol","Bag of Preparation"],"potions_floor_usage":[],"damage_taken":[{"damage":5,"enemies":"Cultist","floor":1,"turns":4},{"damage":12,"enemies":"Jaw Worm","floor":2,"turns":4},{"damage":10,"enemies":"Small Slimes","floor":3,"turns":2},{"damage":9,"enemies":"Exordium Wildlife","floor":5,"turns":2},{"damage":13,"enemies":"2 Fungi Beasts","floor":6,"turns":3},{"damage":28,"enemies":"Gremlin Nob","floor":7,"turns":4},{"damage":27,"enemies":"Gremlin Nob","floor":8,"turns":4},{"damage":7,"enemies":"Lots of Slimes","floor":10,"turns":3},{"damage":29,"enemies":"3 Sentries","floor":14,"turns":4},{"damage":58,"enemies":"The Guardian","floor":16,"turns":6}],"seed_played":"1255528913179046143","potions_obtained":[{"floor":1,"key":"PowerPotion"},{"floor":2,"key":"SkillPotion"},{"floor":3,"key":"Dexterity Potion"}],"is_trial":false,"path_per_floor":["M","M","M","$","M","M","E","?","T","M","?","R","?","E","R","B"],"character_chosen":"IRONCLAD","items_purchased":["Combust","Bloodletting"],"campfire_rested":2,"item_purchase_floors":[4,4],"current_hp_per_floor":[80,74,70,70,67,60,38,17,17,16,16,38,56,33,55,0],"gold":223,"neow_bonus":"","is_prod":false,"is_daily":false,"chose_seed":false,"campfire_upgraded":0,"win_rate":0.0,"timestamp":1552708068,"path_taken":["M","M","M","$","?","M","E","?","T","M","?","R","?","E","R","BOSS"],"build_version":"2019-01-23","purchased_purges":0,"victory":false,"max_hp_per_floor":[80,80,80,80,80,80,80,80,80,80,74,74,74,74,74,74],"card_choices":[{"not_picked":["Power Through","Armaments"],"picked":"Intimidate","floor":1},{"not_picked":["Warcry","Clash"],"picked":"Hemokinesis","floor":2},{"not_picked":["Warcry","Intimidate"],"picked":"Anger","floor":3},{"not_picked":["Anger","Burning Pact"],"picked":"Sword Boomerang","floor":5},{"not_picked":["Body Slam","Flex"],"picked":"Perfected Strike","floor":6},{"not_picked":["Warcry","Clash"],"picked":"Armaments","floor":7},{"not_picked":["Uppercut","Shrug It Off","Inflame"],"picked":"Perfected Strike","floor":8},{"not_picked":["True Grit","Warcry","Feed"],"picked":"Carnage","floor":10},{"not_picked":["Pummel","Iron Wave","Body Slam"],"picked":"Sever Soul","floor":14}],"player_experience":0,"relics_obtained":[{"floor":7,"key":"Question Card"},{"floor":8,"key":"Pen Nib"},{"floor":9,"key":"Centennial Puzzle"},{"floor":14,"key":"Bag of Preparation"}],"event_choices":[{"damage_healed":0,"gold_gain":0,"player_choice":"Searched \u00271\u0027 times","damage_taken":0,"max_hp_gain":0,"max_hp_loss":0,"event_name":"Dead Adventurer","floor":8,"gold_loss":0},{"damage_healed":0,"gold_gain":0,"player_choice":"Lose Max HP","damage_taken":0,"relics_obtained":["Golden Idol"],"max_hp_gain":0,"max_hp_loss":6,"event_name":"Golden Idol","floor":11,"gold_loss":0},{"damage_healed":18,"gold_gain":0,"player_choice":"Healed and dodged fight","damage_taken":0,"max_hp_gain":0,"max_hp_loss":0,"event_name":"Mushrooms","floor":13,"gold_loss":0,"cards_obtained":["Parasite"]}],"is_beta":false,"boss_relics":[],"items_purged_floors":[],"is_endless":false,"potions_floor_spawned":[1,2,3,8],"killed_by":"The Guardian","ascension_level":0}