{"gold_per_floor":[117,134,134,150,162,162,162,162,188,205,217,227,227,72,72,72],"floor_reached":16,"playtime":762,"items_purged":["Strike_B"],"score":94,"play_id":"474929d6-a5c7-4613-a093-96ccd6998412","local_time":"20190208163949","is_ascension_mode":false,"campfire_choices":[{"floor":6,"key":"RECALL"},{"data":"Turbo","floor":13,"key":"SMITH"},{"data":"Double Energy","floor":15,"key":"SMITH"}],"neow_cost":"NONE","seed_source_timestamp":203278615432135,"circlet_count":0,"master_deck":["Strike_B","Strike_B","Defend_B","Defend_B","Defend_B","Defend_B","Zap","Tempest","Turbo+1","Gash","Self Repair","Double Energy+1","Beam Cell","Aggregate"],"relics":["Cracked Core","NeowsBlessing","Dream Catcher"],"potions_floor_usage":[16,16],"damage_taken":[{"damage":0,"enemies":"Cultist","floor":1,"turns":1},{"damage":0,"enemies":"Small Slimes","floor":2,"turns":1},{"damage":0,"enemies":"2 Louse","floor":4,"turns":1},{"damage":13,"enemies":"Exordium Thugs","floor":5,"turns":6},{"damage":8,"enemies":"Large Slime","floor":10,"turns":4},{"damage":11,"enemies":"Blue Slaver","floor":11,"turns":5},{"damage":0,"enemies":"Exordium Wildlife","floor":12,"turns":3},{"damage":53,"enemies":"The Guardian","floor":16,"turns":10}],"seed_played":"6678726083951031718","potions_obtained":[{"floor":2,"key":"AttackPotion"},{"floor":10,"key":"LiquidBronze"},{"floor":11,"key":"EssenceOfSteel"}],"is_trial":false,"path_per_floor":["M","M","?","M","M","R","?","?","T","M","M","M","R","$","R","B"],"character_chosen":"DEFECT","items_purchased":["Aggregate"],"campfire_rested":0,"item_purchase_floors":[14],"current_hp_per_floor":[75,75,75,75,62,62,55,55,55,54,50,50,50,50,50,0],"gold":72,"neow_bonus":"THREE_ENEMY_KILL","is_prod":false,"is_daily":false,"chose_seed":false,"campfire_upgraded":2,"win_rate":0,"timestamp":1549661989,"path_taken":["M","M","?","?","?","R","?","?","T","?","M","M","R","$","R","BOSS"],"build_version":"2019-01-23","purchased_purges":1,"victory":false,"max_hp_per_floor":[75,75,75,75,75,75,75,75,75,75,75,75,75,75,75,75],"card_choices":[{"not_picked":["Rebound","Lockon"],"picked":"Tempest","floor":1},{"not_picked":["Cold Snap","Leap"],"picked":"Turbo","floor":2},{"not_picked":["Force Field","Ball Lightning"],"picked":"Gash","floor":4},{"not_picked":["BootSequence","Beam Cell"],"picked":"Self Repair","floor":5},{"not_picked":["Cold Snap","Barrage"],"picked":"Double Energy","floor":10},{"not_picked":["Hologram","Redo"],"picked":"Beam Cell","floor":11},{"not_picked":["Sunder","Reprogram","Leap"],"picked":"SKIP","floor":12}],"player_experience":165989,"relics_obtained":[],"event_choices":[{"damage_healed":0,"gold_gain":0,"player_choice":"Gave Potion","damage_taken":0,"relics_obtained":["Dream Catcher"],"max_hp_gain":0,"max_hp_loss":0,"event_name":"WeMeetAgain","floor":3,"gold_loss":0},{"cards_removed":["Dualcast"],"damage_healed":0,"gold_gain":0,"player_choice":"Card Removal","damage_taken":7,"max_hp_gain":0,"max_hp_loss":0,"event_name":"Golden Wing","floor":7,"gold_loss":0},{"cards_removed":["Strike_B"],"damage_healed":0,"gold_gain":0,"player_choice":"Offered Basic","damage_taken":0,"max_hp_gain":0,"max_hp_loss":0,"event_name":"Bonfire Elementals","floor":8,"gold_loss":0}],"is_beta":false,"boss_relics":[],"items_purged_floors":[14],"is_endless":false,"potions_floor_spawned":[2,10,11],"killed_by":"The Guardian","ascension_level":0}