{"gold_per_floor":[114,64,37,55,55,87,12,41,41,58,69,69,83,152,152,282,282,297,396,415,431,431],"floor_reached":22,"playtime":2083,"items_purged":["Defend_G"],"score":246,"play_id":"afc6b878-fab1-4bdc-ba5b-13826c0579ae","local_time":"20190131134309","is_ascension_mode":false,"campfire_choices":[{"floor":15,"key":"REST"}],"neow_cost":"NONE","seed_source_timestamp":1735973486723375,"circlet_count":0,"master_deck":["Survivor","Neutralize","Bane","Acrobatics","Deflect","Backstab","Deadly Poison","Venomology","Infinite Blades","Endless Agony","Deadly Poison","Accuracy","Cloak And Dagger","Blur","After Image","Slice","Deadly Poison","Doppelganger","Sucker Punch","Catalyst","Catalyst","Expertise","Calculated Gamble","Deadly Poison+1","Crippling Poison","Backstab","Endless Agony+1","Backstab"],"relics":["Ring of the Snake","NeowsBlessing","Peace Pipe","Whetstone","Prayer Wheel","Golden Idol","Oddly Smooth Stone","Pandora\u0027s Box"],"potions_floor_usage":[8,14,14,14,16,16,16,20,21,22,22,22],"damage_taken":[{"damage":0,"enemies":"Small Slimes","floor":1,"turns":1},{"damage":0,"enemies":"Jaw Worm","floor":4,"turns":1},{"damage":0,"enemies":"3 Sentries","floor":6,"turns":2},{"damage":15,"enemies":"Gremlin Nob","floor":8,"turns":4},{"damage":0,"enemies":"2 Louse","floor":10,"turns":1},{"damage":5,"enemies":"Blue Slaver","floor":11,"turns":2},{"damage":0,"enemies":"3 Louse","floor":13,"turns":3},{"damage":31,"enemies":"Lagavulin Event","floor":14,"turns":5},{"damage":25,"enemies":"The Guardian","floor":16,"turns":10},{"damage":28,"enemies":"3 Byrds","floor":18,"turns":6},{"damage":10,"enemies":"Spheric Guardian","floor":20,"turns":4},{"damage":0,"enemies":"Snecko","floor":21,"turns":4},{"damage":12,"enemies":"Colosseum Slavers","floor":22,"turns":3},{"damage":28,"enemies":"Colosseum Nobs","floor":22,"turns":2}],"seed_played":"3713180970487145726","potions_obtained":[{"floor":4,"key":"AttackPotion"},{"floor":8,"key":"FearPotion"},{"floor":10,"key":"Ancient Potion"},{"floor":14,"key":"EssenceOfSteel"},{"floor":16,"key":"PowerPotion"},{"floor":20,"key":"Block Potion"},{"floor":21,"key":"FearPotion"}],"is_trial":false,"path_per_floor":["M","?","$","M","?","E","$","E","T","M","M","?","M","?","R","B",null,"M","?","M","M","?"],"character_chosen":"THE_SILENT","items_purchased":["Acrobatics"],"campfire_rested":1,"item_purchase_floors":[3],"current_hp_per_floor":[70,70,70,70,63,63,63,48,48,48,43,43,43,12,31,6,65,37,37,27,27,0],"gold":431,"neow_bonus":"THREE_ENEMY_KILL","is_prod":false,"is_daily":false,"chose_seed":false,"campfire_upgraded":0,"win_rate":0,"timestamp":1548960189,"path_taken":["M","?","$","M","?","E","$","E","T","M","M","?","M","?","R","BOSS","M","?","M","M","?"],"build_version":"2019-01-23","purchased_purges":1,"victory":false,"max_hp_per_floor":[70,70,70,70,70,70,70,70,70,70,70,65,65,65,65,65,65,65,65,65,65,65],"card_choices":[{"not_picked":["Dodge and Roll","Flying Knee"],"picked":"Bane","floor":1},{"not_picked":["Skewer","Caltrops"],"picked":"Deflect","floor":4},{"not_picked":["Blur","Quick Slash"],"picked":"Backstab","floor":6},{"not_picked":["Terror","Leg Sweep"],"picked":"Deadly Poison","floor":8},{"not_picked":["Dagger Spray","Underhanded Strike"],"picked":"Venomology","floor":10},{"not_picked":["Blade Dance","Eviscerate"],"picked":"Infinite Blades","floor":10},{"not_picked":["Underhanded Strike","Sucker Punch"],"picked":"Endless Agony","floor":11},{"not_picked":["Finisher","Choke"],"picked":"Deadly Poison","floor":11},{"not_picked":["Flechettes","Bane"],"picked":"Accuracy","floor":13},{"not_picked":["Reflex","Sucker Punch"],"picked":"Cloak And Dagger","floor":13},{"not_picked":["Backflip","PiercingWail"],"picked":"Blur","floor":14},{"not_picked":["A Thousand Cuts","Night Terror"],"picked":"After Image","floor":16},{"not_picked":["Backflip","Dagger Throw"],"picked":"Calculated Gamble","floor":18},{"not_picked":["Quick Slash","Terror+1"],"picked":"Deadly Poison+1","floor":18},{"not_picked":["Dagger Throw+1","Heel Hook"],"picked":"Crippling Poison","floor":20},{"not_picked":["Flechettes","Slice"],"picked":"Backstab","floor":20},{"not_picked":["Bane","Dodge and Roll"],"picked":"Endless Agony+1","floor":21},{"not_picked":["Acrobatics","Reflex"],"picked":"Backstab","floor":21}],"player_experience":117760,"relics_obtained":[{"floor":6,"key":"Peace Pipe"},{"floor":8,"key":"Whetstone"},{"floor":9,"key":"Prayer Wheel"},{"floor":14,"key":"Oddly Smooth Stone"}],"event_choices":[{"cards_removed":["Strike_G"],"damage_healed":0,"gold_gain":0,"player_choice":"Card Removal","damage_taken":0,"max_hp_gain":0,"max_hp_loss":0,"event_name":"The Cleric","floor":2,"gold_loss":50},{"cards_removed":["Defend_G"],"damage_healed":0,"gold_gain":0,"player_choice":"Card Removal","damage_taken":7,"max_hp_gain":0,"max_hp_loss":0,"event_name":"Golden Wing","floor":5,"gold_loss":0},{"damage_healed":0,"gold_gain":0,"player_choice":"Lose Max HP","damage_taken":0,"relics_obtained":["Golden Idol"],"max_hp_gain":0,"max_hp_loss":5,"event_name":"Golden Idol","floor":12,"gold_loss":0},{"damage_healed":0,"gold_gain":0,"player_choice":"Searched \u00272\u0027 times","damage_taken":0,"max_hp_gain":0,"max_hp_loss":0,"event_name":"Dead Adventurer","floor":14,"gold_loss":0},{"damage_healed":0,"gold_gain":99,"player_choice":"Stole From Cult","damage_taken":0,"max_hp_gain":0,"max_hp_loss":0,"event_name":"Nest","floor":19,"gold_loss":0},{"damage_healed":0,"gold_gain":0,"player_choice":"Fight","damage_taken":0,"max_hp_gain":0,"max_hp_loss":0,"event_name":"Colosseum","floor":22,"gold_loss":0},{"damage_healed":0,"gold_gain":0,"player_choice":"Fought Nobs","damage_taken":0,"max_hp_gain":0,"max_hp_loss":0,"event_name":"Colosseum","floor":22,"gold_loss":0}],"is_beta":false,"boss_relics":[{"not_picked":["Philosopher\u0027s Stone","Coffee Dripper"],"picked":"Pandora\u0027s Box"}],"items_purged_floors":[7],"is_endless":false,"potions_floor_spawned":[4,8,10,14,16,20,21],"killed_by":"Colosseum Nobs","ascension_level":0}