{"gold_per_floor":[110,110,110,120,120,146,162,162,162,187,241,46,46,64,64,169,169,152,166,185,201,36,36,63,63,63,83,101,135,0,14,14,114,114,134,146,200,200,218,218,248,248,248,260,273,273,273,285,285,285,285,285,16,49,49],"floor_reached":56,"playtime":5196,"items_purged":["Dualcast","Pain"],"score":1484,"play_id":"08a941d2-b317-47a7-88e8-399037d0164d","local_time":"20190309123551","is_ascension_mode":true,"campfire_choices":[{"floor":8.0,"key":"RECALL"},{"data":"Echo Form","floor":15.0,"key":"SMITH"},{"floor":23.0,"key":"REST"},{"data":"Defragment","floor":32.0,"key":"SMITH"},{"floor":40,"key":"REST"},{"floor":42,"key":"REST"},{"floor":49,"key":"REST"},{"floor":52,"key":"REST"}],"neow_cost":"NONE","seed_source_timestamp":0,"circlet_count":0,"master_deck":["Zap+1","Chill+1","Force Field","Electrodynamics","Conserve Battery","Echo Form+1","Go for the Eyes","Barrage","Forethought","Zap","Go for the Eyes","Machine Learning","Auto Shields","Cold Snap","Rainbow","Genetic Algorithm","Static Discharge","Darkness","Core Surge","Auto Shields","Defragment","Cold Snap","Undo","Glacier","Self Repair+1","Ghostly","Ghostly","Ghostly","Ghostly","Ghostly","Cold Snap","Defragment+1","Defragment+1","Defragment+1","Stack","Impatience","Flash of Steel","Beam Cell","BootSequence","Multi-Cast"],"special_seed":0,"relics":["Cracked Core","NeowsBlessing","War Paint","Dodecahedron","The Courier","Regal Pillow","Potion Belt","Pandora\u0027s Box","Runic Capacitor","Lantern","Bag of Preparation","Orichalcum","Fusion Hammer","Pocketwatch","Bottled Tornado","Sundial","Question Card","Blue Candle"],"potions_floor_usage":[37,44,50,55,55,55],"damage_taken":[{"damage":0.0,"enemies":"2 Louse","floor":1.0,"turns":1.0},{"damage":0.0,"enemies":"Small Slimes","floor":4.0,"turns":1.0},{"damage":0.0,"enemies":"Lagavulin","floor":6.0,"turns":1.0},{"damage":1.0,"enemies":"Cultist","floor":7.0,"turns":3.0},{"damage":5.0,"enemies":"3 Sentries","floor":10.0,"turns":4.0},{"damage":2.0,"enemies":"Exordium Wildlife","floor":14.0,"turns":2.0},{"damage":44.0,"enemies":"Hexaghost","floor":16.0,"turns":10.0},{"damage":14.0,"enemies":"2 Thieves","floor":18.0,"turns":4.0},{"damage":8.0,"enemies":"Chosen","floor":19.0,"turns":4.0},{"damage":3.0,"enemies":"Snecko","floor":20.0,"turns":5.0},{"damage":13.0,"enemies":"Shelled Parasite and Fungi","floor":21.0,"turns":8.0},{"damage":38.0,"enemies":"Gremlin Leader","floor":24.0,"turns":9.0},{"damage":3.0,"enemies":"3 Cultists","floor":27.0,"turns":7.0},{"damage":3.0,"enemies":"Centurion and Healer","floor":28.0,"turns":6.0},{"damage":0.0,"enemies":"Slavers","floor":29.0,"turns":5.0},{"damage":0.0,"enemies":"Shelled Parasite and Fungi","floor":31.0,"turns":5.0},{"damage":0.0,"enemies":"Champ","floor":33.0,"turns":11.0},{"damage":0,"enemies":"3 Darklings","floor":35,"turns":4},{"damage":0,"enemies":"3 Shapes","floor":36,"turns":3},{"damage":0,"enemies":"2 Orb Walkers","floor":37,"turns":7},{"damage":1,"enemies":"3 Darklings","floor":39,"turns":4},{"damage":0,"enemies":"Nemesis","floor":41,"turns":7},{"damage":0,"enemies":"Transient","floor":44,"turns":5},{"damage":0,"enemies":"Maw","floor":45,"turns":7},{"damage":0,"enemies":"Spire Growth","floor":48,"turns":6},{"damage":0,"enemies":"Awakened One","floor":50,"turns":11},{"damage":0,"enemies":"Shield and Spear","floor":54,"turns":7},{"damage":20,"enemies":"The Heart","floor":55,"turns":12}],"seed_played":"-8763291069191721248","potions_obtained":[{"floor":1.0,"key":"Ancient Potion"},{"floor":3.0,"key":"Swift Potion"},{"floor":3.0,"key":"Weak Potion"},{"floor":7.0,"key":"PowerPotion"},{"floor":10.0,"key":"SpeedPotion"},{"floor":14.0,"key":"SkillPotion"},{"floor":16.0,"key":"FearPotion"},{"floor":21.0,"key":"SpeedPotion"},{"floor":24.0,"key":"Weak Potion"},{"floor":28.0,"key":"Dexterity Potion"},{"floor":29.0,"key":"Fire Potion"},{"floor":36,"key":"SkillPotion"},{"floor":41,"key":"FocusPotion"},{"floor":44,"key":"FocusPotion"},{"floor":54,"key":"PowerPotion"}],"is_trial":false,"path_per_floor":["M","?","?","M","?","E","M","R","T","E","T","$","?","M","R","B",null,"M","M","M","M","$","R","E","?","T","M","M","E","$","M","R","B",null,"M","M","?","?","M","R","E","R","T","M","M","T","?","M","R","B",null,"R","$","E","B",null],"character_chosen":"DEFECT","items_purchased":["Go for the Eyes","Potion Belt","Runic Capacitor","Defragment","Stack","Impatience","Flash of Steel","Beam Cell","BootSequence"],"campfire_rested":5,"item_purchase_floors":[12,12,22,30,53,53,53,53,53],"current_hp_per_floor":[75,63,63,63,68,68,67,67,67,62,62,62,62,60,60,16,80,66,58,55,42,42,80,42,40,40,40,40,40,40,40,40,40,40,40,40,40,40,40,40,40,40,40,40,40,40,38,38,38,38,38,38,38,38,28],"gold":49,"neow_bonus":"THREE_ENEMY_KILL","is_prod":false,"is_daily":false,"chose_seed":false,"campfire_upgraded":2,"win_rate":0,"timestamp":1552152951,"path_taken":["M","?","?","?","?","E","M","R","T","E","?","$","?","M","R","BOSS","M","M","M","M","?","R","E","?","T","M","M","E","$","M","R","BOSS","M","M","?","?","?","R","E","R","T","M","?","?","?","M","R","BOSS","R","$","E","BOSS"],"build_version":"2019-01-23","purchased_purges":2,"victory":true,"max_hp_per_floor":[75,75,75,75,80,80,80,80,80,80,80,80,80,80,80,80,80,80,80,80,80,80,80,80,40,40,40,40,40,40,40,40,40,40,40,40,40,40,40,40,40,40,40,40,40,40,38,38,38,38,38,38,38,38,38],"card_choices":[{"not_picked":["Barrage","Cold Snap"],"picked":"Chill","floor":1.0},{"not_picked":["Rebound","Steam"],"picked":"Force Field","floor":4.0},{"not_picked":["Beam Cell","Go for the Eyes"],"picked":"Electrodynamics","floor":6.0},{"not_picked":["Sweeping Beam","Turbo"],"picked":"Conserve Battery","floor":7.0},{"not_picked":["Compile Driver","Steam"],"picked":"Echo Form","floor":10.0},{"not_picked":["Gash","Steam"],"picked":"Go for the Eyes","floor":14.0},{"not_picked":["Rainbow","Multi-Cast"],"picked":"Machine Learning","floor":16.0},{"not_picked":["Streamline","Force Field"],"picked":"Defragment","floor":18.0},{"not_picked":["Rebound","Leap"],"picked":"Cold Snap","floor":19.0},{"not_picked":["Heatsinks","Gash"],"picked":"Undo","floor":20.0},{"not_picked":["Heatsinks","Aggregate+1"],"picked":"Glacier","floor":21.0},{"not_picked":["Lockon","Sweeping Beam"],"picked":"Self Repair+1","floor":24.0},{"not_picked":["Coolheaded","FTL"],"picked":"Cold Snap","floor":27.0},{"not_picked":["Reinforced Body+1","Echo Form"],"picked":"Defragment","floor":28.0},{"not_picked":["Reprogram+1","Blizzard"],"picked":"Defragment+1","floor":29.0},{"not_picked":["Scrape","Turbo","Leap"],"picked":"SKIP","floor":31.0},{"not_picked":["Lockon+1","Barrage","Rebound"],"picked":"SKIP","floor":35},{"not_picked":["Conserve Battery","Doom and Gloom+1","Hologram+1"],"picked":"SKIP","floor":36},{"not_picked":["Sweeping Beam","Stack+1","Undo+1"],"picked":"SKIP","floor":39},{"not_picked":["Double Energy+1","Melter+1","Conserve Battery+1"],"picked":"SKIP","floor":41},{"not_picked":["Beam Cell","Reinforced Body+1","Darkness"],"picked":"SKIP","floor":44},{"not_picked":["Scrape+1","Chaos","Turbo+1"],"picked":"SKIP","floor":45},{"not_picked":["Gash+1","Sweeping Beam","Electrodynamics","Rebound+1"],"picked":"SKIP","floor":48},{"not_picked":["Stack","Double Energy+1","Streamline"],"picked":"Multi-Cast","floor":54}],"player_experience":269520,"relics_obtained":[{"floor":6.0,"key":"Dodecahedron"},{"floor":10.0,"key":"The Courier"},{"floor":11.0,"key":"Regal Pillow"},{"floor":24.0,"key":"Lantern"},{"floor":26.0,"key":"Bag of Preparation"},{"floor":29.0,"key":"Orichalcum"},{"floor":37,"key":"Pocketwatch"},{"floor":41,"key":"Bottled Tornado"},{"floor":43,"key":"Sundial"},{"floor":46,"key":"Question Card"},{"floor":54,"key":"Blue Candle"}],"event_choices":[{"damage_healed":0.0,"max_hp_gain":0.0,"max_hp_loss":0.0,"gold_gain":0.0,"event_name":"Scrap Ooze","player_choice":"Success","floor":2.0,"gold_loss":0.0,"damage_taken":12.0,"relics_obtained":["War Paint"]},{"damage_healed":0.0,"max_hp_gain":0.0,"max_hp_loss":0.0,"gold_gain":0.0,"event_name":"Lab","player_choice":"Got Potions","floor":3.0,"gold_loss":0.0,"damage_taken":0.0},{"damage_healed":0.0,"max_hp_gain":5.0,"max_hp_loss":0.0,"gold_gain":0.0,"event_name":"Big Fish","player_choice":"Donut","floor":5.0,"gold_loss":0.0,"damage_taken":0.0},{"damage_healed":0.0,"max_hp_gain":0.0,"max_hp_loss":0.0,"gold_gain":0.0,"event_name":"Match and Keep!","player_choice":"4 cards matched","floor":13.0,"gold_loss":0.0,"damage_taken":0.0,"cards_obtained":["Barrage","Pain","Forethought","Zap"]},{"damage_healed":0.0,"max_hp_gain":0.0,"max_hp_loss":40.0,"gold_gain":0.0,"event_name":"Ghosts","player_choice":"Became a Ghost","floor":25.0,"gold_loss":0.0,"damage_taken":0.0,"cards_obtained":["Ghostly","Ghostly","Ghostly","Ghostly","Ghostly"]},{"damage_healed":0,"gold_gain":0,"player_choice":"Fight","damage_taken":0,"max_hp_gain":0,"max_hp_loss":0,"event_name":"Mysterious Sphere","floor":37,"gold_loss":0},{"damage_healed":0,"gold_gain":0,"player_choice":"Forge","damage_taken":0,"max_hp_gain":0,"max_hp_loss":0,"event_name":"Accursed Blacksmith","floor":38,"gold_loss":0,"cards_upgraded":["Defragment"]},{"damage_healed":0,"gold_gain":0,"player_choice":"Max HP","damage_taken":0,"max_hp_gain":0,"max_hp_loss":2,"event_name":"Winding Halls","floor":47,"gold_loss":0}],"is_beta":false,"boss_relics":[{"not_picked":["Philosopher\u0027s Stone","White Beast Statue"],"picked":"Pandora\u0027s Box"},{"not_picked":["Lizard Tail","Black Star"],"picked":"Fusion Hammer"}],"items_purged_floors":[12,30],"is_endless":false,"potions_floor_spawned":[1,7,10,14,16,21,24,28,29,36,41,44,54],"ascension_level":1}