{"path_per_floor":["M","$","M","?","M","E","?","R","T","E","?","R","?","M","R","B",null,"M","?","?","?","M","R","E","M","T","M","R","M","R","M","R","B",null,"M","M","$","M","?","E","R","M","T","R","$","M","T","E","R","B"],"character_chosen":"THE_SILENT","items_purchased":["Outmaneuver","Torii","Footwork","Noxious Fumes"],"gold_per_floor":[116,16,30,30,42,73,73,73,103,128,128,128,128,141,141,241,241,252,252,252,252,272,272,298,311,357,372,372,388,388,401,401,498,498,513,531,71,86,86,115,115,126,200,200,2,22,22,50,50,50],"floor_reached":51,"campfire_rested":3,"playtime":10587,"current_hp_per_floor":[70,70,70,70,70,45,50,50,50,49,34,56,49,49,49,28,75,72,52,52,52,52,52,16,16,16,20,20,14,14,20,35,50,52,36,34,34,52,52,32,42,43,43,52,52,52,52,10,35,52],"items_purged":["Strike_G","Defend_G","Survivor"],"gold":50,"play_id":"8637748e-1d6d-4402-9001-0ff24b05be88","is_prod":false,"is_daily":false,"is_ascension_mode":true,"campfire_upgraded":7,"path_taken":["M","$","M","?","M","E","?","R","T","E","?","R","?","M","R","BOSS","M","?","?","?","M","R","E","?","T","?","R","?","R","M","R","BOSS","M","M","$","M","?","E","R","?","T","R","?","M","?","E","R","BOSS"],"build_version":"2018-01-25-PROD2","purchased_purges":3,"victory":true,"master_deck":["Defend_G+1","Defend_G+1","Defend_G+1","Neutralize+1","Predator+1","Outmaneuver+1","Backflip","Backflip","Slice","Bite_G","Bite_G","Bite_G","Bite_G","Bite_G+1","Infinite Blades+1","Footwork+1","Quick Slash+1","Well Laid Plans+1","PiercingWail+1","Deflect","Slice","Acrobatics+1","Footwork+1","Flechettes+1","Infinite Blades","Noxious Fumes","Blur+1"],"max_hp_per_floor":[70,70,70,70,70,70,75,75,75,75,75,75,75,75,75,75,75,75,52,52,52,52,52,52,52,52,52,52,52,52,52,52,52,52,52,52,52,52,52,52,52,52,52,52,52,52,52,52,52,52],"relics":["Ring of the Snake","War Paint","Tiny Chest","Matryoshka","Shuriken","White Beast Statue","Bag of Preparation","Bottled Tornado","Dream Catcher","Eternal Feather","Torii","Bottled Flame","Dodecahedron","Paper Crane","Gambling Chip","Letter Opener"],"card_choices":[{"not_picked":["Deflect","Poisoned Stab"],"picked":"Predator"},{"not_picked":["Acrobatics","Quick Slash"],"picked":"Backflip"},{"not_picked":["Bouncing Flask","PiercingWail"],"picked":"Backflip"},{"not_picked":["Sucker Punch","Deadly Poison"],"picked":"Slice"},{"not_picked":["Dagger Spray","Predator"],"picked":"Footwork"},{"not_picked":["Bane","Predator"],"picked":"Quick Slash"},{"not_picked":["Quick Slash","Flying Knee"],"picked":"Well Laid Plans"},{"not_picked":["Poisoned Stab","Bullet Time"],"picked":"PiercingWail"},{"not_picked":["Calculated Gamble","Finisher"],"picked":"Deflect"},{"not_picked":["Heel Hook","Dagger Spray"],"picked":"Slice"},{"not_picked":["Bouncing Flask","Outmaneuver"],"picked":"Acrobatics"},{"not_picked":["Dagger Throw","Finisher"],"picked":"Flechettes"},{"not_picked":["Predator","Heel Hook"],"picked":"Blur"}],"player_experience":63763,"potions_floor_usage":[6,10,24,24,25,33,33,36,38,42,46,48,48,48,50],"damage_taken":[{"damage":0,"enemies":"Jaw Worm","floor":1,"turns":4},{"damage":0,"enemies":"Blue Slaver","floor":3,"turns":7},{"damage":0,"enemies":"Small Slimes","floor":5,"turns":2},{"damage":25,"enemies":"Gremlin Nob","floor":6,"turns":5},{"damage":16,"enemies":"3 Sentries","floor":10,"turns":9},{"damage":0,"enemies":"3 Louse","floor":14,"turns":4},{"damage":21,"enemies":"Hexaghost","floor":16,"turns":15},{"damage":3,"enemies":"Chosen","floor":18,"turns":4},{"damage":2,"enemies":"3 Byrds","floor":22,"turns":4},{"damage":46,"enemies":"Gremlin Leader","floor":24,"turns":8},{"damage":6,"enemies":"Snecko","floor":25,"turns":7},{"damage":2,"enemies":"Sentry and Sphere","floor":27,"turns":6},{"damage":18,"enemies":"3 Cultists","floor":29,"turns":7},{"damage":8,"enemies":"Chosen and Byrds","floor":31,"turns":5},{"damage":7,"enemies":"Collector","floor":33,"turns":11},{"damage":20,"enemies":"Orb Walker","floor":35,"turns":5},{"damage":16,"enemies":"3 Shapes","floor":36,"turns":7},{"damage":1,"enemies":"Maw","floor":38,"turns":8},{"damage":22,"enemies":"Giant Head","floor":40,"turns":7},{"damage":9,"enemies":"4 Shapes","floor":42,"turns":8},{"damage":2,"enemies":"3 Darklings","floor":46,"turns":5},{"damage":48,"enemies":"2 Orb Walkers","floor":48,"turns":7},{"damage":0,"enemies":"Awakened One","floor":50,"turns":13}],"event_choices":[{"event_name":"Match and Keep!","player_choice":"0 cards matched","floor":4,"damage_taken":0},{"event_name":"Big Fish","player_choice":"Donut","floor":7,"damage_taken":0},{"event_name":"Shining Light","player_choice":"Entered Light","floor":11,"damage_taken":0},{"event_name":"Scrap Ooze","player_choice":"success","floor":13,"damage_taken":7},{"event_name":"Vampires","player_choice":"Became a vampire","floor":19,"damage_taken":0},{"event_name":"Back to Basics","player_choice":"Elegance","floor":20,"damage_taken":0},{"event_name":"The Library","player_choice":"Read","floor":21,"damage_taken":0},{"event_name":"Match and Keep!","player_choice":"1 cards matched","floor":39,"damage_taken":0}],"boss_relics":[{"not_picked":["Calling Bell","The Specimen"],"picked":"White Beast Statue"},{"not_picked":["Black Star","Question Card"],"picked":"Eternal Feather"}],"potions_floor_spawned":[1,3,6,18,22,24,25,27,29,31,33,35,36,38,40,42,46,48],"seed_played":"-907102906989892995","ascension_level":1,"is_trial":false}