{"gold_per_floor":[115,128,29,104,104,139,139,157,184,196,222,238,238,250,250,353,353,364,364,382,242,262,262,274,274,274,274,24,44,44,54,54,151,151,170,190,540,540,550,550,565,565,565,598,613,613,326,339,339,339],"floor_reached":50,"playtime":6939,"items_purged":["Strike_B","Lockon","Defend_B","Defend_B"],"score":561,"play_id":"34b1b674-5f33-4cce-bb02-da585e146a0a","local_time":"20190129145727","is_ascension_mode":false,"campfire_choices":[{"data":"Ball Lightning","floor":7.0,"key":"SMITH"},{"data":"Genetic Algorithm","floor":13.0,"key":"SMITH"},{"data":"Redo","floor":15.0,"key":"SMITH"},{"data":"Genetic Algorithm","floor":23.0,"key":"SMITH"},{"data":"Buffer","floor":25.0,"key":"SMITH"},{"floor":32.0,"key":"REST"},{"floor":40,"key":"REST"},{"data":"Loop","floor":49,"key":"SMITH"}],"neow_cost":"NONE","seed_source_timestamp":0,"circlet_count":0,"master_deck":["Strike_B","Strike_B","Defend_B","Defend_B","Zap","Dualcast","Steam","Redo+1","Ball Lightning+1","Cold Snap","Cold Snap","Genetic Algorithm+1","Conserve Battery","Amplify","Buffer+1","Genetic Algorithm+1","White Noise","Capacitor","Consume+1","Loop","Redo","Capacitor","Ball Lightning","White Noise","Biased Cognition","Coolheaded","Writhe","Parasite","Double Energy+1","Self Repair+1","Reinforced Body","Finesse","Loop+1"],"special_seed":0,"relics":["Cracked Core","NeowsBlessing","Bronze Scales","Boot","FossilizedHelix","Busted Crown","Gambling Chip","Kunai","Sozu","Old Coin","Pear","Smiling Mask","Happy Flower"],"potions_floor_usage":[],"damage_taken":[{"damage":0.0,"enemies":"Cultist","floor":1.0,"turns":1.0},{"damage":0.0,"enemies":"Jaw Worm","floor":2.0,"turns":1.0},{"damage":0.0,"enemies":"3 Sentries","floor":6.0,"turns":1.0},{"damage":0.0,"enemies":"Small Slimes","floor":8.0,"turns":3.0},{"damage":0.0,"enemies":"3 Louse","floor":10.0,"turns":2.0},{"damage":17.0,"enemies":"Lagavulin","floor":11.0,"turns":5.0},{"damage":0.0,"enemies":"2 Fungi Beasts","floor":12.0,"turns":2.0},{"damage":0.0,"enemies":"Exordium Wildlife","floor":14.0,"turns":3.0},{"damage":22.0,"enemies":"Slime Boss","floor":16.0,"turns":11.0},{"damage":10.0,"enemies":"Spheric Guardian","floor":18.0,"turns":4.0},{"damage":10.0,"enemies":"2 Thieves","floor":20.0,"turns":4.0},{"damage":23.0,"enemies":"Cultist and Chosen","floor":22.0,"turns":8.0},{"damage":0.0,"enemies":"Snecko","floor":24.0,"turns":6.0},{"damage":6.0,"enemies":"3 Cultists","floor":29.0,"turns":6.0},{"damage":0.0,"enemies":"Sentry and Sphere","floor":31.0,"turns":5.0},{"damage":15.0,"enemies":"Automaton","floor":33.0,"turns":7.0},{"damage":0.0,"enemies":"Orb Walker","floor":35.0,"turns":3.0},{"damage":7.0,"enemies":"3 Darklings","floor":36.0,"turns":6.0},{"damage":52,"enemies":"2 Orb Walkers","floor":37,"turns":6},{"damage":0,"enemies":"Writhing Mass","floor":39,"turns":4},{"damage":0,"enemies":"Maw","floor":41,"turns":6},{"damage":0,"enemies":"Nemesis","floor":44,"turns":7},{"damage":8,"enemies":"3 Darklings","floor":45,"turns":6},{"damage":0,"enemies":"Transient","floor":48,"turns":5},{"damage":80,"enemies":"Time Eater","floor":50,"turns":12}],"seed_played":"-8845420881190015971","potions_obtained":[{"floor":6.0,"key":"EssenceOfSteel"},{"floor":8.0,"key":"Swift Potion"},{"floor":11.0,"key":"Strength Potion"},{"floor":14.0,"key":"Swift Potion"},{"floor":18.0,"key":"Explosive Potion"},{"floor":29.0,"key":"Fire Potion"},{"floor":31.0,"key":"LiquidBronze"}],"is_trial":false,"path_per_floor":["M","M","$","?","?","E","R","M","T","M","E","M","R","M","R","B",null,"M","?","M","$","M","R","M","R","T","?","$","M","$","M","R","B",null,"M","M","?","?","M","R","M","?","T","E","M","?","$","M","R","B"],"character_chosen":"DEFECT","items_purchased":["Ball Lightning","Capacitor","Redo","Capacitor","Happy Flower","Loop"],"campfire_rested":2,"item_purchase_floors":[3,21,28,28,47,47],"current_hp_per_floor":[75,75,75,64,64,64,64,64,64,64,47,47,47,47,47,25,75,65,65,55,55,32,32,32,32,32,32,32,26,26,26,48,33,75,75,68,16,35,35,57,57,57,67,67,69,69,69,79,79,0],"gold":339,"neow_bonus":"THREE_ENEMY_KILL","is_prod":false,"is_daily":false,"chose_seed":false,"campfire_upgraded":6,"win_rate":0.0,"timestamp":1548791847,"path_taken":["M","?","$","?","?","E","R","M","T","M","E","M","R","M","R","BOSS","M","?","M","$","M","R","M","R","T","?","$","M","?","M","R","BOSS","M","M","?","?","M","R","M","?","T","E","M","?","?","M","R","BOSS"],"build_version":"2019-01-23","purchased_purges":4,"victory":false,"max_hp_per_floor":[75,75,75,75,75,75,75,75,75,75,75,75,75,75,75,75,75,75,75,75,75,75,75,75,75,75,75,75,75,75,75,75,75,75,75,75,75,75,75,75,75,75,85,85,85,85,85,85,85,85],"card_choices":[{"not_picked":["Compile Driver","Force Field"],"picked":"Steam","floor":1.0},{"not_picked":["Sweeping Beam","Stack"],"picked":"Redo","floor":2.0},{"not_picked":["Compile Driver","Go for the Eyes"],"picked":"Cold Snap","floor":6.0},{"not_picked":["Reboot","Beam Cell"],"picked":"Cold Snap","floor":8.0},{"not_picked":["Leap","Sunder"],"picked":"Lockon","floor":10.0},{"not_picked":["Compile Driver","Redo"],"picked":"Genetic Algorithm","floor":11.0},{"not_picked":["Hologram","Turbo"],"picked":"Conserve Battery","floor":12.0},{"not_picked":["Cold Snap","Rip and Tear"],"picked":"Amplify","floor":14.0},{"not_picked":["Thunder Strike","Reboot"],"picked":"Buffer","floor":16.0},{"not_picked":[],"picked":"Genetic Algorithm","floor":18.0},{"not_picked":[],"picked":"White Noise","floor":20.0},{"not_picked":[],"picked":"Consume+1","floor":22.0},{"not_picked":[],"picked":"Loop","floor":24.0},{"not_picked":[],"picked":"Ball Lightning","floor":29.0},{"not_picked":[],"picked":"White Noise","floor":31.0},{"not_picked":[],"picked":"Biased Cognition","floor":33.0},{"not_picked":[],"picked":"Coolheaded","floor":35.0},{"not_picked":["Gash+1"],"picked":"SKIP","floor":36.0},{"not_picked":["Gash+1"],"picked":"SKIP","floor":39},{"not_picked":[],"picked":"Double Energy+1","floor":41},{"not_picked":[],"picked":"Self Repair+1","floor":44},{"not_picked":[],"picked":"Reinforced Body","floor":45},{"not_picked":[],"picked":"Finesse","floor":46},{"not_picked":["Auto Shields+1"],"picked":"SKIP","floor":48}],"player_experience":63252,"relics_obtained":[{"floor":6.0,"key":"Bronze Scales"},{"floor":9.0,"key":"Boot"},{"floor":11.0,"key":"FossilizedHelix"},{"floor":26.0,"key":"Gambling Chip"},{"floor":37,"key":"Old Coin"},{"floor":43,"key":"Pear"},{"floor":44,"key":"Smiling Mask"}],"event_choices":[{"damage_healed":0.0,"max_hp_gain":0.0,"max_hp_loss":0.0,"gold_gain":75.0,"event_name":"World of Goop","player_choice":"Gather Gold","floor":4.0,"gold_loss":0.0,"damage_taken":11.0},{"cards_removed":["Strike_B"],"damage_healed":0.0,"max_hp_gain":0.0,"max_hp_loss":0.0,"gold_gain":0.0,"event_name":"Living Wall","player_choice":"Forget","floor":5.0,"gold_loss":0.0,"damage_taken":0.0},{"damage_healed":0.0,"max_hp_gain":0.0,"max_hp_loss":0.0,"gold_gain":0.0,"event_name":"Vampires","player_choice":"Ignored","floor":19.0,"gold_loss":0.0,"damage_taken":0.0},{"damage_healed":0.0,"max_hp_gain":0.0,"max_hp_loss":0.0,"gold_gain":0.0,"event_name":"The Mausoleum","player_choice":"Opened","floor":27.0,"gold_loss":0.0,"damage_taken":0.0,"relics_obtained":["Kunai"]},{"damage_healed":0,"gold_gain":0,"player_choice":"Fight","damage_taken":0,"max_hp_gain":0,"max_hp_loss":0,"event_name":"Mysterious Sphere","floor":37,"gold_loss":0},{"damage_healed":19,"gold_gain":0,"player_choice":"Writhe","damage_taken":0,"max_hp_gain":0,"max_hp_loss":0,"event_name":"Winding Halls","floor":38,"gold_loss":0,"cards_obtained":["Writhe"]},{"damage_healed":0,"gold_gain":0,"player_choice":"Ignored","damage_taken":0,"max_hp_gain":0,"max_hp_loss":0,"event_name":"Tomb of Lord Red Mask","floor":42,"gold_loss":0},{"damage_healed":0,"gold_gain":0,"player_choice":"Memory 1","damage_taken":0,"max_hp_gain":0,"max_hp_loss":0,"event_name":"SensoryStone","floor":46,"gold_loss":0}],"is_beta":false,"boss_relics":[{"not_picked":["Calling Bell","Coffee Dripper"],"picked":"Busted Crown"},{"not_picked":["Cursed Key","Philosopher\u0027s Stone"],"picked":"Sozu"}],"items_purged_floors":[3,21,28,47],"is_endless":false,"potions_floor_spawned":[6,8,11,14,18,29,31,36,39,45,48],"killed_by":"Time Eater","ascension_level":0}