{"gold_per_floor":[114,39,51,51,12,43,4,4,4,22,46,62,62,95,95,95],"floor_reached":16,"playtime":895,"items_purged":["Defend_G"],"score":131,"play_id":"0edf4129-2454-49f8-9102-3f395ebaf4a2","local_time":"20190226202243","is_ascension_mode":true,"campfire_choices":[{"floor":8,"key":"RECALL"},{"data":"Well Laid Plans","floor":13,"key":"SMITH"},{"floor":15,"key":"REST"}],"neow_cost":"NONE","seed_source_timestamp":42207192096224,"circlet_count":0,"master_deck":["Defend_G","Defend_G","Defend_G","Defend_G","Strike_G","Strike_G","Strike_G","Strike_G","Strike_G","Survivor","Neutralize","PiercingWail","Leg Sweep","Acrobatics","Well Laid Plans+1","Blur","Well Laid Plans","Terror","Infinite Blades"],"relics":["Ring of the Snake","NeowsBlessing","Golden Idol","Letter Opener","Odd Mushroom"],"potions_floor_usage":[14,16],"damage_taken":[{"damage":0,"enemies":"2 Louse","floor":1,"turns":1},{"damage":0,"enemies":"Jaw Worm","floor":3,"turns":1},{"damage":0,"enemies":"Lagavulin","floor":6,"turns":1},{"damage":2,"enemies":"Cultist","floor":10,"turns":4},{"damage":3,"enemies":"Looter","floor":11,"turns":4},{"damage":4,"enemies":"Blue Slaver","floor":12,"turns":6},{"damage":18,"enemies":"The Mushroom Lair","floor":14,"turns":5},{"damage":47,"enemies":"Slime Boss","floor":16,"turns":8}],"seed_played":"3315220978342672093","potions_obtained":[{"floor":3,"key":"PowerPotion"},{"floor":6,"key":"Poison Potion"},{"floor":11,"key":"Swift Potion"}],"is_trial":false,"path_per_floor":["M","$","M","?","$","E","$","R","T","M","M","M","R","?","R","B"],"character_chosen":"THE_SILENT","items_purchased":["Leg Sweep","Well Laid Plans"],"campfire_rested":1,"item_purchase_floors":[5,7],"current_hp_per_floor":[70,70,70,53,53,53,53,53,53,51,48,44,44,26,47,0],"gold":95,"neow_bonus":"THREE_ENEMY_KILL","is_prod":false,"is_daily":false,"chose_seed":false,"campfire_upgraded":1,"win_rate":0,"timestamp":1551230563,"path_taken":["M","$","M","?","$","E","?","R","T","?","M","M","R","?","R","BOSS"],"build_version":"2019-01-23","purchased_purges":1,"victory":false,"max_hp_per_floor":[70,70,70,70,70,70,70,70,70,70,70,70,70,70,70,70],"card_choices":[{"not_picked":["Bane","Outmaneuver"],"picked":"PiercingWail","floor":1},{"not_picked":["Blade Dance","Setup","Dagger Throw"],"picked":"SKIP","floor":3},{"not_picked":["Riddle With Holes","Dodge and Roll"],"picked":"Acrobatics","floor":6},{"not_picked":["Flying Knee","Wraith Form v2"],"picked":"Blur","floor":10},{"not_picked":["Concentrate","Tactician"],"picked":"Well Laid Plans","floor":11},{"not_picked":["Dodge and Roll","Bane"],"picked":"Terror","floor":12},{"not_picked":["Skewer","Blade Dance"],"picked":"Infinite Blades","floor":14}],"player_experience":228328,"relics_obtained":[{"floor":6,"key":"Letter Opener"},{"floor":14,"key":"Odd Mushroom"}],"event_choices":[{"damage_healed":0,"gold_gain":0,"player_choice":"Take Damage","damage_taken":17,"relics_obtained":["Golden Idol"],"max_hp_gain":0,"max_hp_loss":0,"event_name":"Golden Idol","floor":4,"gold_loss":0},{"damage_healed":0,"gold_gain":0,"player_choice":"Fought Mushrooms","damage_taken":0,"max_hp_gain":0,"max_hp_loss":0,"event_name":"Mushrooms","floor":14,"gold_loss":0}],"is_beta":false,"boss_relics":[],"items_purged_floors":[2],"is_endless":false,"potions_floor_spawned":[3,6,11],"killed_by":"Slime Boss","ascension_level":1}