{"gold_per_floor":[109,184,198,3,22,54,54,79,79,106,106,31,49,65,65,166,166,180,360,0,14,34,63,63,98,98,114,114,114,114,147,147,252,252,268,278,2,14,14,42,42,53,53,69,94,107,133,150,150,150],"floor_reached":51,"playtime":6370,"items_purged":["Parasite","Bullet Time"],"score":1018,"play_id":"845166ac-3e8c-42e1-809c-31755b6fb424","local_time":"20190102224233","is_ascension_mode":true,"campfire_choices":[{"data":"Mayhem","floor":7.0,"key":"SMITH"},{"data":"Phantasmal Killer","floor":15.0,"key":"SMITH"},{"data":"After Image","floor":24.0,"key":"SMITH"},{"data":"Neutralize","floor":29.0,"key":"SMITH"},{"data":"J.A.X.","floor":32.0,"key":"SMITH"},{"data":"Apotheosis","floor":41,"key":"SMITH"},{"data":"Catalyst","floor":49,"key":"SMITH"}],"neow_cost":"NONE","seed_source_timestamp":0,"circlet_count":0,"master_deck":["Defend_G","Defend_G","Defend_G","Defend_G","Defend_G","Survivor","Neutralize+1","Dash","Dash","Mayhem+1","Quick Slash","Phantasmal Killer+1","Crippling Poison","Bouncing Flask","All Out Attack","Caltrops","After Image+1","Catalyst","Catalyst+1","Backstab+1","Poisoned Stab+1","Backstab","Flying Knee","Deadly Poison","Bite","Bite","Bite","Bite","Bite","J.A.X.+1","Terror+1","After Image+1","Well Laid Plans+1","Cloak And Dagger+1","Footwork+1","Deadly Poison+1","Apotheosis+1","Flying Knee","Malaise","Dark Shackles","Madness","Dark Shackles","Adrenaline","Terror+1","Poisoned Stab+1","After Image+1","Backstab+1"],"special_seed":0,"relics":["Ring of the Snake","PreservedInsect","Unceasing Top","Prayer Wheel","Mango","Bird Faced Urn","Coffee Dripper","Medical Kit","Anchor","Letter Opener","Oddly Smooth Stone","Frozen Egg 2","Blood Vial","HoveringKite","Snake Skull","Question Card","Dream Catcher","Sundial"],"potions_floor_usage":[50],"damage_taken":[{"damage":0.0,"enemies":"Jaw Worm","floor":1.0,"turns":7.0},{"damage":0.0,"enemies":"2 Louse","floor":3.0,"turns":3.0},{"damage":0.0,"enemies":"Small Slimes","floor":5.0,"turns":3.0},{"damage":7.0,"enemies":"Lagavulin","floor":6.0,"turns":5.0},{"damage":15.0,"enemies":"3 Sentries","floor":8.0,"turns":6.0},{"damage":10.0,"enemies":"Lagavulin","floor":10.0,"turns":6.0},{"damage":22.0,"enemies":"Gremlin Gang","floor":13.0,"turns":5.0},{"damage":0.0,"enemies":"3 Louse","floor":14.0,"turns":2.0},{"damage":7.0,"enemies":"Hexaghost","floor":16.0,"turns":8.0},{"damage":6.0,"enemies":"Shell Parasite","floor":18.0,"turns":5.0},{"damage":0.0,"enemies":"Chosen","floor":21.0,"turns":4.0},{"damage":0.0,"enemies":"Snecko","floor":22.0,"turns":3.0},{"damage":12.0,"enemies":"Gremlin Leader","floor":23.0,"turns":6.0},{"damage":2.0,"enemies":"Book of Stabbing","floor":25.0,"turns":4.0},{"damage":15.0,"enemies":"Cultist and Chosen","floor":27.0,"turns":5.0},{"damage":3.0,"enemies":"Slavers","floor":31.0,"turns":4.0},{"damage":59.0,"enemies":"Champ","floor":33.0,"turns":9.0},{"damage":3.0,"enemies":"Orb Walker","floor":35.0,"turns":3.0},{"damage":9.0,"enemies":"3 Shapes","floor":36.0,"turns":3.0},{"damage":9.0,"enemies":"Jaw Worm Horde","floor":38.0,"turns":4.0},{"damage":18,"enemies":"Nemesis","floor":40,"turns":5},{"damage":11,"enemies":"Sphere and 2 Shapes","floor":42,"turns":4},{"damage":2,"enemies":"4 Shapes","floor":44,"turns":4},{"damage":20,"enemies":"Reptomancer","floor":45,"turns":5},{"damage":0,"enemies":"Jaw Worm Horde","floor":46,"turns":3},{"damage":0,"enemies":"Giant Head","floor":47,"turns":4},{"damage":13,"enemies":"Spire Growth","floor":48,"turns":4},{"damage":17,"enemies":"Donu and Deca","floor":50,"turns":8}],"seed_played":"-6306582573004399970","potions_obtained":[{"floor":1.0,"key":"FearPotion"},{"floor":6.0,"key":"SpeedPotion"},{"floor":10.0,"key":"Dexterity Potion"},{"floor":16.0,"key":"GhostInAJar"},{"floor":18.0,"key":"SneckoOil"},{"floor":21.0,"key":"EssenceOfSteel"},{"floor":23.0,"key":"Strength Potion"},{"floor":25.0,"key":"LiquidBronze"},{"floor":33.0,"key":"SpeedPotion"},{"floor":35.0,"key":"AttackPotion"},{"floor":36.0,"key":"SkillPotion"},{"floor":40,"key":"EssenceOfSteel"},{"floor":44,"key":"Strength Potion"},{"floor":45,"key":"LiquidBronze"},{"floor":48,"key":"SpeedPotion"}],"is_trial":false,"path_per_floor":["M","?","M","$","M","E","R","E","T","E","?","$","M","M","R","B",null,"M","?","$","M","M","E","R","E","T","M","?","R","?","E","R","B",null,"M","M","$","M","?","E","R","M","T","M","E","M","E","M","R","B",null],"character_chosen":"THE_SILENT","items_purchased":["Mayhem","Medical Kit","Anchor","Apotheosis"],"campfire_rested":0,"item_purchase_floors":[4,20,20,37],"current_hp_per_floor":[70,59,59,59,59,52,52,37,51,41,62,62,42,42,42,39,81,79,55,55,59,63,57,57,59,59,50,50,50,50,55,55,12,56,55,52,52,54,44,54,54,52,52,54,47,56,56,43,43,56],"gold":150,"neow_bonus":"RANDOM_COMMON_RELIC","is_prod":false,"is_daily":false,"chose_seed":false,"campfire_upgraded":7,"win_rate":0,"timestamp":1546497753,"path_taken":["M","?","M","?","M","E","R","E","T","E","?","$","M","M","R","BOSS","M","?","$","M","?","E","R","E","T","M","?","R","?","E","R","BOSS","M","M","$","M","?","E","R","M","T","M","E","M","E","M","R","BOSS"],"build_version":"2018-12-20","purchased_purges":2,"victory":true,"max_hp_per_floor":[70,70,70,70,70,70,70,70,84,84,84,81,81,81,81,81,81,81,81,81,81,81,81,81,81,81,81,56,56,56,56,56,56,56,56,56,56,56,56,56,56,56,56,56,56,56,56,56,56,56],"card_choices":[{"not_picked":["Outmaneuver","Flying Knee"],"picked":"Dash","floor":1.0},{"not_picked":["Deflect","Acrobatics"],"picked":"Dash","floor":3.0},{"not_picked":["Bane","Dagger Throw"],"picked":"Quick Slash","floor":5.0},{"not_picked":["Dodge and Roll","Doppelganger"],"picked":"Phantasmal Killer","floor":6.0},{"not_picked":["Catalyst","Dagger Spray"],"picked":"Crippling Poison","floor":8.0},{"not_picked":["Slice","Tactician"],"picked":"Bouncing Flask","floor":10.0},{"not_picked":["Heel Hook","Outmaneuver"],"picked":"All Out Attack","floor":13.0},{"not_picked":["PiercingWail","Slice","Sucker Punch"],"picked":"SKIP","floor":13.0},{"not_picked":["Acrobatics","Dagger Throw"],"picked":"Caltrops","floor":14.0},{"not_picked":["Outmaneuver","Quick Slash","Phantasmal Killer"],"picked":"SKIP","floor":14.0},{"not_picked":["Adrenaline","Tools of the Trade"],"picked":"After Image","floor":16.0},{"not_picked":["Riddle With Holes","Underhanded Strike+1"],"picked":"Catalyst","floor":18.0},{"not_picked":["Prepared","Cloak And Dagger"],"picked":"Catalyst","floor":18.0},{"not_picked":["Flying Knee","Endless Agony"],"picked":"Backstab+1","floor":21.0},{"not_picked":["Acrobatics","Dagger Throw"],"picked":"Poisoned Stab+1","floor":21.0},{"not_picked":["Acrobatics","Quick Slash"],"picked":"Backstab","floor":22.0},{"not_picked":["Slice","Flechettes","Dagger Throw"],"picked":"SKIP","floor":22.0},{"not_picked":["Slice","Masterful Stab"],"picked":"Bullet Time","floor":23.0},{"not_picked":["Underhanded Strike","Slice+1","Tactician"],"picked":"SKIP","floor":25.0},{"not_picked":["Eviscerate+1","Underhanded Strike"],"picked":"Flying Knee","floor":27.0},{"not_picked":["Acrobatics","Poisoned Stab"],"picked":"Deadly Poison","floor":27.0},{"not_picked":["Dagger Throw","Sucker Punch"],"picked":"Terror+1","floor":31.0},{"not_picked":["Phantasmal Killer","Adrenaline"],"picked":"After Image+1","floor":33.0},{"not_picked":["Tactician","Leg Sweep"],"picked":"Well Laid Plans+1","floor":35.0},{"not_picked":["PiercingWail+1","Prepared+1"],"picked":"Cloak And Dagger+1","floor":35.0},{"not_picked":["Outmaneuver+1","Slice+1"],"picked":"Footwork+1","floor":36.0},{"not_picked":["Sucker Punch","Blade Dance+1"],"picked":"Deadly Poison+1","floor":36.0},{"not_picked":["Backflip","Deadly Poison"],"picked":"Flying Knee","floor":38.0},{"not_picked":["Acrobatics","Quick Slash"],"picked":"Malaise","floor":38.0},{"not_picked":["Bandage Up","Impatience"],"picked":"Dark Shackles","floor":39},{"not_picked":["Trip","Good Instincts"],"picked":"Madness","floor":39},{"not_picked":["Blind","Mind Blast"],"picked":"Dark Shackles","floor":39},{"not_picked":["Quick Slash","Slice+1"],"picked":"Adrenaline","floor":40},{"not_picked":["Expertise","Well Laid Plans+1"],"picked":"Terror+1","floor":42},{"not_picked":["Flechettes","Dodge and Roll","Blade Dance+1"],"picked":"SKIP","floor":42},{"not_picked":["Choke","Reflex","Bane"],"picked":"Poisoned Stab+1","floor":44},{"not_picked":["Prepared+1","Deadly Poison+1","Sucker Punch","Flying Knee+1"],"picked":"SKIP","floor":44},{"not_picked":["Leg Sweep","Quick Slash+1","Terror","Outmaneuver"],"picked":"SKIP","floor":45},{"not_picked":["Flying Knee+1","Skewer","Endless Agony"],"picked":"After Image+1","floor":46},{"not_picked":["Poisoned Stab","Expertise+1","Flying Knee+1","Slice"],"picked":"SKIP","floor":46},{"not_picked":["Deflect+1","Blade Dance","Sucker Punch+1"],"picked":"Backstab+1","floor":47},{"not_picked":["Well Laid Plans+1","PiercingWail","Quick Slash","Masterful Stab"],"picked":"SKIP","floor":48},{"not_picked":["Outmaneuver","Masterful Stab+1","Finisher+1","Slice"],"picked":"SKIP","floor":48}],"player_experience":117671,"relics_obtained":[{"floor":6.0,"key":"Unceasing Top"},{"floor":8.0,"key":"Prayer Wheel"},{"floor":9.0,"key":"Mango"},{"floor":10.0,"key":"Bird Faced Urn"},{"floor":23.0,"key":"Letter Opener"},{"floor":25.0,"key":"Oddly Smooth Stone"},{"floor":26.0,"key":"Frozen Egg 2"},{"floor":31.0,"key":"Blood Vial"},{"floor":40,"key":"Snake Skull"},{"floor":43,"key":"Question Card"},{"floor":45,"key":"Dream Catcher"},{"floor":47,"key":"Sundial"}],"event_choices":[{"damage_healed":0.0,"max_hp_gain":0.0,"max_hp_loss":0.0,"gold_gain":75.0,"event_name":"World of Goop","player_choice":"Gather Gold","floor":2.0,"gold_loss":0.0,"damage_taken":11.0},{"damage_healed":21.0,"max_hp_gain":0.0,"max_hp_loss":0.0,"gold_gain":0.0,"event_name":"Mushrooms","player_choice":"Healed and dodged fight","floor":11.0,"gold_loss":0.0,"damage_taken":0.0,"cards_obtained":["Parasite"]},{"damage_healed":0.0,"max_hp_gain":0.0,"max_hp_loss":0.0,"gold_gain":180.0,"event_name":"Knowing Skull","player_choice":"GOLD GOLD ","floor":19.0,"potions_obtained":[],"gold_loss":0.0,"damage_taken":24.0,"cards_obtained":[]},{"damage_healed":0.0,"max_hp_gain":0.0,"max_hp_loss":25.0,"gold_gain":0.0,"event_name":"Vampires","player_choice":"Became a vampire","floor":28.0,"gold_loss":0.0,"damage_taken":0.0,"cards_obtained":["Bite","Bite","Bite","Bite","Bite"]},{"damage_healed":0.0,"max_hp_gain":0.0,"max_hp_loss":0.0,"gold_gain":0.0,"event_name":"Drug Dealer","player_choice":"Obtain J.A.X.","floor":30.0,"gold_loss":0.0,"damage_taken":0.0,"cards_obtained":["J.A.X."]},{"damage_healed":0,"gold_gain":0,"player_choice":"Memory 3","damage_taken":10,"max_hp_gain":0,"max_hp_loss":0,"event_name":"SensoryStone","floor":39,"gold_loss":0}],"is_beta":false,"boss_relics":[{"not_picked":["Eternal Feather","Velvet Choker"],"picked":"Coffee Dripper"},{"not_picked":["Snecko Eye","Calling Bell"],"picked":"HoveringKite"}],"items_purged_floors":[12,37],"is_endless":false,"potions_floor_spawned":[1,6,10,16,18,21,23,25,33,35,36,40,44,45,48],"ascension_level":3}