{"gold_per_floor":[109,109,109,120,120,152,167,167,167,167,187,214,214,227,227,227],"floor_reached":16,"playtime":994,"items_purged":[],"score":200,"play_id":"c809a209-30a0-408c-9840-0efccab1aad2","local_time":"20190316122546","is_ascension_mode":true,"campfire_choices":[{"data":"Armaments","floor":8,"key":"SMITH"},{"floor":10,"key":"REST"},{"data":"Havoc","floor":15,"key":"SMITH"}],"neow_cost":"TEN_PERCENT_HP_LOSS","seed_source_timestamp":258609841089270,"circlet_count":0,"master_deck":["AscendersBane","Strike_R","Strike_R","Strike_R","Strike_R","Strike_R","Defend_R","Defend_R+1","Defend_R","Defend_R+1","Bash","Immolate+1","Headbutt","Shrug It Off","Armaments+1","Reaper","Havoc+1"],"relics":["Burning Blood","Ginger","Sundial","Gambling Chip","War Paint","Boot"],"potions_floor_usage":[16,16],"damage_taken":[{"damage":2,"enemies":"Jaw Worm","floor":1,"turns":3},{"damage":0,"enemies":"2 Louse","floor":4,"turns":1},{"damage":60,"enemies":"Lagavulin","floor":6,"turns":7},{"damage":0,"enemies":"Small Slimes","floor":7,"turns":2},{"damage":0,"enemies":"Blue Slaver","floor":11,"turns":4},{"damage":0,"enemies":"2 Fungi Beasts","floor":14,"turns":2},{"damage":55,"enemies":"The Guardian","floor":16,"turns":10}],"seed_played":"-3272711323192883341","potions_obtained":[{"floor":4,"key":"LiquidBronze"},{"floor":11,"key":"PowerPotion"},{"floor":14,"key":"EssenceOfSteel"}],"is_trial":false,"path_per_floor":["M","?","?","M","?","E","M","R","T","R","M","T","?","M","R","B"],"character_chosen":"IRONCLAD","items_purchased":[],"campfire_rested":1,"item_purchase_floors":[],"current_hp_per_floor":[68,50,55,61,61,7,13,13,13,34,40,40,40,46,46,0],"gold":227,"neow_bonus":"THREE_RARE_CARDS","is_prod":false,"is_daily":false,"chose_seed":false,"campfire_upgraded":2,"win_rate":0,"timestamp":1552731946,"path_taken":["M","?","?","?","?","E","M","R","T","R","M","?","?","M","R","BOSS"],"build_version":"2019-03-15","purchased_purges":0,"victory":false,"max_hp_per_floor":[68,68,73,73,73,73,73,73,73,73,73,73,73,73,73,73],"card_choices":[{"not_picked":["Dark Embrace","Juggernaut"],"picked":"Immolate","floor":0},{"not_picked":["Warcry","Wild Strike"],"picked":"Headbutt","floor":1},{"not_picked":["Cleave","Flex","Rupture"],"picked":"SKIP","floor":4},{"not_picked":["Heavy Blade","Thunderclap"],"picked":"Shrug It Off","floor":6},{"not_picked":["Twin Strike","Rage"],"picked":"Armaments","floor":7},{"not_picked":["Pummel","Wild Strike"],"picked":"Reaper","floor":11},{"not_picked":["Iron Wave","Hemokinesis"],"picked":"Havoc","floor":14}],"player_experience":690401,"relics_obtained":[{"floor":6,"key":"Sundial"},{"floor":9,"key":"Gambling Chip"},{"floor":12,"key":"War Paint"}],"event_choices":[{"damage_healed":0,"gold_gain":0,"player_choice":"Success","damage_taken":18,"relics_obtained":["Ginger"],"max_hp_gain":0,"max_hp_loss":0,"event_name":"Scrap Ooze","floor":2,"gold_loss":0},{"damage_healed":0,"gold_gain":0,"player_choice":"Donut","damage_taken":0,"max_hp_gain":5,"max_hp_loss":0,"event_name":"Big Fish","floor":3,"gold_loss":0},{"damage_healed":0,"gold_gain":0,"player_choice":"Grow","damage_taken":0,"max_hp_gain":0,"max_hp_loss":0,"event_name":"Living Wall","floor":5,"gold_loss":0,"cards_upgraded":["Immolate"]},{"damage_healed":0,"gold_gain":0,"player_choice":"Gave Potion","damage_taken":0,"relics_obtained":["Boot"],"max_hp_gain":0,"max_hp_loss":0,"event_name":"WeMeetAgain","floor":13,"gold_loss":0}],"is_beta":true,"boss_relics":[],"items_purged_floors":[],"is_endless":false,"potions_floor_spawned":[4,11,14],"killed_by":"The Guardian","ascension_level":20}