{"gold_per_floor":[116,127,52,227,302,330,30,57,57,57,57,70,82,82,82,180,180,197,59,78,353,363,392,405,420,443,443,443,513,529,545,545,545],"floor_reached":33,"playtime":6080,"items_purged":["Strike_G","Doubt"],"score":277,"play_id":"9387c247-eebb-4a80-bb7b-5e463e45828d","local_time":"20190128102233","is_ascension_mode":false,"campfire_choices":[{"floor":10,"key":"REST"},{"floor":15,"key":"REST"},{"floor":28,"key":"REST"},{"floor":32,"key":"REST"}],"neow_cost":"TEN_PERCENT_HP_LOSS","seed_source_timestamp":1460724542830032,"circlet_count":0,"master_deck":["Defend_G+1","Defend_G+1","Defend_G+1","Defend_G+1","Defend_G+1","Strike_G+1","Strike_G+1","Strike_G+1","Strike_G+1","Survivor+1","Neutralize","Adrenaline","Predator","Outmaneuver","Doppelganger","Terror","Backflip","Blur","Bullet Time","Dagger Throw+1","Skewer+1","Slice+1","Regret","Dagger Throw+1","Prepared+1","Slice+1","Masterful Stab+1","Masterful Stab+1"],"relics":["Ring of the Snake","Nunchaku","Anchor","PreservedInsect","Ninja Scroll","Molten Egg 2","CultistMask","Sozu","Du-Vu Doll","Oddly Smooth Stone","Paper Crane"],"potions_floor_usage":[6,16,33],"damage_taken":[{"damage":4,"enemies":"Cultist","floor":1,"turns":4},{"damage":0,"enemies":"Small Slimes","floor":2,"turns":2},{"damage":5,"enemies":"Gremlin Nob","floor":6,"turns":4},{"damage":24,"enemies":"Lagavulin","floor":8,"turns":8},{"damage":0,"enemies":"Jaw Worm","floor":12,"turns":1},{"damage":0,"enemies":"3 Louse","floor":13,"turns":3},{"damage":12,"enemies":"Hexaghost","floor":16,"turns":12},{"damage":0,"enemies":"Shell Parasite","floor":18,"turns":7},{"damage":0,"enemies":"2 Thieves","floor":20,"turns":3},{"damage":20,"enemies":"Sentry and Sphere","floor":22,"turns":5},{"damage":13,"enemies":"Gremlin Leader","floor":23,"turns":4},{"damage":20,"enemies":"Snecko","floor":24,"turns":4},{"damage":0,"enemies":"Snake Plant","floor":25,"turns":3},{"damage":0,"enemies":"Cultist and Chosen","floor":30,"turns":4},{"damage":0,"enemies":"Centurion and Healer","floor":31,"turns":3},{"damage":58,"enemies":"Champ","floor":33,"turns":10}],"seed_played":"-6820508281807451301","potions_obtained":[{"floor":1,"key":"SteroidPotion"},{"floor":6,"key":"LiquidBronze"},{"floor":8,"key":"Strength Potion"}],"is_trial":false,"path_per_floor":["M","M","$","?","?","E","$","E","T","R","?","M","M","?","R","B",null,"M","$","M","?","M","E","M","M","T","?","R","T","M","M","R","B"],"character_chosen":"THE_SILENT","items_purchased":["Anchor","PreservedInsect","Skewer+1"],"campfire_rested":4,"item_purchase_floors":[7,7,19],"current_hp_per_floor":[59,59,59,59,48,43,43,19,19,37,24,24,24,24,42,30,63,63,63,63,63,43,30,10,10,10,10,28,28,28,28,46,0],"gold":545,"neow_bonus":"THREE_RARE_CARDS","is_prod":false,"is_daily":false,"chose_seed":false,"campfire_upgraded":0,"win_rate":0.0,"timestamp":1548688953,"path_taken":["M","M","?","?","?","E","$","E","T","R","?","M","M","?","R","BOSS","M","$","M","?","M","E","?","M","T","?","R","?","M","M","R","BOSS"],"build_version":"2019-01-23","purchased_purges":2,"victory":false,"max_hp_per_floor":[63,63,63,63,63,63,63,63,63,63,63,63,63,63,63,63,63,63,63,63,63,63,63,63,63,63,63,63,63,63,63,63,63],"card_choices":[{"not_picked":["Glass Knife","Venomology"],"picked":"Adrenaline","floor":0},{"not_picked":["Choke","PiercingWail"],"picked":"Predator","floor":1},{"not_picked":["Backflip","Dagger Spray"],"picked":"Outmaneuver","floor":2},{"not_picked":["Outmaneuver","Corpse Explosion"],"picked":"Doppelganger","floor":6},{"not_picked":["Acrobatics","Eviscerate"],"picked":"Terror","floor":8},{"not_picked":["Terror","Crippling Poison"],"picked":"Backflip","floor":12},{"not_picked":["Escape Plan","Crippling Poison"],"picked":"Blur","floor":13},{"not_picked":["A Thousand Cuts","Doppelganger"],"picked":"Bullet Time","floor":16},{"not_picked":["PiercingWail","Deadly Poison"],"picked":"Dagger Throw+1","floor":18},{"not_picked":["Eviscerate+1","Deadly Poison"],"picked":"Slice+1","floor":20},{"not_picked":["Backflip+1","Outmaneuver"],"picked":"Dagger Throw+1","floor":22},{"not_picked":["Venomology","Bane+1"],"picked":"Prepared+1","floor":23},{"not_picked":["Backflip","Reflex+1"],"picked":"Slice+1","floor":24},{"not_picked":["Deadly Poison+1","Dagger Spray+1"],"picked":"Masterful Stab+1","floor":25},{"not_picked":["Caltrops","Calculated Gamble","Well Laid Plans+1"],"picked":"SKIP","floor":30},{"not_picked":["Dodge and Roll","Outmaneuver"],"picked":"Masterful Stab+1","floor":31}],"player_experience":38784,"relics_obtained":[{"floor":6,"key":"Nunchaku"},{"floor":8,"key":"Ninja Scroll"},{"floor":9,"key":"Molten Egg 2"},{"floor":23,"key":"Du-Vu Doll"},{"floor":26,"key":"Oddly Smooth Stone"},{"floor":29,"key":"Paper Crane"}],"event_choices":[{"damage_healed":0,"gold_gain":175,"player_choice":"AGREE","damage_taken":0,"max_hp_gain":0,"max_hp_loss":0,"event_name":"Liars Game","floor":4,"gold_loss":0,"cards_obtained":["Doubt"]},{"damage_healed":0,"gold_gain":75,"player_choice":"Gather Gold","damage_taken":11,"max_hp_gain":0,"max_hp_loss":0,"event_name":"World of Goop","floor":5,"gold_loss":0},{"damage_healed":0,"gold_gain":0,"player_choice":"Entered Light","damage_taken":13,"max_hp_gain":0,"max_hp_loss":0,"event_name":"Shining Light","floor":11,"gold_loss":0,"cards_upgraded":["Survivor","Defend_G"]},{"damage_healed":0,"gold_gain":0,"player_choice":"Trade","damage_taken":0,"relics_obtained":["CultistMask"],"max_hp_gain":0,"max_hp_loss":0,"event_name":"FaceTrader","floor":14,"gold_loss":0},{"damage_healed":0,"gold_gain":275,"player_choice":"Desecrate","damage_taken":0,"max_hp_gain":0,"max_hp_loss":0,"event_name":"Golden Shrine","floor":21,"gold_loss":0,"cards_obtained":["Regret"]},{"damage_healed":0,"gold_gain":0,"player_choice":"Simplicity","damage_taken":0,"max_hp_gain":0,"max_hp_loss":0,"event_name":"Back to Basics","floor":27,"gold_loss":0,"cards_upgraded":["Defend_G","Defend_G","Defend_G","Defend_G","Strike_G","Strike_G","Strike_G","Strike_G"]}],"is_beta":false,"boss_relics":[{"not_picked":["Tiny House","Astrolabe"],"picked":"Sozu"}],"items_purged_floors":[3,19],"is_endless":false,"potions_floor_spawned":[1,6,8,18,24,25,30],"killed_by":"Champ","ascension_level":0}