{"gold_per_floor":[113,123,123,123,123,156,156,81,81,81,112,131,131,184,184,261,261,278,291,20,39,39,39,64,64,118,176,190,219,219,219,219,294,294,311,326,98,146,146,180,180,205,205,205,205,205,205,11,11,11,11,11,11,11,40,40],"floor_reached":57,"playtime":4302,"items_purged":["Strike_G","Strike_G+1"],"score":2986,"play_id":"2094ff19-92a3-40e0-9c55-5adb2cedc842","local_time":"20190316090324","is_ascension_mode":true,"campfire_choices":[{"data":"Dash","floor":7.0,"key":"SMITH"},{"data":"Neutralize","floor":10.0,"key":"SMITH"},{"data":"Survivor","floor":15.0,"key":"SMITH"},{"floor":23.0,"key":"REST"},{"data":"Flechettes","floor":25.0,"key":"SMITH"},{"floor":32.0,"key":"REST"},{"floor":41.0,"key":"REST"},{"floor":44.0,"key":"RECALL"},{"data":"Wraith Form v2","floor":47.0,"key":"SMITH"},{"floor":49.0,"key":"REST"},{"floor":53.0,"key":"REST"}],"neow_cost":"NONE","seed_source_timestamp":0,"circlet_count":0,"master_deck":["AscendersBane","Defend_G+1","Defend_G+1","Defend_G+1","Defend_G+1","Defend_G+1","Survivor+1","Neutralize+1","Dash+1","Corpse Explosion+1","Bouncing Flask+1","Burst+1","Flechettes+1","Deadly Poison+1","PiercingWail+1","Blade Dance+1","Flechettes","Malaise+1","PiercingWail+1","Wraith Form v2+1","Backflip+1","Deflect+1","PiercingWail+1","Noxious Fumes","Dodge and Roll+1"],"special_seed":0,"relics":["Ring of the Snake","NeowsBlessing","Toxic Egg 2","Smiling Mask","Anchor","Mercury Hourglass","Bag of Preparation","Runic Dome","OrangePellets","Pen Nib","Bronze Scales","Tiny Chest","Art of War","Enchiridion","Empty Cage","Ginger","Pocketwatch","Incense Burner","Blood Vial","Oddly Smooth Stone"],"potions_floor_usage":[],"damage_taken":[{"damage":0.0,"enemies":"Small Slimes","floor":1.0,"turns":1.0},{"damage":0.0,"enemies":"Jaw Worm","floor":2.0,"turns":1.0},{"damage":0.0,"enemies":"Gremlin Nob","floor":6.0,"turns":1.0},{"damage":9.0,"enemies":"3 Sentries","floor":11.0,"turns":7.0},{"damage":0.0,"enemies":"2 Louse","floor":12.0,"turns":2.0},{"damage":0.0,"enemies":"The Guardian","floor":16.0,"turns":7.0},{"damage":0.0,"enemies":"Chosen","floor":18.0,"turns":3.0},{"damage":0.0,"enemies":"2 Thieves","floor":19.0,"turns":2.0},{"damage":24.0,"enemies":"Cultist and Chosen","floor":21.0,"turns":5.0},{"damage":0.0,"enemies":"Slavers","floor":24.0,"turns":3.0},{"damage":14.0,"enemies":"Book of Stabbing","floor":27.0,"turns":4.0},{"damage":1.0,"enemies":"Shelled Parasite and Fungi","floor":28.0,"turns":5.0},{"damage":0.0,"enemies":"Slavers","floor":29.0,"turns":2.0},{"damage":36.0,"enemies":"Champ","floor":33.0,"turns":11.0},{"damage":0.0,"enemies":"3 Shapes","floor":35.0,"turns":4.0},{"damage":0.0,"enemies":"Orb Walker","floor":36.0,"turns":2.0},{"damage":0.0,"enemies":"2 Orb Walkers","floor":38.0,"turns":3.0},{"damage":23.0,"enemies":"Giant Head","floor":40.0,"turns":8.0},{"damage":8.0,"enemies":"Reptomancer","floor":42.0,"turns":5.0},{"damage":41.0,"enemies":"Awakened One","floor":50.0,"turns":18.0},{"damage":17.0,"enemies":"Donu and Deca","floor":51.0,"turns":9.0},{"damage":0,"enemies":"Shield and Spear","floor":55,"turns":6},{"damage":42,"enemies":"The Heart","floor":56,"turns":10}],"seed_played":"-8483294941431149569","potions_obtained":[{"floor":1.0,"key":"Ancient Potion"},{"floor":12.0,"key":"FearPotion"},{"floor":18.0,"key":"Dexterity Potion"},{"floor":27.0,"key":"AttackPotion"},{"floor":29.0,"key":"Fire Potion"},{"floor":35.0,"key":"Fire Potion"},{"floor":36.0,"key":"Explosive Potion"},{"floor":42.0,"key":"SkillPotion"},{"floor":55,"key":"Fire Potion"}],"is_trial":false,"path_per_floor":["M","M","?","?","?","E","R","$","T","R","E","M","?","T","R","B",null,"M","M","$","M","?","R","E","R","T","E","M","E","?","?","R","B",null,"M","M","$","?","?","E","R","E","T","R","T","$","R","$","R","B","B",null,"R","$","E","B",null],"character_chosen":"THE_SILENT","items_purchased":["Corpse Explosion+1","OrangePellets","Wraith Form v2","Noxious Fumes","Dodge and Roll+1","PowerPotion"],"campfire_rested":5,"item_purchase_floors":[8,20,37,48,48,48],"current_hp_per_floor":[59,59,59,52,52,52,52,52,52,52,43,43,43,43,43,43,60,60,60,60,36,36,55,55,55,55,41,40,40,40,19,38,2,50,50,50,50,50,50,27,46,38,38,38,38,38,38,38,57,18,3,50,66,66,66,24],"gold":40,"neow_bonus":"THREE_ENEMY_KILL","is_prod":false,"is_daily":false,"chose_seed":false,"campfire_upgraded":5,"win_rate":0,"timestamp":1552752204,"path_taken":["M","M","?","?","?","E","R","$","T","R","E","?","?","?","R","BOSS","M","M","$","?","?","R","E","R","T","E","M","E","?","?","R","BOSS","M","M","$","?","?","E","R","E","T","R","?","?","R","$","R","BOSS","BOSS","R","$","E","BOSS"],"build_version":"2019-02-06","purchased_purges":2,"victory":true,"max_hp_per_floor":[66,66,66,66,66,66,66,66,66,66,66,66,66,66,66,66,66,66,66,66,66,66,66,66,66,66,66,66,66,66,66,66,66,66,66,66,66,66,66,66,66,66,66,66,66,66,66,66,66,66,66,66,66,66,66,66],"card_choices":[{"not_picked":["Sucker Punch","Deadly Poison"],"picked":"Dash","floor":1.0},{"not_picked":["Outmaneuver","Flying Knee"],"picked":"Finisher","floor":2.0},{"not_picked":["Acrobatics","All Out Attack","Distraction"],"picked":"SKIP","floor":6.0},{"not_picked":["Storm of Steel+1","Heel Hook"],"picked":"Bouncing Flask+1","floor":11.0},{"not_picked":["Outmaneuver+1","Reflex+1","Acrobatics+1"],"picked":"SKIP","floor":12.0},{"not_picked":["Die Die Die","Doppelganger+1"],"picked":"Burst+1","floor":16.0},{"not_picked":["Quick Slash","Tactician+1"],"picked":"Flechettes","floor":18.0},{"not_picked":["Choke","Prepared+1"],"picked":"Deadly Poison+1","floor":19.0},{"not_picked":["Sucker Punch","Predator"],"picked":"PiercingWail+1","floor":21.0},{"not_picked":["Deadly Poison+1","Bane","Dagger Spray"],"picked":"SKIP","floor":24.0},{"not_picked":["Dagger Throw","All Out Attack"],"picked":"Blade Dance+1","floor":27.0},{"not_picked":["Underhanded Strike","Outmaneuver+1","Heel Hook"],"picked":"SKIP","floor":28.0},{"not_picked":["Underhanded Strike","Outmaneuver+1","Heel Hook"],"picked":"SKIP","floor":28.0},{"not_picked":["Dagger Throw","Outmaneuver+1"],"picked":"Flechettes","floor":29.0},{"not_picked":["Grand Finale","Glass Knife"],"picked":"Malaise+1","floor":33.0},{"not_picked":["Deadly Poison+1","Caltrops"],"picked":"PiercingWail+1","floor":35.0},{"not_picked":["Concentrate+1","Underhanded Strike+1"],"picked":"Deflect+1","floor":36.0},{"not_picked":["Blade Dance+1","Blur+1"],"picked":"Backflip+1","floor":38.0},{"not_picked":["Dash","Expertise+1"],"picked":"Deflect+1","floor":40.0},{"not_picked":["Eviscerate","A Thousand Cuts"],"picked":"PiercingWail+1","floor":42.0},{"not_picked":["Unload","Glass Knife","Choke"],"picked":"SKIP","floor":55}],"player_experience":1373370,"relics_obtained":[{"floor":6.0,"key":"Toxic Egg 2"},{"floor":9.0,"key":"Smiling Mask"},{"floor":11.0,"key":"Anchor"},{"floor":14.0,"key":"Bag of Preparation"},{"floor":24.0,"key":"Pen Nib"},{"floor":26.0,"key":"Bronze Scales"},{"floor":27.0,"key":"Tiny Chest"},{"floor":29.0,"key":"Art of War"},{"floor":31.0,"key":"Enchiridion"},{"floor":38.0,"key":"Ginger"},{"floor":40.0,"key":"Pocketwatch"},{"floor":42.0,"key":"Incense Burner"},{"floor":45.0,"key":"Blood Vial"},{"floor":55,"key":"Oddly Smooth Stone"}],"event_choices":[{"damage_healed":0.0,"max_hp_gain":0.0,"max_hp_loss":0.0,"gold_gain":0.0,"event_name":"Liars Game","player_choice":"Ignored","floor":3.0,"gold_loss":0.0,"damage_taken":0.0},{"cards_removed":["Strike_G"],"damage_healed":0.0,"max_hp_gain":0.0,"max_hp_loss":0.0,"gold_gain":0.0,"event_name":"Golden Wing","player_choice":"Card Removal","floor":4.0,"gold_loss":0.0,"damage_taken":7.0},{"cards_removed":["Strike_G"],"damage_healed":0.0,"max_hp_gain":0.0,"max_hp_loss":0.0,"gold_gain":0.0,"event_name":"Bonfire Elementals","player_choice":"Offered Basic","floor":5.0,"gold_loss":0.0,"damage_taken":0.0},{"damage_healed":0.0,"max_hp_gain":0.0,"max_hp_loss":0.0,"gold_gain":0.0,"event_name":"Dead Adventurer","player_choice":"Searched \u00271\u0027 times","floor":13.0,"gold_loss":0.0,"damage_taken":0.0,"relics_obtained":["Mercury Hourglass"]},{"damage_healed":0.0,"max_hp_gain":0.0,"max_hp_loss":0.0,"gold_gain":0.0,"event_name":"Back to Basics","player_choice":"Simplicity","floor":22.0,"gold_loss":0.0,"damage_taken":0.0,"cards_upgraded":["Defend_G","Defend_G","Defend_G","Defend_G","Defend_G","Strike_G","Strike_G"]},{"damage_healed":0.0,"max_hp_gain":0.0,"max_hp_loss":0.0,"gold_gain":0.0,"event_name":"The Mausoleum","player_choice":"Ignored","floor":30.0,"gold_loss":0.0,"damage_taken":0.0},{"damage_healed":0.0,"max_hp_gain":0.0,"max_hp_loss":0.0,"gold_gain":0.0,"event_name":"Cursed Tome","player_choice":"Obtained Book","floor":31.0,"gold_loss":0.0,"damage_taken":21.0},{"damage_healed":0.0,"max_hp_gain":0.0,"max_hp_loss":0.0,"gold_gain":0.0,"event_name":"Mysterious Sphere","player_choice":"Fight","floor":38.0,"gold_loss":0.0,"damage_taken":0.0},{"cards_removed":["Deflect"],"damage_healed":0.0,"max_hp_gain":0.0,"max_hp_loss":0.0,"gold_gain":0.0,"event_name":"Falling","player_choice":"Removed Skill","floor":39.0,"gold_loss":0.0,"damage_taken":0.0}],"is_beta":true,"boss_relics":[{"not_picked":["Coffee Dripper","Ring of the Serpent"],"picked":"Runic Dome"},{"not_picked":["Calling Bell","White Beast Statue"],"picked":"Empty Cage"}],"items_purged_floors":[20,37],"is_endless":false,"potions_floor_spawned":[1,12,18,27,29,35,36,42,55],"ascension_level":20}