{"gold_per_floor":[111,36,36,46,62,94,94,109,109,109,284,284,284,303,303,404,404,423,423,433,433,284,310,310,134,134,154,171,271,290,300,300,397,397,412,412,424,274,286,111,111,111,137,164,180,212,12,12,12,12,12,12,12,47,47],"floor_reached":55,"playtime":4016,"items_purged":["Strike_B","Dualcast","Doubt","Defend_B","Defend_B","Tempest+1"],"score":797,"play_id":"28a768c6-bc07-4cdd-aeb1-d48d2d131592","local_time":"20190205221533","is_ascension_mode":false,"campfire_choices":[{"floor":7.0,"key":"RECALL"},{"data":"Scrape","floor":10.0,"key":"SMITH"},{"data":"FTL","floor":13.0,"key":"SMITH"},{"data":"Zap","floor":15.0,"key":"SMITH"},{"data":"FTL","floor":24.0,"key":"SMITH"},{"data":"Scrape","floor":32.0,"key":"SMITH"},{"data":"Beam Cell","floor":42,"key":"SMITH"},{"data":"Go for the Eyes","floor":49,"key":"SMITH"},{"data":"Gash","floor":52,"key":"SMITH"}],"neow_cost":"NONE","seed_source_timestamp":0,"circlet_count":0,"master_deck":["Defend_B+1","Defend_B+1","Zap+1","FTL+1","Scrape+1","Gash","Conserve Battery+1","Gash","Go for the Eyes+1","FTL+1","Beam Cell+1","Scrape+1","Chill+1","BootSequence+1","Reboot+1","Gash+1"],"special_seed":0,"relics":["Runic Pyramid","War Paint","Toxic Egg 2","Empty Cage","Unceasing Top","Ornamental Fan","Sozu","Dodecahedron","Sundial","Shuriken"],"potions_floor_usage":[],"damage_taken":[{"damage":0.0,"enemies":"Cultist","floor":1.0,"turns":4.0},{"damage":6.0,"enemies":"Jaw Worm","floor":4.0,"turns":3.0},{"damage":0.0,"enemies":"Small Slimes","floor":5.0,"turns":3.0},{"damage":25.0,"enemies":"3 Sentries","floor":6.0,"turns":6.0},{"damage":0.0,"enemies":"Exordium Wildlife","floor":8.0,"turns":3.0},{"damage":0.0,"enemies":"3 Louse","floor":12.0,"turns":1.0},{"damage":5.0,"enemies":"Exordium Thugs","floor":14.0,"turns":4.0},{"damage":19.0,"enemies":"Hexaghost","floor":16.0,"turns":8.0},{"damage":7.0,"enemies":"3 Byrds","floor":18.0,"turns":4.0},{"damage":5.0,"enemies":"2 Thieves","floor":20.0,"turns":4.0},{"damage":22.0,"enemies":"Gremlin Leader","floor":23.0,"turns":7.0},{"damage":0.0,"enemies":"Chosen and Byrds","floor":27.0,"turns":4.0},{"damage":0.0,"enemies":"Snake Plant","floor":28.0,"turns":4.0},{"damage":0.0,"enemies":"Centurion and Healer","floor":30.0,"turns":4.0},{"damage":2.0,"enemies":"Snecko","floor":31.0,"turns":6.0},{"damage":12.0,"enemies":"Automaton","floor":33.0,"turns":7.0},{"damage":0,"enemies":"3 Darklings","floor":35,"turns":4},{"damage":6,"enemies":"3 Shapes","floor":37,"turns":3},{"damage":0,"enemies":"3 Darklings","floor":39,"turns":4},{"damage":1,"enemies":"Nemesis","floor":44,"turns":4},{"damage":7,"enemies":"4 Shapes","floor":45,"turns":4},{"damage":0,"enemies":"Giant Head","floor":46,"turns":3},{"damage":0,"enemies":"Awakened One","floor":50,"turns":4},{"damage":32,"enemies":"Shield and Spear","floor":54,"turns":4},{"damage":54,"enemies":"The Heart","floor":55,"turns":2}],"seed_played":"-539740474941695884","potions_obtained":[{"floor":4.0,"key":"FocusPotion"},{"floor":6.0,"key":"SmokeBomb"},{"floor":18.0,"key":"SmokeBomb"},{"floor":20.0,"key":"LiquidBronze"}],"is_trial":false,"path_per_floor":["M","$","?","M","M","E","R","M","T","R","?","M","R","M","R","B",null,"M","?","M","?","$","E","R","$","T","M","M","?","M","M","R","B",null,"M","?","M","$","M","$","?","R","T","E","M","E","$","$","R","B",null,"R","$","E","B"],"character_chosen":"DEFECT","items_purchased":["Go for the Eyes","Beam Cell"],"campfire_rested":0,"item_purchase_floors":[22,25],"current_hp_per_floor":[75,75,75,69,69,44,44,44,44,44,44,44,44,39,39,20,75,68,68,63,63,63,41,41,41,41,41,41,41,41,39,39,27,75,75,68,62,62,62,62,62,62,62,61,54,54,54,54,54,54,71,71,71,39,0],"gold":47,"neow_bonus":"BOSS_RELIC","is_prod":false,"is_daily":false,"chose_seed":false,"campfire_upgraded":8,"win_rate":0,"timestamp":1549422933,"path_taken":["M","?","?","?","?","E","R","M","T","R","?","M","R","M","R","BOSS","M","?","M","?","?","E","R","$","T","M","M","?","?","M","R","BOSS","M","?","?","$","M","$","?","R","T","E","M","E","?","$","R","BOSS","R","$","E","BOSS"],"build_version":"2019-01-23","purchased_purges":6,"victory":false,"max_hp_per_floor":[75,75,75,75,75,75,75,75,75,75,75,75,75,75,75,75,75,75,75,75,75,75,75,75,75,75,75,75,75,75,75,75,75,75,75,75,75,75,75,75,71,71,71,71,71,71,71,71,71,71,71,71,71,71,71],"card_choices":[{"not_picked":["Redo","Consume"],"picked":"Tempest","floor":1.0},{"not_picked":["Leap","Rebound","Streamline"],"picked":"SKIP","floor":4.0},{"not_picked":["Streamline","Leap","Compile Driver"],"picked":"SKIP","floor":5.0},{"not_picked":["Compile Driver","Leap"],"picked":"FTL","floor":6.0},{"not_picked":["Storm","Turbo"],"picked":"Scrape","floor":8.0},{"not_picked":["Sweeping Beam","Streamline"],"picked":"Gash","floor":14.0},{"not_picked":["Hologram+1","Tempest+1"],"picked":"Conserve Battery+1","floor":18.0},{"not_picked":["Defragment","Hello World","Ball Lightning"],"picked":"SKIP","floor":20.0},{"not_picked":["Compile Driver","Biased Cognition"],"picked":"FTL","floor":23.0},{"not_picked":["Storm","Cold Snap"],"picked":"Scrape","floor":27.0},{"not_picked":["Steam+1","Self Repair"],"picked":"Chill+1","floor":28.0},{"not_picked":["Go for the Eyes","Streamline"],"picked":"BootSequence+1","floor":30.0},{"not_picked":["Reinforced Body+1","Scrape","Cold Snap+1"],"picked":"SKIP","floor":31.0},{"not_picked":["Core Surge","Multi-Cast+1"],"picked":"Reboot+1","floor":33.0},{"not_picked":["Conserve Battery+1","Ball Lightning","Compile Driver+1"],"picked":"SKIP","floor":35},{"not_picked":["Coolheaded+1","Conserve Battery+1","Tempest+1"],"picked":"SKIP","floor":37},{"not_picked":["Redo+1","Compile Driver","Streamline"],"picked":"SKIP","floor":39},{"not_picked":["Leap+1","Static Discharge","Aggregate+1"],"picked":"SKIP","floor":44},{"not_picked":["Stack+1","Steam+1","Compile Driver"],"picked":"SKIP","floor":45},{"not_picked":["Defragment","Genetic Algorithm+1"],"picked":"Gash","floor":46},{"not_picked":["BootSequence+1","Fusion+1","Static Discharge+1"],"picked":"SKIP","floor":54}],"player_experience":154106,"relics_obtained":[{"floor":6.0,"key":"War Paint"},{"floor":9.0,"key":"Toxic Egg 2"},{"floor":23.0,"key":"Unceasing Top"},{"floor":26.0,"key":"Ornamental Fan"},{"floor":44,"key":"Dodecahedron"},{"floor":46,"key":"Sundial"},{"floor":54,"key":"Shuriken"}],"event_choices":[{"damage_healed":0.0,"max_hp_gain":0.0,"max_hp_loss":0.0,"gold_gain":0.0,"event_name":"Accursed Blacksmith","player_choice":"Forge","floor":3.0,"gold_loss":0.0,"damage_taken":0.0,"cards_upgraded":["Tempest"]},{"damage_healed":0.0,"max_hp_gain":0.0,"max_hp_loss":0.0,"gold_gain":175.0,"event_name":"Liars Game","player_choice":"AGREE","floor":11.0,"gold_loss":0.0,"damage_taken":0.0,"cards_obtained":["Doubt"]},{"cards_removed":["Strike_B"],"damage_healed":0.0,"max_hp_gain":0.0,"max_hp_loss":0.0,"gold_gain":0.0,"event_name":"Back to Basics","player_choice":"Elegance","floor":19.0,"gold_loss":0.0,"damage_taken":0.0},{"damage_healed":0.0,"max_hp_gain":0.0,"max_hp_loss":0.0,"gold_gain":0.0,"event_name":"The Library","player_choice":"Read","floor":21.0,"gold_loss":0.0,"damage_taken":0.0,"cards_obtained":["Gash"]},{"damage_healed":0.0,"max_hp_gain":0.0,"max_hp_loss":0.0,"gold_gain":100.0,"event_name":"Golden Shrine","player_choice":"Pray","floor":29.0,"gold_loss":0.0,"damage_taken":0.0},{"damage_healed":0,"gold_gain":0,"player_choice":"Damaged","damage_taken":7,"max_hp_gain":0,"max_hp_loss":0,"event_name":"Wheel of Change","floor":36,"gold_loss":0},{"damage_healed":0,"gold_gain":0,"player_choice":"Max HP","damage_taken":0,"max_hp_gain":0,"max_hp_loss":4,"event_name":"Winding Halls","floor":41,"gold_loss":0}],"is_beta":false,"boss_relics":[{"not_picked":["Calling Bell","Ectoplasm"],"picked":"Empty Cage"},{"not_picked":["Lizard Tail","White Beast Statue"],"picked":"Sozu"}],"items_purged_floors":[2,22,25,38,40,47],"is_endless":false,"potions_floor_spawned":[4,6,12,18,20,37,39,45,46,54],"killed_by":"The Heart","ascension_level":0}