{"gold_per_floor":[114,114,114,64,64,64,90,102,102,27,27,27,58,74,74,175,175,195,206,206,221,232,247,258,283,307,407,407],"floor_reached":28,"playtime":2072,"items_purged":[],"score":287,"play_id":"70a45d37-47a9-4973-959b-22b9cc452997","local_time":"20190307171602","is_ascension_mode":true,"campfire_choices":[{"floor":6.0,"key":"RECALL"},{"data":"Genetic Algorithm","floor":15.0,"key":"SMITH"}],"neow_cost":"NONE","seed_source_timestamp":0,"circlet_count":0,"master_deck":["Strike_B","Strike_B","Strike_B","Strike_B","Defend_B","Defend_B","Defend_B","Zap","Cold Snap","Genetic Algorithm+1","Glacier","Coolheaded","Capacitor+1","Loop+1","Ball Lightning","Capacitor+1","Echo Form+1","Blizzard","Glacier+1","Conserve Battery","Melter","FTL","Hologram+1","Storm+1","Barrage"],"special_seed":0,"relics":["FrozenCore","NeowsBlessing","Frozen Egg 2","Oddly Smooth Stone","Prayer Wheel","Dodecahedron","Mummified Hand","Mercury Hourglass","Vajra","Art of War"],"potions_floor_usage":[],"damage_taken":[{"damage":0.0,"enemies":"Cultist","floor":1.0,"turns":1.0},{"damage":0.0,"enemies":"Gremlin Nob","floor":7.0,"turns":1.0},{"damage":0.0,"enemies":"2 Louse","floor":8.0,"turns":1.0},{"damage":17.0,"enemies":"Lagavulin","floor":13.0,"turns":13.0},{"damage":0.0,"enemies":"Small Slimes","floor":14.0,"turns":3.0},{"damage":27.0,"enemies":"Slime Boss","floor":16.0,"turns":12.0},{"damage":0.0,"enemies":"Shell Parasite","floor":18.0,"turns":7.0},{"damage":0.0,"enemies":"Chosen","floor":19.0,"turns":6.0},{"damage":6.0,"enemies":"3 Cultists","floor":21.0,"turns":6.0},{"damage":0.0,"enemies":"Sentry and Sphere","floor":22.0,"turns":3.0},{"damage":11.0,"enemies":"Snake Plant","floor":23.0,"turns":6.0},{"damage":8.0,"enemies":"Cultist and Chosen","floor":24.0,"turns":5.0},{"damage":32.0,"enemies":"Gremlin Leader","floor":25.0,"turns":8.0},{"damage":18,"enemies":"Shelled Parasite and Fungi","floor":28,"turns":3}],"seed_played":"4877932683202726315","potions_obtained":[{"floor":1.0,"key":"Ancient Potion"},{"floor":13.0,"key":"GamblersBrew"},{"floor":19.0,"key":"FearPotion"},{"floor":24.0,"key":"FearPotion"},{"floor":25.0,"key":"SpeedPotion"}],"is_trial":false,"path_per_floor":["M","T","?","?","T","R","E","M","T","$","T","?","E","M","R","B",null,"M","M","?","M","M","M","M","E","T","?","M"],"character_chosen":"DEFECT","items_purchased":["Capacitor+1"],"campfire_rested":0,"item_purchase_floors":[10],"current_hp_per_floor":[75,75,63,63,63,63,63,63,63,63,63,63,46,46,46,19,75,75,75,75,69,69,58,50,18,18,18,0],"gold":407,"neow_bonus":"THREE_ENEMY_KILL","is_prod":false,"is_daily":false,"chose_seed":false,"campfire_upgraded":1,"win_rate":0,"timestamp":1551996962,"path_taken":["M","?","?","?","?","R","E","M","T","?","?","?","E","?","R","BOSS","M","?","?","M","?","M","M","E","T","?","M"],"build_version":"2019-01-23","purchased_purges":0,"victory":false,"max_hp_per_floor":[75,75,75,75,75,75,75,75,75,75,75,75,75,75,75,75,75,75,75,75,75,75,75,75,75,75,75,75],"card_choices":[{"not_picked":["Consume","Barrage"],"picked":"Cold Snap","floor":1.0},{"not_picked":["Chaos","Fusion"],"picked":"Genetic Algorithm","floor":7.0},{"not_picked":["Compile Driver","Cold Snap"],"picked":"Glacier","floor":8.0},{"not_picked":["Beam Cell","Ball Lightning"],"picked":"Coolheaded","floor":8.0},{"not_picked":["Coolheaded","FTL"],"picked":"Loop+1","floor":13.0},{"not_picked":["Sunder","Melter"],"picked":"Ball Lightning","floor":14.0},{"not_picked":["Gash","Redo"],"picked":"Capacitor+1","floor":14.0},{"not_picked":["Hyperbeam","Creative AI+1"],"picked":"Echo Form+1","floor":16.0},{"not_picked":["Steam Power","Conserve Battery"],"picked":"Blizzard","floor":18.0},{"not_picked":["Go for the Eyes","Redo+1"],"picked":"Glacier+1","floor":18.0},{"not_picked":["Tempest","Redo+1"],"picked":"Conserve Battery","floor":19.0},{"not_picked":["Leap","Rip and Tear","Sweeping Beam"],"picked":"SKIP","floor":19.0},{"not_picked":["Gash","Turbo"],"picked":"FTL","floor":21.0},{"not_picked":["Tempest","Redo","Gash+1"],"picked":"SKIP","floor":21.0},{"not_picked":["Skim","Gash"],"picked":"Hologram+1","floor":22.0},{"not_picked":["Doom and Gloom","Turbo","Scrape"],"picked":"SKIP","floor":22.0},{"not_picked":["Seek","Streamline"],"picked":"Storm+1","floor":23.0},{"not_picked":["Aggregate+1","Coolheaded","Stack"],"picked":"SKIP","floor":23.0},{"not_picked":["Sunder","Hologram"],"picked":"Barrage","floor":24.0},{"not_picked":["Coolheaded","Redo","Aggregate+1"],"picked":"SKIP","floor":24.0},{"not_picked":["Auto Shields","Darkness","Barrage"],"picked":"SKIP","floor":25.0}],"player_experience":259198,"relics_obtained":[{"floor":5.0,"key":"Oddly Smooth Stone"},{"floor":7.0,"key":"Prayer Wheel"},{"floor":9.0,"key":"Dodecahedron"},{"floor":11.0,"key":"Mummified Hand"},{"floor":13.0,"key":"Mercury Hourglass"},{"floor":25.0,"key":"Vajra"},{"floor":26.0,"key":"Art of War"}],"event_choices":[{"damage_healed":0.0,"max_hp_gain":0.0,"max_hp_loss":0.0,"gold_gain":0.0,"event_name":"Scrap Ooze","player_choice":"Success","floor":3.0,"gold_loss":0.0,"damage_taken":12.0,"relics_obtained":["Frozen Egg 2"]},{"cards_removed":["Dualcast"],"damage_healed":0.0,"max_hp_gain":0.0,"max_hp_loss":0.0,"gold_gain":0.0,"event_name":"The Cleric","player_choice":"Card Removal","floor":4.0,"gold_loss":50.0,"damage_taken":0.0},{"damage_healed":0.0,"max_hp_gain":0.0,"max_hp_loss":0.0,"gold_gain":0.0,"event_name":"Liars Game","player_choice":"Ignored","floor":12.0,"gold_loss":0.0,"damage_taken":0.0},{"damage_healed":0.0,"max_hp_gain":0.0,"max_hp_loss":0.0,"gold_gain":0.0,"cards_transformed":["Defend_B"],"event_name":"Transmorgrifier","player_choice":"Transformed","floor":20.0,"gold_loss":0.0,"damage_taken":0.0,"cards_obtained":["Melter"]},{"damage_healed":0.0,"max_hp_gain":0.0,"max_hp_loss":0.0,"gold_gain":100.0,"event_name":"Golden Shrine","player_choice":"Pray","floor":27.0,"gold_loss":0.0,"damage_taken":0.0}],"is_beta":false,"boss_relics":[{"not_picked":["Tiny House","Empty Cage"],"picked":"FrozenCore"}],"items_purged_floors":[],"is_endless":false,"potions_floor_spawned":[1,13,19,24,25],"killed_by":"Shelled Parasite and Fungi","ascension_level":1}