{"path_per_floor":["M","?","?","M","M","E","R","?","T","$","?","M","M","M","R","B",null,"M","?","$","?","M","R","M","M","T"],"character_chosen":"THE_SILENT","items_purchased":["Acrobatics","Paper Crane","Infinite Blades","Weak Potion","Frozen Egg"],"gold_per_floor":[115,115,115,133,149,184,184,434,485,19,19,40,56,79,79,203,203,171,271,22,22,35,35,55,76,100],"floor_reached":27,"campfire_rested":2,"playtime":4534,"current_hp_per_floor":[68,51,44,41,41,22,43,43,43,43,43,41,41,41,62,44,70,54,54,54,54,52,52,40,28,28],"items_purged":["Regret","Defend_G"],"gold":100,"play_id":"475f43bc-9306-4814-a476-e2bd9ecb4aef","is_prod":false,"is_daily":false,"is_ascension_mode":false,"campfire_upgraded":1,"path_taken":["M","?","?","?","M","E","R","?","T","$","?","M","M","M","R","BOSS","M","?","?","?","?","R","M","M","T","M"],"build_version":"2018-01-25-PROD2","purchased_purges":2,"victory":false,"master_deck":["Defend_G","Defend_G","Defend_G","Strike_G","Strike_G","Strike_G","Survivor","Neutralize+1","Deadly Poison","Dagger Throw","Outmaneuver","Masterful Stab","Acrobatics","Infinite Blades+1","Slice","Heel Hook","Distraction","Glass Knife","Flying Knee","Malaise","Prepared+1","Deflect+1"],"max_hp_per_floor":[70,70,70,70,70,70,70,70,70,70,70,70,70,70,70,70,70,70,70,70,70,70,70,70,70,70],"relics":["Ring of the Snake","Golden Idol","Gremlin Horn","Orichalcum","Paper Crane","Black Star","Frozen Egg","Lantern"],"card_choices":[{"not_picked":["Dagger Spray","Backflip"],"picked":"Deadly Poison"},{"not_picked":["Deflect","Sucker Punch"],"picked":"Dagger Throw"},{"not_picked":["Dodge and Roll","Acrobatics"],"picked":"Outmaneuver"},{"not_picked":["Sucker Punch","Outmaneuver"],"picked":"Masterful Stab"},{"not_picked":["Deflect","Masterful Stab"],"picked":"Slice"},{"not_picked":["Doppelganger","Deflect"],"picked":"Heel Hook"},{"not_picked":["Caltrops","Poisoned Stab"],"picked":"Distraction"},{"not_picked":["Envenom","A Thousand Cuts"],"picked":"Glass Knife"},{"not_picked":["Prepared","Quick Slash"],"picked":"Flying Knee"},{"not_picked":["Prepared","Escape Plan"],"picked":"Malaise"},{"not_picked":["Deadly Poison","Backflip"],"picked":"Prepared"},{"not_picked":["Backflip","Flying Knee"],"picked":"Deflect"}],"player_experience":9961,"potions_floor_usage":[25,27],"damage_taken":[{"damage":2.0,"enemies":"Small Slimes","floor":1.0,"turns":4.0},{"damage":3.0,"enemies":"2 Louse","floor":4.0,"turns":3.0},{"damage":0.0,"enemies":"Cultist","floor":5.0,"turns":3.0},{"damage":19.0,"enemies":"Lagavulin","floor":6.0,"turns":9.0},{"damage":2.0,"enemies":"Large Slime","floor":12.0,"turns":4.0},{"damage":0.0,"enemies":"Looter","floor":13.0,"turns":4.0},{"damage":0.0,"enemies":"Red Slaver","floor":14.0,"turns":5.0},{"damage":18.0,"enemies":"Hexaghost","floor":16.0,"turns":13.0},{"damage":16,"enemies":"2 Thieves","floor":18,"turns":5},{"damage":2,"enemies":"Shell Parasite","floor":22,"turns":3},{"damage":12,"enemies":"Snecko","floor":24,"turns":6},{"damage":12,"enemies":"3 Cultists","floor":25,"turns":5},{"damage":29,"enemies":"Chosen and Byrds","floor":27,"turns":6}],"event_choices":[{"event_name":"Golden Idol","player_choice":"Take Damage","floor":2.0,"damage_taken":0.0},{"event_name":"Golden Wing","player_choice":"Card Removal","floor":3.0,"damage_taken":0.0},{"event_name":"Golden Shrine","player_choice":"Desecrate","floor":8.0,"damage_taken":0.0},{"event_name":"Bonfire Elementals","player_choice":"BASIC","floor":11.0,"damage_taken":0.0},{"event_name":"Golden Shrine","player_choice":"Pray","floor":19,"damage_taken":0},{"event_name":"Back to Basics","player_choice":"Elegance","floor":21,"damage_taken":0}],"boss_relics":[{"not_picked":["Runic Pyramid","The Specimen"],"picked":"Black Star"}],"potions_floor_spawned":[4,5,12,16,22,25],"seed_played":"-2114111895545696800","killed_by":"Chosen and Byrds","ascension_level":0,"is_trial":false}