{"gold_per_floor":[112,39,54,54,19,50,50,50,50,50,84,99,99,113,113,190,190,207,207,225,225,240,90,90,125,125,125,140,159,87,110,110,188,188,202,202,21,33,133,133,133],"floor_reached":41,"playtime":2027,"items_purged":["Pain","Pain"],"score":824,"play_id":"d8cb7cd8-4ebe-48d5-a336-af3285daf423","local_time":"20190302115005","is_ascension_mode":true,"campfire_choices":[{"data":"Poisoned Stab","floor":8,"key":"SMITH"},{"data":"Well Laid Plans","floor":10,"key":"SMITH"},{"floor":13,"key":"REST"},{"data":"Accuracy","floor":15,"key":"SMITH"},{"floor":24,"key":"REST"},{"floor":27,"key":"REST"},{"floor":32,"key":"REST"},{"floor":40,"key":"REST"}],"neow_cost":"NONE","seed_source_timestamp":1335720561934839,"circlet_count":0,"master_deck":["AscendersBane","Defend_G","Defend_G","Defend_G+1","Defend_G","Defend_G","Strike_G","Strike_G","Strike_G+1","Strike_G","Survivor","Neutralize+1","Sucker Punch","Well Laid Plans+1","Dagger Spray+1","Poisoned Stab+1","Deadly Poison","Accuracy+1","Blade Dance","A Thousand Cuts","PiercingWail","Poisoned Stab","Backstab","Accuracy","Infinite Blades+1","Poisoned Stab+1","Escape Plan","Noxious Fumes+1","Tools of the Trade+1","Writhe","Decay","Footwork+1","Writhe","Accuracy+1","Catalyst"],"relics":["Ring of the Snake","NeowsBlessing","Whetstone","Darkstone Periapt","Sundial","Ancient Tea Set","Black Star","WarpedTongs","Ninja Scroll","Frozen Egg 2","Bottled Tornado","Potion Belt","Calling Bell","Boot","Blue Candle","Torii","Ginger"],"potions_floor_usage":[20,33,33],"damage_taken":[{"damage":0,"enemies":"Small Slimes","floor":1,"turns":1},{"damage":0,"enemies":"Jaw Worm","floor":3,"turns":1},{"damage":0,"enemies":"Gremlin Nob","floor":6,"turns":1},{"damage":25,"enemies":"3 Sentries","floor":11,"turns":11},{"damage":0,"enemies":"Cultist","floor":12,"turns":2},{"damage":0,"enemies":"2 Fungi Beasts","floor":14,"turns":2},{"damage":32,"enemies":"The Guardian","floor":16,"turns":11},{"damage":13,"enemies":"Chosen","floor":18,"turns":6},{"damage":14,"enemies":"Shell Parasite","floor":20,"turns":5},{"damage":8,"enemies":"Centurion and Healer","floor":22,"turns":8},{"damage":5,"enemies":"Gremlin Leader","floor":25,"turns":6},{"damage":15,"enemies":"Snecko","floor":28,"turns":4},{"damage":11,"enemies":"Cultist and Chosen","floor":29,"turns":6},{"damage":38,"enemies":"Champ","floor":33,"turns":8},{"damage":26,"enemies":"3 Shapes","floor":35,"turns":4},{"damage":48,"enemies":"3 Darklings","floor":38,"turns":5},{"damage":10,"enemies":"Mind Bloom Boss Battle","floor":39,"turns":9},{"damage":57,"enemies":"Giant Head","floor":41,"turns":6}],"seed_played":"4929906170702409205","potions_obtained":[{"floor":3,"key":"LiquidBronze"},{"floor":11,"key":"LiquidBronze"},{"floor":18,"key":"EssenceOfSteel"},{"floor":20,"key":"Strength Potion"},{"floor":29,"key":"Poison Potion"}],"is_trial":false,"path_per_floor":["M","$","M","?","?","E","?","R","T","R","E","M","R","M","R","B",null,"M","?","M","?","M","$","R","E","T","R","M","M","$","T","R","B",null,"M","?","$","M","?","R","E"],"character_chosen":"THE_SILENT","items_purchased":["Well Laid Plans","Accuracy","Noxious Fumes+1","Accuracy+1"],"campfire_rested":5,"item_purchase_floors":[2,23,30,37],"current_hp_per_floor":[59,59,59,39,55,55,55,55,55,55,30,30,49,49,49,17,54,41,47,33,33,25,25,46,41,41,62,47,36,36,36,57,19,77,51,75,75,27,17,45,0],"gold":133,"neow_bonus":"THREE_ENEMY_KILL","is_prod":false,"is_daily":false,"chose_seed":false,"campfire_upgraded":3,"win_rate":0,"timestamp":1551549005,"path_taken":["M","$","M","?","?","E","?","R","T","R","E","?","R","M","R","BOSS","M","?","?","?","M","?","R","E","T","R","M","M","$","?","R","BOSS","M","?","$","M","?","R","E"],"build_version":"2019-01-23","purchased_purges":2,"victory":false,"max_hp_per_floor":[66,66,66,66,66,66,66,66,66,66,66,66,66,66,66,66,66,66,72,72,72,72,72,72,72,72,72,72,72,72,72,72,72,90,90,96,96,96,96,96,96],"card_choices":[{"not_picked":["Underhanded Strike","Cloak And Dagger"],"picked":"Sucker Punch","floor":1},{"not_picked":["Dagger Throw","Deadly Poison"],"picked":"Dagger Spray","floor":3},{"not_picked":["Slice","Concentrate"],"picked":"Poisoned Stab","floor":6},{"not_picked":["Blade Dance","Sucker Punch"],"picked":"Deadly Poison","floor":11},{"not_picked":["Endless Agony","Deadly Poison"],"picked":"Accuracy","floor":12},{"not_picked":["Flying Knee","Calculated Gamble"],"picked":"Blade Dance","floor":14},{"not_picked":["Tools of the Trade","Wraith Form v2"],"picked":"A Thousand Cuts","floor":16},{"not_picked":["Outmaneuver","Bane"],"picked":"PiercingWail","floor":18},{"not_picked":["Endless Agony","Well Laid Plans"],"picked":"Poisoned Stab","floor":20},{"not_picked":["Acrobatics","Quick Slash"],"picked":"Backstab","floor":22},{"not_picked":["Dagger Spray","Cloak And Dagger+1"],"picked":"Infinite Blades","floor":25},{"not_picked":["Bane","Cloak And Dagger"],"picked":"Poisoned Stab+1","floor":28},{"not_picked":["Poisoned Stab+1","Sucker Punch"],"picked":"Escape Plan","floor":29},{"not_picked":["Unload","Bullet Time"],"picked":"Tools of the Trade+1","floor":33},{"not_picked":["Underhanded Strike","Predator"],"picked":"Footwork+1","floor":35},{"not_picked":["Deadly Poison","Quick Slash"],"picked":"Catalyst","floor":38}],"player_experience":601003,"relics_obtained":[{"floor":6,"key":"Whetstone"},{"floor":9,"key":"Sundial"},{"floor":11,"key":"Ancient Tea Set"},{"floor":25,"key":"Ninja Scroll"},{"floor":25,"key":"Frozen Egg 2"},{"floor":26,"key":"Bottled Tornado"},{"floor":31,"key":"Potion Belt"},{"floor":34,"key":"Boot"},{"floor":34,"key":"Blue Candle"},{"floor":34,"key":"Torii"},{"floor":39,"key":"Ginger"}],"event_choices":[{"damage_healed":0,"gold_gain":0,"player_choice":"Entered Light","damage_taken":20,"max_hp_gain":0,"max_hp_loss":0,"event_name":"Shining Light","floor":4,"gold_loss":0,"cards_upgraded":["Dagger Spray","Defend_G"]},{"damage_healed":16,"gold_gain":0,"player_choice":"Healed","damage_taken":0,"max_hp_gain":0,"max_hp_loss":0,"event_name":"The Cleric","floor":5,"gold_loss":35},{"damage_healed":0,"gold_gain":0,"player_choice":"Searched \u00271\u0027 times","damage_taken":0,"relics_obtained":["Darkstone Periapt"],"max_hp_gain":0,"max_hp_loss":0,"event_name":"Dead Adventurer","floor":7,"gold_loss":0},{"damage_healed":0,"gold_gain":0,"player_choice":"Rummage","damage_taken":0,"relics_obtained":["WarpedTongs"],"max_hp_gain":0,"max_hp_loss":0,"event_name":"Accursed Blacksmith","floor":19,"gold_loss":0,"cards_obtained":["Pain"]},{"cards_removed":["Strike_G"],"damage_healed":0,"gold_gain":0,"player_choice":"Offered Basic","damage_taken":0,"max_hp_gain":0,"max_hp_loss":0,"event_name":"Bonfire Elementals","floor":21,"gold_loss":0},{"damage_healed":18,"gold_gain":0,"player_choice":"Writhe","damage_taken":0,"max_hp_gain":0,"max_hp_loss":0,"event_name":"Winding Halls","floor":36,"gold_loss":0,"cards_obtained":["Writhe"]},{"damage_healed":0,"gold_gain":0,"player_choice":"Fight","damage_taken":0,"max_hp_gain":0,"max_hp_loss":0,"event_name":"MindBloom","floor":39,"gold_loss":0}],"is_beta":false,"boss_relics":[{"not_picked":["Empty Cage","HoveringKite"],"picked":"Black Star"},{"not_picked":["White Beast Statue","Runic Pyramid"],"picked":"Calling Bell"}],"items_purged_floors":[23,37],"is_endless":false,"potions_floor_spawned":[3,11,16,18,20,29],"killed_by":"Giant Head","ascension_level":15}