{"gold_per_floor":[117,117,117,135,135,135,42,42,42,42,54,67,85,110,110,209,209,222,222,147,161,173,173,184,56,56,66,86,86,86,102,102,198,198,212,212,312,63,78,113,113,113,140,40,69,69,89,16,16,16],"floor_reached":51,"playtime":3161,"items_purged":["Strike_G","Pain"],"score":732,"play_id":"fad17b92-3823-4157-b877-7b10577bc3ca","local_time":"20190203174902","is_ascension_mode":false,"campfire_choices":[{"data":"Defend_G","floor":6,"key":"SMITH"},{"data":"Footwork","floor":8,"key":"SMITH"},{"data":"Noxious Fumes","floor":15,"key":"SMITH"},{"data":"A Thousand Cuts","floor":23,"key":"SMITH"},{"data":"Cloak And Dagger","floor":29,"key":"SMITH"},{"data":"Accuracy","floor":32,"key":"SMITH"},{"data":"Apotheosis","floor":41,"key":"SMITH"},{"data":"J.A.X.","floor":46,"key":"SMITH"},{"floor":49,"key":"REST"}],"neow_cost":"NONE","seed_source_timestamp":19547114957785,"circlet_count":0,"master_deck":["Defend_G","Defend_G+1","Defend_G+1","Defend_G","Defend_G+1","Strike_G","Survivor","Neutralize+1","Footwork+1","Quick Slash+1","Deflect","Noxious Fumes+1","Poisoned Stab+1","A Thousand Cuts+1","Sucker Punch","Cloak And Dagger+1","Bane","Accuracy+1","Cloak And Dagger+1","Well Laid Plans","Backflip","J.A.X.+1","Backflip","Acrobatics","Cloak And Dagger","Apotheosis+1","Blade Dance+1","Blade Dance+1","Terror"],"relics":["Ring of the Serpent","NeowsBlessing","Regal Pillow","Bottled Tornado","Gremlin Horn","Cursed Key","Incense Burner","Mercury Hourglass","Snake Skull","Whetstone"],"potions_floor_usage":[14,16,33,50],"damage_taken":[{"damage":0,"enemies":"2 Louse","floor":1,"turns":1},{"damage":0,"enemies":"Cultist","floor":4,"turns":1},{"damage":0,"enemies":"Small Slimes","floor":5,"turns":1},{"damage":1,"enemies":"Gremlin Gang","floor":11,"turns":7},{"damage":1,"enemies":"2 Fungi Beasts","floor":12,"turns":5},{"damage":0,"enemies":"3 Louse","floor":13,"turns":4},{"damage":0,"enemies":"3 Sentries","floor":14,"turns":8},{"damage":13,"enemies":"Hexaghost","floor":16,"turns":11},{"damage":5,"enemies":"Chosen","floor":18,"turns":6},{"damage":2,"enemies":"3 Byrds","floor":21,"turns":6},{"damage":2,"enemies":"Centurion and Healer","floor":22,"turns":8},{"damage":0,"enemies":"Sentry and Sphere","floor":24,"turns":6},{"damage":0,"enemies":"Snecko","floor":27,"turns":6},{"damage":7,"enemies":"Snake Plant","floor":28,"turns":6},{"damage":0,"enemies":"3 Cultists","floor":31,"turns":5},{"damage":32,"enemies":"Champ","floor":33,"turns":11},{"damage":0,"enemies":"3 Shapes","floor":35,"turns":5},{"damage":1,"enemies":"Mind Bloom Boss Battle","floor":37,"turns":6},{"damage":5,"enemies":"3 Darklings","floor":39,"turns":3},{"damage":17,"enemies":"Reptomancer","floor":40,"turns":7},{"damage":1,"enemies":"Nemesis","floor":45,"turns":7},{"damage":0,"enemies":"Sphere and 2 Shapes","floor":47,"turns":4},{"damage":20,"enemies":"Awakened One","floor":50,"turns":13}],"seed_played":"3072007976893442834","potions_obtained":[{"floor":1,"key":"Strength Potion"},{"floor":13,"key":"Energy Potion"},{"floor":16,"key":"Swift Potion"},{"floor":21,"key":"GhostInAJar"},{"floor":22,"key":"Dexterity Potion"},{"floor":33,"key":"Fire Potion"}],"is_trial":false,"path_per_floor":["?","?","M","?","M","?","?","M","?","?","?","M","?","$"],"character_chosen":"THE_SILENT","items_purchased":["Footwork","Quick Slash","Accuracy","Cloak And Dagger","Apotheosis","Terror"],"campfire_rested":1,"item_purchase_floors":[7,7,25,25,38,48],"current_hp_per_floor":[70,56,56,56,56,56,56,56,56,56,55,54,54,54,54,41,70,65,52,52,50,48,48,48,48,48,48,41,41,41,41,41,9,75,75,75,74,74,69,52,52,52,52,52,51,51,51,51,75,55],"gold":16,"neow_bonus":"THREE_ENEMY_KILL","is_prod":false,"is_daily":false,"chose_seed":false,"campfire_upgraded":8,"win_rate":0,"timestamp":1549234142,"path_taken":["M","?","?","?","M","R","$","R","T","?","?","M","M","E","R","BOSS","M","?","?","M","M","R","M","$","T","?","M","R","?","M","R","BOSS","M","?","?","$","?","E","R","?","T","?","E","R","M","$","R","BOSS"],"build_version":"2019-01-23","purchased_purges":2,"victory":true,"max_hp_per_floor":[70,70,70,70,70,70,70,70,70,70,70,70,70,70,70,70,70,70,75,75,75,75,75,75,75,75,75,75,75,75,75,75,75,75,75,75,75,75,75,75,75,75,75,75,75,75,75,75,75,75],"card_choices":[{"not_picked":["Setup","Deflect","Bane"],"picked":"SKIP","floor":1},{"not_picked":["Bane","Calculated Gamble","Prepared"],"picked":"SKIP","floor":4},{"not_picked":["Choke","Slice","Sucker Punch"],"picked":"SKIP","floor":5},{"not_picked":["Masterful Stab","Deflect","Catalyst"],"picked":"SKIP","floor":11},{"not_picked":["Setup","Underhanded Strike","All Out Attack"],"picked":"SKIP","floor":12},{"not_picked":["Leg Sweep","Bane"],"picked":"Noxious Fumes","floor":13},{"not_picked":["Slice","Night Terror"],"picked":"Poisoned Stab","floor":14},{"not_picked":["Wraith Form v2","Unload"],"picked":"A Thousand Cuts","floor":16},{"not_picked":["Concentrate+1","Choke"],"picked":"Sucker Punch","floor":18},{"not_picked":["Deadly Poison","Predator","Finisher"],"picked":"SKIP","floor":21},{"not_picked":["Deflect","Catalyst"],"picked":"Cloak And Dagger+1","floor":22},{"not_picked":["Acrobatics","Escape Plan"],"picked":"Bane","floor":24},{"not_picked":["Slice","Underhanded Strike"],"picked":"Well Laid Plans","floor":27},{"not_picked":["Tactician","Predator"],"picked":"Backflip","floor":28},{"not_picked":["Blade Dance","Riddle With Holes"],"picked":"Backflip","floor":31},{"not_picked":["Prepared+1","Deflect+1"],"picked":"Acrobatics","floor":35},{"not_picked":["Poisoned Stab+1","Outmaneuver+1"],"picked":"Cloak And Dagger","floor":37},{"not_picked":["Deadly Poison+1","A Thousand Cuts","Riddle With Holes"],"picked":"SKIP","floor":39},{"not_picked":["Tools of the Trade","Dagger Throw","Sucker Punch"],"picked":"SKIP","floor":40},{"not_picked":["Prepared+1","Setup"],"picked":"Blade Dance+1","floor":45},{"not_picked":["Eviscerate","Distraction+1"],"picked":"Blade Dance+1","floor":47}],"player_experience":84982,"relics_obtained":[{"floor":9,"key":"Regal Pillow"},{"floor":14,"key":"Bottled Tornado"},{"floor":26,"key":"Gremlin Horn"},{"floor":37,"key":"Incense Burner"},{"floor":40,"key":"Mercury Hourglass"},{"floor":43,"key":"Snake Skull"},{"floor":45,"key":"Whetstone"}],"event_choices":[{"damage_healed":0,"gold_gain":0,"player_choice":"Entered Light","damage_taken":14,"max_hp_gain":0,"max_hp_loss":0,"event_name":"Shining Light","floor":2,"gold_loss":0,"cards_upgraded":["Defend_G","Defend_G"]},{"damage_healed":0,"gold_gain":0,"player_choice":"Forge","damage_taken":0,"max_hp_gain":0,"max_hp_loss":0,"event_name":"Accursed Blacksmith","floor":3,"gold_loss":0,"cards_upgraded":["Neutralize"]},{"damage_healed":0,"gold_gain":0,"cards_transformed":["Strike_G"],"player_choice":"Transformed","damage_taken":0,"max_hp_gain":0,"max_hp_loss":0,"event_name":"Transmorgrifier","floor":10,"gold_loss":0,"cards_obtained":["Deflect"]},{"damage_healed":0,"gold_gain":0,"player_choice":"Shed Blood","damage_taken":18,"max_hp_gain":5,"max_hp_loss":0,"event_name":"Forgotten Altar","floor":19,"gold_loss":0},{"cards_removed":["Strike_G"],"damage_healed":0,"gold_gain":0,"player_choice":"Gave Gold","damage_taken":0,"max_hp_gain":0,"max_hp_loss":0,"event_name":"Beggar","floor":20,"gold_loss":75},{"damage_healed":0,"gold_gain":0,"player_choice":"Obtain J.A.X.","damage_taken":0,"max_hp_gain":0,"max_hp_loss":0,"event_name":"Drug Dealer","floor":30,"gold_loss":0,"cards_obtained":["J.A.X."]},{"cards_removed":["Strike_G"],"damage_healed":0,"gold_gain":0,"player_choice":"Removed Attack","damage_taken":0,"max_hp_gain":0,"max_hp_loss":0,"event_name":"Falling","floor":36,"gold_loss":0},{"damage_healed":0,"gold_gain":0,"player_choice":"Fight","damage_taken":0,"max_hp_gain":0,"max_hp_loss":0,"event_name":"MindBloom","floor":37,"gold_loss":0},{"damage_healed":0,"gold_gain":0,"player_choice":"Ignored","damage_taken":0,"max_hp_gain":0,"max_hp_loss":0,"event_name":"Tomb of Lord Red Mask","floor":42,"gold_loss":0}],"is_beta":false,"boss_relics":[{"not_picked":["Black Star","Orrery"],"picked":"Ring of the Serpent"},{"not_picked":["Philosopher\u0027s Stone","Busted Crown"],"picked":"Cursed Key"}],"items_purged_floors":[38,44],"is_endless":false,"potions_floor_spawned":[1,13,16,21,22,31,33,37,47],"ascension_level":0}