{"gold_per_floor":[115,133,133,308,258,258,290,310,310,342,422,422],"floor_reached":12,"playtime":299,"items_purged":[],"score":95,"play_id":"bd368fe1-1bf2-4547-8249-8f33693bd9ca","local_time":"20190111012959","is_ascension_mode":true,"campfire_choices":[{"data":"Zap","floor":6,"key":"SMITH"}],"neow_cost":"PERCENT_DAMAGE","seed_source_timestamp":109920463845646,"circlet_count":0,"master_deck":["Strike_B","Strike_B","Strike_B","Strike_B","Defend_B","Defend_B","Defend_B","Defend_B","Zap+1","Dualcast","Echo Form","Lockon","Conserve Battery","Doubt","Self Repair","Streamline","Go for the Eyes"],"relics":["Cracked Core","Singing Bowl","Cables","Matryoshka","Emotion Chip","Bronze Scales","Symbiotic Virus"],"potions_floor_usage":[7,7],"damage_taken":[{"damage":7,"enemies":"2 Louse","floor":1,"turns":3},{"damage":2,"enemies":"Jaw Worm","floor":2,"turns":3},{"damage":24,"enemies":"3 Sentries","floor":7,"turns":7},{"damage":0,"enemies":"Cultist","floor":8,"turns":4},{"damage":29,"enemies":"Gremlin Nob","floor":10,"turns":4},{"damage":22,"enemies":"Gremlin Gang","floor":12,"turns":2}],"seed_played":"6885753183180942156","potions_obtained":[{"floor":1,"key":"EssenceOfSteel"},{"floor":2,"key":"Regen Potion"}],"is_trial":false,"path_per_floor":["M","M","?","?","?","R","E","M","T","E","T","M"],"character_chosen":"DEFECT","items_purchased":[],"campfire_rested":0,"item_purchase_floors":[],"current_hp_per_floor":[47,45,45,45,45,45,36,43,43,21,21,0],"gold":422,"neow_bonus":"THREE_RARE_CARDS","is_prod":false,"is_daily":false,"chose_seed":false,"campfire_upgraded":1,"win_rate":0,"timestamp":1547137799,"path_taken":["M","M","?","?","?","R","E","M","T","E","?","M"],"build_version":"2019-01-03v4","purchased_purges":0,"victory":false,"max_hp_per_floor":[75,75,75,75,75,75,75,75,75,75,75,75],"card_choices":[{"not_picked":["Fission","Machine Learning"],"picked":"Echo Form","floor":0},{"not_picked":["Force Field","BootSequence"],"picked":"Lockon","floor":1},{"not_picked":["Barrage","Self Repair"],"picked":"Conserve Battery","floor":2},{"not_picked":["Blizzard","Barrage"],"picked":"Self Repair","floor":7},{"not_picked":["Hyperbeam","Lockon"],"picked":"Streamline","floor":8},{"not_picked":["Steam Power","BootSequence"],"picked":"Go for the Eyes","floor":10}],"player_experience":385768,"relics_obtained":[{"floor":7,"key":"Cables"},{"floor":9,"key":"Matryoshka"},{"floor":10,"key":"Emotion Chip"},{"floor":11,"key":"Bronze Scales"},{"floor":11,"key":"Symbiotic Virus"}],"event_choices":[{"damage_healed":0,"gold_gain":0,"player_choice":"Box","damage_taken":0,"relics_obtained":["Singing Bowl"],"max_hp_gain":0,"max_hp_loss":0,"event_name":"Big Fish","floor":3,"gold_loss":0,"cards_obtained":["Regret"]},{"damage_healed":0,"gold_gain":175,"player_choice":"AGREE","damage_taken":0,"max_hp_gain":0,"max_hp_loss":0,"event_name":"Liars Game","floor":4,"gold_loss":0,"cards_obtained":["Doubt"]},{"cards_removed":["Regret"],"damage_healed":0,"gold_gain":0,"player_choice":"Card Removal","damage_taken":0,"max_hp_gain":0,"max_hp_loss":0,"event_name":"The Cleric","floor":5,"gold_loss":50}],"is_beta":false,"boss_relics":[],"items_purged_floors":[],"is_endless":false,"potions_floor_spawned":[1,2],"killed_by":"Gremlin Gang","ascension_level":2}