{"gold_per_floor":[113,263,2,16,28,28,38,72,72,72,72,83,83,109,109,186,186,197,197,25,25,93,93],"floor_reached":23,"playtime":1483,"items_purged":["Doubt"],"score":398,"play_id":"5b8a8424-845e-4307-b13b-6f39a27ee610","local_time":"20190307214434","is_ascension_mode":true,"campfire_choices":[{"data":"Metamorphosis","floor":6,"key":"SMITH"},{"data":"Rage","floor":10,"key":"SMITH"},{"data":"True Grit","floor":13,"key":"SMITH"},{"floor":15,"key":"REST"}],"neow_cost":"NONE","seed_source_timestamp":79499078381820,"circlet_count":0,"master_deck":["AscendersBane","Strike_R","Strike_R","Strike_R","Strike_R","Defend_R","Defend_R","Defend_R","Defend_R","Bash","True Grit+1","Metamorphosis+1","Seeing Red","Intimidate","Rage+1","Spot Weakness","Metallicize","Fire Breathing","Juggernaut","Thunderclap","Trip"],"relics":["Burning Blood","StoneCalendar","Champion Belt","Bird Faced Urn","Sozu","Lantern","SsserpentHead"],"potions_floor_usage":[7,14,16],"damage_taken":[{"damage":4,"enemies":"2 Louse","floor":1,"turns":4},{"damage":16,"enemies":"Cultist","floor":4,"turns":5},{"damage":2,"enemies":"Jaw Worm","floor":5,"turns":4},{"damage":9,"enemies":"3 Louse","floor":7,"turns":2},{"damage":8,"enemies":"Gremlin Nob","floor":8,"turns":3},{"damage":14,"enemies":"Blue Slaver","floor":12,"turns":3},{"damage":10,"enemies":"3 Sentries","floor":14,"turns":4},{"damage":37,"enemies":"Hexaghost","floor":16,"turns":9},{"damage":30,"enemies":"Chosen","floor":18,"turns":7},{"damage":25,"enemies":"Spheric Guardian","floor":22,"turns":5},{"damage":33,"enemies":"Gremlin Leader","floor":23,"turns":2}],"seed_played":"1503577737066003958","potions_obtained":[{"floor":5,"key":"Swift Potion"},{"floor":7,"key":"Explosive Potion"},{"floor":12,"key":"SteroidPotion"},{"floor":14,"key":"BloodPotion"},{"floor":16,"key":"SpeedPotion"}],"is_trial":false,"path_per_floor":["M","?","$","M","M","R","M","E","T","R","?","M","R","E","R","B",null,"M","?","$","?","M","E"],"character_chosen":"IRONCLAD","items_purchased":["Metamorphosis","Lantern"],"campfire_rested":1,"item_purchase_floors":[3,20],"current_hp_per_floor":[77,77,77,67,71,71,68,66,66,66,66,58,58,54,78,59,76,58,42,42,42,29,0],"gold":93,"neow_bonus":"TEN_PERCENT_HP_BONUS","is_prod":false,"is_daily":false,"chose_seed":false,"campfire_upgraded":3,"win_rate":0,"timestamp":1552020274,"path_taken":["M","?","$","M","M","R","M","E","T","R","?","M","R","E","R","BOSS","M","?","?","?","?","E"],"build_version":"2019-01-23","purchased_purges":1,"victory":false,"max_hp_per_floor":[82,82,82,82,82,82,82,82,82,82,82,82,82,82,82,82,82,82,82,82,82,82,82],"card_choices":[{"not_picked":["Wild Strike","Sword Boomerang"],"picked":"True Grit","floor":1},{"not_picked":["Rampage","Pommel Strike"],"picked":"Seeing Red","floor":4},{"not_picked":["Carnage","Pommel Strike"],"picked":"Intimidate","floor":5},{"not_picked":["Rupture","Headbutt"],"picked":"Rage","floor":7},{"not_picked":["Berserk","Flex"],"picked":"Spot Weakness","floor":8},{"not_picked":["Perfected Strike","True Grit"],"picked":"Metallicize","floor":12},{"not_picked":["Reckless Charge","Combust"],"picked":"Fire Breathing","floor":14},{"not_picked":["Fiend Fire","Bludgeon"],"picked":"Juggernaut","floor":16},{"not_picked":["Clothesline","Heavy Blade"],"picked":"Thunderclap","floor":18},{"not_picked":["Iron Wave","Clothesline","Perfected Strike"],"picked":"SKIP","floor":22}],"player_experience":1376783,"relics_obtained":[{"floor":8,"key":"StoneCalendar"},{"floor":9,"key":"Champion Belt"},{"floor":14,"key":"Bird Faced Urn"}],"event_choices":[{"damage_healed":0,"gold_gain":150,"player_choice":"AGREE","damage_taken":0,"max_hp_gain":0,"max_hp_loss":0,"event_name":"Liars Game","floor":2,"gold_loss":0,"cards_obtained":["Doubt"]},{"cards_removed":["Strike_R"],"damage_healed":0,"gold_gain":0,"player_choice":"Forget","damage_taken":0,"max_hp_gain":0,"max_hp_loss":0,"event_name":"Living Wall","floor":11,"gold_loss":0},{"damage_healed":0,"gold_gain":0,"player_choice":"CARD ","damage_taken":16,"max_hp_gain":0,"max_hp_loss":0,"event_name":"Knowing Skull","floor":19,"potions_obtained":[],"gold_loss":0,"cards_obtained":["Trip"]},{"damage_healed":0,"gold_gain":0,"player_choice":"Trade","damage_taken":0,"relics_obtained":["SsserpentHead"],"max_hp_gain":0,"max_hp_loss":0,"event_name":"FaceTrader","floor":21,"gold_loss":0}],"is_beta":false,"boss_relics":[{"not_picked":["Black Star","Velvet Choker"],"picked":"Sozu"}],"items_purged_floors":[3],"is_endless":false,"potions_floor_spawned":[5,7,12,14,16,22],"killed_by":"Gremlin Leader","ascension_level":20}