{"gold_per_floor":[116,116,291,303,316,349,349,366,366,86,86,113,13,88,88,192,192,207,217,242,292,3,3],"floor_reached":23,"playtime":1179,"items_purged":["Strike_B","Defend_B","Strike_B"],"score":187,"play_id":"c74e7137-9a3a-428f-87cb-ee55421b93b4","local_time":"20190130211324","is_ascension_mode":false,"campfire_choices":[{"floor":7,"key":"RECALL"},{"floor":15,"key":"REST"}],"neow_cost":"NONE","seed_source_timestamp":1677490018539210,"circlet_count":0,"master_deck":["Strike_B","Defend_B","Defend_B","Defend_B","Zap","Dualcast","FTL","Doubt","Beam Cell","Gash","Go for the Eyes","Sadistic Nature","Seek","Rebound","Beam Cell","Beam Cell","Violence"],"relics":["Cracked Core","NeowsBlessing","Cables","Question Card","Symbiotic Virus","Odd Mushroom","Sozu","Red Mask"],"potions_floor_usage":[6,16,23],"damage_taken":[{"damage":0,"enemies":"Jaw Worm","floor":1,"turns":1},{"damage":0,"enemies":"2 Louse","floor":4,"turns":1},{"damage":0,"enemies":"Small Slimes","floor":5,"turns":1},{"damage":30,"enemies":"Gremlin Nob","floor":6,"turns":4},{"damage":14,"enemies":"2 Fungi Beasts","floor":8,"turns":3},{"damage":12,"enemies":"The Mushroom Lair","floor":12,"turns":4},{"damage":6,"enemies":"Hexaghost","floor":16,"turns":7},{"damage":19,"enemies":"Spheric Guardian","floor":18,"turns":4},{"damage":5,"enemies":"Chosen","floor":19,"turns":4},{"damage":40,"enemies":"Masked Bandits","floor":20,"turns":4},{"damage":26,"enemies":"Book of Stabbing","floor":23,"turns":3}],"seed_played":"1897695629163116349","potions_obtained":[{"floor":4,"key":"PowerPotion"},{"floor":12,"key":"Swift Potion"},{"floor":16,"key":"LiquidBronze"}],"is_trial":false,"path_per_floor":["M","?","?","M","M","E","R","M","T","$","?","?","$","?","R","B",null,"M","M","?","?","$","E"],"character_chosen":"DEFECT","items_purchased":["Go for the Eyes","Sadistic Nature","Violence"],"campfire_rested":1,"item_purchase_floors":[10,10,22],"current_hp_per_floor":[75,75,75,75,75,45,45,31,31,31,28,16,16,5,27,21,75,56,51,11,11,11,0],"gold":3,"neow_bonus":"THREE_ENEMY_KILL","is_prod":false,"is_daily":false,"chose_seed":false,"campfire_upgraded":0,"win_rate":0,"timestamp":1548900804,"path_taken":["M","?","?","M","M","E","R","M","T","$","?","?","$","?","R","BOSS","M","M","?","?","$","E"],"build_version":"2019-01-23","purchased_purges":3,"victory":false,"max_hp_per_floor":[75,75,75,75,75,75,75,75,75,75,75,75,75,75,75,75,75,75,75,75,75,75,75],"card_choices":[{"not_picked":["Ball Lightning","Cold Snap"],"picked":"FTL","floor":1},{"not_picked":["Lockon","Storm","Loop"],"picked":"SKIP","floor":4},{"not_picked":["Compile Driver","Double Energy"],"picked":"Beam Cell","floor":5},{"not_picked":["Hologram","Double Energy","Consume"],"picked":"SKIP","floor":6},{"not_picked":["Sunder","Turbo"],"picked":"Gash","floor":8},{"not_picked":["Echo Form","Biased Cognition","Thunder Strike"],"picked":"Seek","floor":16},{"not_picked":["Defragment","Conserve Battery","Redo+1"],"picked":"Rebound","floor":18},{"not_picked":["White Noise","Thunder Strike","Sweeping Beam"],"picked":"Beam Cell","floor":19},{"not_picked":["Ball Lightning+1","Rebound","Fusion"],"picked":"Beam Cell","floor":20}],"player_experience":106006,"relics_obtained":[{"floor":6,"key":"Cables"},{"floor":9,"key":"Question Card"},{"floor":12,"key":"Odd Mushroom"},{"floor":20,"key":"Red Mask"}],"event_choices":[{"cards_removed":["Strike_B"],"damage_healed":0,"gold_gain":0,"player_choice":"Forget","damage_taken":0,"max_hp_gain":0,"max_hp_loss":0,"event_name":"Living Wall","floor":2,"gold_loss":0},{"damage_healed":0,"gold_gain":175,"player_choice":"AGREE","damage_taken":0,"max_hp_gain":0,"max_hp_loss":0,"event_name":"Liars Game","floor":3,"gold_loss":0,"cards_obtained":["Doubt"]},{"damage_healed":0,"gold_gain":0,"player_choice":"Success","damage_taken":3,"relics_obtained":["Symbiotic Virus"],"max_hp_gain":0,"max_hp_loss":0,"event_name":"Scrap Ooze","floor":11,"gold_loss":0},{"damage_healed":0,"gold_gain":0,"player_choice":"Fought Mushrooms","damage_taken":0,"max_hp_gain":0,"max_hp_loss":0,"event_name":"Mushrooms","floor":12,"gold_loss":0},{"damage_healed":0,"gold_gain":75,"player_choice":"Gather Gold","damage_taken":11,"max_hp_gain":0,"max_hp_loss":0,"event_name":"World of Goop","floor":14,"gold_loss":0},{"damage_healed":0,"gold_gain":0,"player_choice":"Fought Bandits","damage_taken":0,"max_hp_gain":0,"max_hp_loss":0,"event_name":"Masked Bandits","floor":20,"gold_loss":0},{"damage_healed":0,"gold_gain":100,"player_choice":"Bet on Murderer","damage_taken":0,"max_hp_gain":0,"max_hp_loss":0,"event_name":"The Joust","floor":21,"gold_loss":50}],"is_beta":false,"boss_relics":[{"not_picked":["Eternal Feather","Orrery"],"picked":"Sozu"}],"items_purged_floors":[10,13,22],"is_endless":false,"potions_floor_spawned":[4,12,16,20],"killed_by":"Book of Stabbing","ascension_level":0}