{"gold_per_floor":[114,124,142,67,67,67,121,133,145,188,200,226,273,299,311,396,408,433,445,372,384,426,438],"floor_reached":23,"playtime":2103,"items_purged":[],"score":394,"play_id":"f90dcaaa-2502-45c9-add0-5880e4da968a","local_time":"20181109021315","is_ascension_mode":true,"campfire_choices":[{"data":"Armaments","floor":6.0,"key":"SMITH"},{"data":"Whirlwind","floor":8.0,"key":"SMITH"},{"floor":11.0,"key":"REST"},{"data":"Berserk","floor":15.0,"key":"SMITH"}],"neow_cost":"NONE","seed_source_timestamp":0,"circlet_count":0,"master_deck":["AscendersBane","Strike_R","Strike_R","Strike_R+1","Strike_R","Defend_R","Defend_R","Defend_R+1","Defend_R","Bash","Whirlwind+1","Armaments+1","Second Wind","Berserk+1","Feel No Pain","Burning Pact","Power Through","Demon Form","Feel No Pain","Power Through"],"special_seed":0,"relics":["Burning Blood","MawBank","Meat on the Bone","Strawberry","Mercury Hourglass","Mark of Pain","Question Card","Red Mask"],"potions_floor_usage":[23],"damage_taken":[{"damage":3.0,"enemies":"2 Louse","floor":1.0,"turns":5.0},{"damage":21.0,"enemies":"Jaw Worm","floor":2.0,"turns":6.0},{"damage":8.0,"enemies":"Small Slimes","floor":3.0,"turns":3.0},{"damage":1.0,"enemies":"3 Sentries","floor":10.0,"turns":4.0},{"damage":7.0,"enemies":"2 Fungi Beasts","floor":12.0,"turns":3.0},{"damage":12.0,"enemies":"Lagavulin","floor":13.0,"turns":7.0},{"damage":0.0,"enemies":"Blue Slaver","floor":14.0,"turns":5.0},{"damage":62.0,"enemies":"The Guardian","floor":16.0,"turns":16.0},{"damage":19,"enemies":"3 Byrds","floor":18,"turns":4},{"damage":0,"enemies":"Masked Bandits","floor":22,"turns":2},{"damage":63,"enemies":"Book of Stabbing","floor":23,"turns":5}],"seed_played":"8622449808166654599","potions_obtained":[{"floor":3.0,"key":"Fire Potion"},{"floor":10.0,"key":"Strength Potion"},{"floor":14.0,"key":"EssenceOfSteel"}],"is_trial":false,"path_per_floor":["M","M","M","?","?","R","T","R","T","E","R","M","E","M","R","B",null,"M","?","?","?","?","E"],"character_chosen":"IRONCLAD","items_purchased":[],"campfire_rested":1,"item_purchase_floors":[],"current_hp_per_floor":[78,63,61,61,36,36,36,36,36,60,86,85,79,85,85,41,77,64,64,64,38,56,0],"gold":438,"neow_bonus":"TEN_PERCENT_HP_BONUS","is_prod":false,"is_daily":false,"chose_seed":false,"campfire_upgraded":3,"win_rate":0,"timestamp":1541722395,"path_taken":["M","M","M","?","?","R","?","R","T","E","R","M","E","M","R","BOSS","M","?","?","?","?","E"],"build_version":"2018-11-07","purchased_purges":0,"victory":false,"max_hp_per_floor":[82,82,82,82,82,82,82,82,82,89,89,89,89,89,89,89,89,89,89,89,94,94,94],"card_choices":[{"not_picked":["Warcry","Twin Strike"],"picked":"Whirlwind","floor":1.0},{"not_picked":["True Grit","Sword Boomerang"],"picked":"Armaments","floor":2.0},{"not_picked":["Anger","Barricade"],"picked":"Second Wind","floor":3.0},{"not_picked":["Twin Strike","Body Slam"],"picked":"Berserk","floor":10.0},{"not_picked":["Pommel Strike","Burning Pact"],"picked":"Feel No Pain","floor":12.0},{"not_picked":["Body Slam","Reckless Charge"],"picked":"Burning Pact","floor":13.0},{"not_picked":["Flex","Warcry"],"picked":"Power Through","floor":14.0},{"not_picked":["Dark Embrace","Impervious"],"picked":"Demon Form","floor":16.0},{"not_picked":["Havoc","Flex"],"picked":"Feel No Pain","floor":18}],"player_experience":635200,"relics_obtained":[{"floor":7.0,"key":"MawBank"},{"floor":9.0,"key":"Meat on the Bone"},{"floor":10.0,"key":"Strawberry"},{"floor":13.0,"key":"Mercury Hourglass"},{"floor":22,"key":"Red Mask"}],"event_choices":[{"cards_removed":["Strike_R"],"damage_healed":0.0,"max_hp_gain":0.0,"max_hp_loss":0.0,"gold_gain":0.0,"event_name":"The Cleric","player_choice":"Card Removal","floor":4.0,"gold_loss":75.0,"damage_taken":0.0},{"damage_healed":0.0,"max_hp_gain":0.0,"max_hp_loss":0.0,"gold_gain":0.0,"event_name":"Shining Light","player_choice":"Entered Light","floor":5.0,"gold_loss":0.0,"damage_taken":25.0,"cards_upgraded":["Defend_R","Strike_R"]},{"damage_healed":0,"gold_gain":0,"player_choice":"Read","damage_taken":0,"max_hp_gain":0,"max_hp_loss":0,"event_name":"The Library","floor":19,"gold_loss":0,"cards_obtained":["Power Through"]},{"damage_healed":0,"gold_gain":0,"player_choice":"Obtained Relic","damage_taken":0,"relics_obtained":["Question Card"],"max_hp_gain":0,"max_hp_loss":0,"event_name":"Addict","floor":20,"gold_loss":85},{"damage_healed":0,"gold_gain":0,"player_choice":"Shed Blood","damage_taken":31,"max_hp_gain":5,"max_hp_loss":0,"event_name":"Forgotten Altar","floor":21,"gold_loss":0},{"damage_healed":0,"gold_gain":0,"player_choice":"Fought Bandits","damage_taken":0,"max_hp_gain":0,"max_hp_loss":0,"event_name":"Masked Bandits","floor":22,"gold_loss":0}],"is_beta":true,"boss_relics":[{"not_picked":["Coffee Dripper","Black Star"],"picked":"Mark of Pain"}],"items_purged_floors":[],"is_endless":false,"potions_floor_spawned":[3,10,14],"killed_by":"Book of Stabbing","ascension_level":20}