{"gold_per_floor":[109,124,36,56,56,56,67,67,67,79,79,112,37,37,37,114,114,54,54,54,54,54,54,54,54,54,54,54,54,54,54,54,54],"floor_reached":33,"playtime":1724,"items_purged":[],"score":530,"play_id":"f53aa510-5830-42ca-8fbe-76720c39f658","local_time":"20190309231933","is_ascension_mode":true,"campfire_choices":[{"data":"Bash","floor":6,"key":"SMITH"},{"data":"Cleave","floor":8,"key":"SMITH"},{"data":"Clash","floor":11,"key":"SMITH"},{"data":"Flex","floor":15,"key":"SMITH"},{"floor":23,"key":"REST"},{"floor":25,"key":"REST"},{"data":"Uppercut","floor":29,"key":"SMITH"},{"floor":32,"key":"REST"}],"neow_cost":"TEN_PERCENT_HP_LOSS","seed_source_timestamp":257769771786220,"circlet_count":0,"master_deck":["AscendersBane","Strike_R","Strike_R","Strike_R","Strike_R","Defend_R","Defend_R","Defend_R","Defend_R","Bash+1","Intimidate","Metallicize","Feel No Pain","Anger+1","Cleave+1","Clash+1","Flex+1","Fiend Fire","Flex","Flame Barrier+1","Disarm","Disarm","Anger","Uppercut+1","True Grit"],"relics":["Burning Blood","Unceasing Top","Pear","Charon\u0027s Ashes","Ectoplasm","Vajra","Bag of Preparation","Red Mask"],"potions_floor_usage":[7,16,24,28,28,33,33],"damage_taken":[{"damage":16,"enemies":"Jaw Worm","floor":1,"turns":4},{"damage":4,"enemies":"Cultist","floor":2,"turns":3},{"damage":8,"enemies":"2 Louse","floor":4,"turns":4},{"damage":4,"enemies":"Large Slime","floor":7,"turns":5},{"damage":12,"enemies":"3 Louse","floor":10,"turns":3},{"damage":16,"enemies":"Lagavulin","floor":12,"turns":7},{"damage":47,"enemies":"Slime Boss","floor":16,"turns":10},{"damage":22,"enemies":"2 Thieves","floor":18,"turns":4},{"damage":24,"enemies":"Shell Parasite","floor":19,"turns":4},{"damage":12,"enemies":"Cultist and Chosen","floor":22,"turns":6},{"damage":22,"enemies":"Book of Stabbing","floor":24,"turns":4},{"damage":4,"enemies":"Sentry and Sphere","floor":27,"turns":4},{"damage":6,"enemies":"Snake Plant","floor":28,"turns":4},{"damage":25,"enemies":"Masked Bandits","floor":30,"turns":4},{"damage":70,"enemies":"Automaton","floor":33,"turns":6}],"seed_played":"4844206638671111797","potions_obtained":[{"floor":4,"key":"Fire Potion"},{"floor":12,"key":"Dexterity Potion"},{"floor":16,"key":"Poison Potion"},{"floor":24,"key":"EntropicBrew"},{"floor":30,"key":"SteroidPotion"}],"is_trial":false,"path_per_floor":["M","M","$","M","?","R","M","R","T","M","R","E","?","?","R","B",null,"M","M","$","?","M","R","E","R","T","M","M","R","?","?","R","B"],"character_chosen":"IRONCLAD","items_purchased":["Feel No Pain"],"campfire_rested":3,"item_purchase_floors":[3],"current_hp_per_floor":[58,60,60,58,58,58,60,60,70,64,64,54,54,54,54,13,62,46,28,28,28,22,45,29,52,52,54,61,61,42,42,65,0],"gold":54,"neow_bonus":"ONE_RARE_RELIC","is_prod":false,"is_daily":false,"chose_seed":false,"campfire_upgraded":5,"win_rate":0,"timestamp":1552198773,"path_taken":["M","M","$","M","?","R","M","R","T","?","R","E","?","?","R","BOSS","M","M","$","?","?","R","E","R","T","?","M","R","?","?","R","BOSS"],"build_version":"2019-01-23","purchased_purges":0,"victory":false,"max_hp_per_floor":[68,68,68,68,68,68,68,68,78,78,78,78,78,78,78,78,78,78,78,78,78,78,78,78,78,78,78,78,78,78,78,78,78],"card_choices":[{"not_picked":["Thunderclap","Shockwave"],"picked":"Intimidate","floor":1},{"not_picked":["Warcry","Dual Wield"],"picked":"Metallicize","floor":2},{"not_picked":["Headbutt","Wild Strike"],"picked":"Anger","floor":4},{"not_picked":["Flame Barrier","Twin Strike"],"picked":"Cleave","floor":7},{"not_picked":["Whirlwind","Clothesline"],"picked":"Clash","floor":10},{"not_picked":["Fire Breathing","Dark Embrace"],"picked":"Flex","floor":12},{"not_picked":["Barricade","Dark Embrace"],"picked":"Fiend Fire","floor":16},{"not_picked":["Ghostly Armor","Sword Boomerang"],"picked":"Flex","floor":18},{"not_picked":["Carnage","Warcry"],"picked":"Flame Barrier+1","floor":19},{"not_picked":["Whirlwind","Sword Boomerang"],"picked":"Disarm","floor":22},{"not_picked":["Shrug It Off","Havoc"],"picked":"Disarm","floor":24},{"not_picked":["Flame Barrier","Iron Wave+1"],"picked":"Anger","floor":27},{"not_picked":["Heavy Blade","Whirlwind"],"picked":"Uppercut","floor":28},{"not_picked":["Searing Blow","Spot Weakness"],"picked":"True Grit","floor":30}],"player_experience":1381222,"relics_obtained":[{"floor":9,"key":"Pear"},{"floor":12,"key":"Charon\u0027s Ashes"},{"floor":24,"key":"Vajra"},{"floor":26,"key":"Bag of Preparation"},{"floor":30,"key":"Red Mask"}],"event_choices":[{"damage_healed":0,"gold_gain":0,"player_choice":"Upgraded","damage_taken":0,"max_hp_gain":0,"max_hp_loss":0,"event_name":"Upgrade Shrine","floor":5,"gold_loss":0,"cards_upgraded":["Anger"]},{"cards_removed":["Strike_R"],"damage_healed":0,"gold_gain":0,"player_choice":"Card Removal","damage_taken":0,"max_hp_gain":0,"max_hp_loss":0,"event_name":"The Cleric","floor":13,"gold_loss":75},{"damage_healed":0,"gold_gain":0,"player_choice":"Ignored","damage_taken":0,"max_hp_gain":0,"max_hp_loss":0,"event_name":"Liars Game","floor":14,"gold_loss":0},{"damage_healed":0,"gold_gain":50,"player_choice":"Pray","damage_taken":0,"max_hp_gain":0,"max_hp_loss":0,"event_name":"Golden Shrine","floor":21,"gold_loss":0},{"damage_healed":0,"gold_gain":0,"player_choice":"Fought Bandits","damage_taken":0,"max_hp_gain":0,"max_hp_loss":0,"event_name":"Masked Bandits","floor":30,"gold_loss":0},{"damage_healed":0,"gold_gain":0,"player_choice":"Ignored","damage_taken":0,"max_hp_gain":0,"max_hp_loss":0,"event_name":"Beggar","floor":31,"gold_loss":0}],"is_beta":false,"boss_relics":[{"not_picked":["Eternal Feather","Calling Bell"],"picked":"Ectoplasm"}],"items_purged_floors":[],"is_endless":false,"potions_floor_spawned":[4,12,16,24,30],"killed_by":"Automaton","ascension_level":20}