{"path_per_floor":["M","$","?","?","M","E","R","E","T","?","R","?","?","M","R","B",null,"M","?","?","M","?","R","?","E","T","M","R","M"],"character_chosen":"IRONCLAD","items_purchased":[],"gold_per_floor":[118,43,43,118,143,178,178,217,217,217,217,217,217,230,230,356,356,370,370,320,341,380,380,380,413,465,480,480,494],"floor_reached":30,"campfire_rested":3,"playtime":2901,"current_hp_per_floor":[80,80,60,49,55,61,61,29,29,22,46,46,49,52,52,33,90,75,75,75,71,44,71,71,29,29,36,78,57],"items_purged":["Strike_R"],"gold":494,"score":335,"play_id":"c044f0ce-21a2-444e-a68b-ca6214e01ab5","is_prod":false,"is_daily":false,"is_ascension_mode":true,"campfire_upgraded":2,"path_taken":["M","$","?","?","?","E","R","E","T","?","R","?","?","M","R","BOSS","M","?","?","?","?","R","?","E","T","M","R","M","M"],"build_version":"2018-02-05-BETA1","purchased_purges":1,"victory":false,"master_deck":["Strike_R","Strike_R","Defend_R","Defend_R","Defend_R","Defend_R","Bash+1","Pommel Strike+1","Twin Strike+1","Reaper+1","Flash of Steel+1","Clash+1","Battle Trance","Disarm"],"max_hp_per_floor":[80,80,80,80,80,80,80,80,80,80,80,80,90,90,90,90,90,90,90,90,90,90,90,90,90,90,90,90,90],"relics":["Burning Blood","NeowsBlessing","Golden Idol","Calipers","Molten Egg 2","Magic Flower","Pear","Mark of Pain","Red Mask","Pantograph","Regal Pillow"],"card_choices":[{"not_picked":["Armaments","Brutality"],"picked":"Pommel Strike"},{"not_picked":["Dark Embrace","Sword Boomerang"],"picked":"Twin Strike"},{"not_picked":["Immolate","Juggernaut"],"picked":"Reaper"},{"not_picked":["Metallicize","Reckless Charge"],"picked":"Battle Trance"},{"not_picked":["Combust","Sentinel"],"picked":"Disarm"}],"player_experience":129851,"potions_floor_usage":[18,27],"damage_taken":[{"damage":0.0,"enemies":"Cultist","floor":1.0,"turns":1.0},{"damage":0.0,"enemies":"Small Slimes","floor":5.0,"turns":1.0},{"damage":0.0,"enemies":"Gremlin Nob","floor":6.0,"turns":1.0},{"damage":38.0,"enemies":"3 Sentries","floor":8.0,"turns":12.0},{"damage":6.0,"enemies":"2 Louse","floor":14.0,"turns":2.0},{"damage":53.0,"enemies":"The Guardian","floor":16.0,"turns":14.0},{"damage":29,"enemies":"Spheric Guardian","floor":18,"turns":6},{"damage":28,"enemies":"2 Thieves","floor":21,"turns":4},{"damage":51,"enemies":"Masked Bandits","floor":22,"turns":6},{"damage":63,"enemies":"Slavers","floor":25,"turns":10},{"damage":25,"enemies":"3 Cultists","floor":27,"turns":7},{"damage":38,"enemies":"Snecko","floor":29,"turns":6},{"damage":66,"enemies":"Slaver and Parasite","floor":30,"turns":8}],"event_choices":[{"event_name":"Golden Idol","player_choice":"Take Damage","floor":3.0,"damage_taken":0.0},{"event_name":"World of Goop","player_choice":"Gather Gold","floor":4.0,"damage_taken":0.0},{"event_name":"Golden Wing","player_choice":"Card Removal","floor":10.0,"damage_taken":0.0},{"event_name":"Liars Game","player_choice":"disagreed","floor":12.0,"damage_taken":0.0},{"event_name":"Scrap Ooze","player_choice":"success","floor":13.0,"damage_taken":7.0},{"event_name":"Match and Keep!","player_choice":"1 cards matched","floor":19,"damage_taken":0},{"event_name":"Match and Keep!","player_choice":"1 cards matched","floor":19,"damage_taken":0},{"event_name":"The Joust","player_choice":"Bet on Murderer","floor":20,"damage_taken":0},{"event_name":"Masked Bandits","player_choice":"Fought over 341 gold","floor":22,"damage_taken":0},{"event_name":"Transmorgrifier","player_choice":"Transform","floor":24,"damage_taken":0}],"boss_relics":[{"not_picked":["Velvet Choker","Runic Pyramid"],"picked":"Mark of Pain"}],"potions_floor_spawned":[8,16,25],"seed_played":"-4575456990559212826","killed_by":"Slaver and Parasite","ascension_level":4,"is_trial":false}