{"gold_per_floor":[109,109,122,122,122,122,48,73,126,160,85,101,116,137,137,263,263,286,330,330,84,84,105,105,105,130,130,145,145,145],"floor_reached":30,"playtime":851,"items_purged":["Injury","Rainbow"],"score":251,"play_id":"954c1374-6abc-49c0-9473-3bc953f6062d","local_time":"20190111012449","is_ascension_mode":true,"campfire_choices":[{"data":"Dualcast","floor":6,"key":"SMITH"},{"floor":15,"key":"REST"},{"floor":24,"key":"REST"},{"floor":27,"key":"REST"},{"floor":29,"key":"REST"}],"neow_cost":"PERCENT_DAMAGE","seed_source_timestamp":109058399233045,"circlet_count":0,"master_deck":["Strike_B+1","Strike_B+1","Strike_B+1","Strike_B+1","Defend_B+1","Defend_B+1","Defend_B+1","Defend_B+1","Zap+1","Dualcast+1","FTL","Go for the Eyes+1","Defragment","Hologram","Coolheaded","Static Discharge","Rebound","Redo","Echo Form","Capacitor+1","Cold Snap+1","Double Energy","Steam Power"],"relics":["Cracked Core","Golden Idol","Anchor","Bag of Marbles","Red Mask","Omamori","Symbiotic Virus","Pen Nib"],"potions_floor_usage":[10,14,16,16,19,19,30],"damage_taken":[{"damage":3,"enemies":"Small Slimes","floor":1,"turns":4},{"damage":5,"enemies":"Jaw Worm","floor":3,"turns":3},{"damage":1,"enemies":"Cultist","floor":8,"turns":3},{"damage":9,"enemies":"Lagavulin","floor":10,"turns":6},{"damage":1,"enemies":"Blue Slaver","floor":12,"turns":3},{"damage":5,"enemies":"3 Louse","floor":13,"turns":3},{"damage":0,"enemies":"Exordium Wildlife","floor":14,"turns":2},{"damage":3,"enemies":"Slime Boss","floor":16,"turns":7},{"damage":2,"enemies":"Chosen","floor":18,"turns":3},{"damage":45,"enemies":"Masked Bandits","floor":19,"turns":5},{"damage":21,"enemies":"3 Byrds","floor":23,"turns":3},{"damage":28,"enemies":"Centurion and Healer","floor":28,"turns":6},{"damage":49,"enemies":"Gremlin Leader","floor":30,"turns":5}],"seed_played":"-5089124420588275420","potions_obtained":[{"floor":3,"key":"GamblersBrew"},{"floor":8,"key":"Explosive Potion"},{"floor":10,"key":"SkillPotion"},{"floor":13,"key":"FocusPotion"},{"floor":16,"key":"SkillPotion"},{"floor":18,"key":"SkillPotion"},{"floor":28,"key":"GamblersBrew"}],"is_trial":false,"path_per_floor":["M","?","M","?","?","R","$","M","T","E","$","M","M","M","R","B",null,"M","?","?","$","T","M","R","$","T","R","M","R","E"],"character_chosen":"DEFECT","items_purchased":["Defragment","Omamori"],"campfire_rested":4,"item_purchase_floors":[7,21],"current_hp_per_floor":[51,51,46,31,31,31,31,30,30,21,21,20,15,15,37,34,75,73,28,28,28,28,7,29,29,29,51,23,45,0],"gold":145,"neow_bonus":"THREE_RARE_CARDS","is_prod":false,"is_daily":false,"chose_seed":false,"campfire_upgraded":1,"win_rate":0,"timestamp":1547137489,"path_taken":["M","?","M","?","?","R","$","M","T","E","$","M","M","?","R","BOSS","M","?","?","$","?","M","R","?","T","R","M","R","E"],"build_version":"2019-01-03v4","purchased_purges":2,"victory":false,"max_hp_per_floor":[75,75,75,75,75,75,75,75,75,75,75,75,75,75,75,75,75,75,75,75,75,75,75,75,75,75,75,75,75,75],"card_choices":[{"not_picked":["Meteor Strike","Amplify"],"picked":"Rainbow","floor":0},{"not_picked":["Turbo","Coolheaded"],"picked":"FTL","floor":1},{"not_picked":["Barrage","Storm"],"picked":"Go for the Eyes","floor":3},{"not_picked":["Self Repair","Reprogram"],"picked":"Hologram","floor":8},{"not_picked":["Thunder Strike","Scrape"],"picked":"Coolheaded","floor":10},{"not_picked":["Hologram","BootSequence"],"picked":"Static Discharge","floor":12},{"not_picked":["Hologram","Leap"],"picked":"Rebound","floor":13},{"not_picked":["Compile Driver","Reinforced Body"],"picked":"Redo","floor":14},{"not_picked":["Buffer","Reboot"],"picked":"Echo Form","floor":16},{"not_picked":["FTL","Rebound"],"picked":"Capacitor+1","floor":18},{"not_picked":["Coolheaded","Darkness"],"picked":"Cold Snap+1","floor":19},{"not_picked":["Sunder","Steam"],"picked":"Double Energy","floor":23},{"not_picked":["Static Discharge","Compile Driver"],"picked":"Steam Power","floor":28}],"player_experience":384917,"relics_obtained":[{"floor":9,"key":"Anchor"},{"floor":10,"key":"Bag of Marbles"},{"floor":19,"key":"Red Mask"},{"floor":22,"key":"Symbiotic Virus"},{"floor":26,"key":"Pen Nib"}],"event_choices":[{"damage_healed":0,"gold_gain":0,"player_choice":"Take Wound","damage_taken":0,"relics_obtained":["Golden Idol"],"max_hp_gain":0,"max_hp_loss":0,"event_name":"Golden Idol","floor":2,"gold_loss":0,"cards_obtained":["Injury"]},{"damage_healed":0,"gold_gain":0,"player_choice":"Entered Light","damage_taken":15,"max_hp_gain":0,"max_hp_loss":0,"event_name":"Shining Light","floor":4,"gold_loss":0,"cards_upgraded":["Go for the Eyes","Strike_B"]},{"damage_healed":0,"gold_gain":0,"player_choice":"Forge","damage_taken":0,"max_hp_gain":0,"max_hp_loss":0,"event_name":"Accursed Blacksmith","floor":5,"gold_loss":0,"cards_upgraded":["Zap"]},{"damage_healed":0,"gold_gain":0,"player_choice":"Fought Bandits","damage_taken":0,"max_hp_gain":0,"max_hp_loss":0,"event_name":"Masked Bandits","floor":19,"gold_loss":0},{"damage_healed":0,"gold_gain":0,"player_choice":"Simplicity","damage_taken":0,"max_hp_gain":0,"max_hp_loss":0,"event_name":"Back to Basics","floor":20,"gold_loss":0,"cards_upgraded":["Strike_B","Strike_B","Strike_B","Defend_B","Defend_B","Defend_B","Defend_B"]}],"is_beta":false,"boss_relics":[{"not_picked":["Ectoplasm","Orrery","Velvet Choker"]}],"items_purged_floors":[11,21],"is_endless":false,"potions_floor_spawned":[3,8,10,13,16,18,28],"killed_by":"Gremlin Leader","ascension_level":2}