{"gold_per_floor":[119,129,146,21,21,21,51,63,75,119,55,55],"floor_reached":12,"playtime":499,"items_purged":["Strike_G"],"score":125,"play_id":"cddc64e5-70e1-4186-b611-2180db620337","local_time":"20190120215729","is_ascension_mode":true,"campfire_choices":[{"floor":6.0,"key":"REST"}],"neow_cost":"NONE","seed_source_timestamp":0,"circlet_count":0,"master_deck":["Defend_G","Defend_G","Defend_G","Defend_G","Defend_G","Strike_G","Strike_G","Strike_G","Strike_G","Survivor","Neutralize","Poisoned Stab","Accuracy+1","PiercingWail","Blade Dance","Infinite Blades","Tools of the Trade","Well Laid Plans"],"special_seed":0,"relics":["Fusion Hammer","Ninja Scroll","MawBank","Mummified Hand","Omamori"],"potions_floor_usage":[],"damage_taken":[{"damage":0.0,"enemies":"Small Slimes","floor":1.0,"turns":4.0},{"damage":0.0,"enemies":"2 Louse","floor":2.0,"turns":3.0},{"damage":2.0,"enemies":"Jaw Worm","floor":3.0,"turns":4.0},{"damage":41.0,"enemies":"Gremlin Nob","floor":7.0,"turns":5.0},{"damage":20.0,"enemies":"Lagavulin","floor":10.0,"turns":5.0},{"damage":0,"enemies":"Exordium Thugs","floor":12,"turns":1}],"seed_played":"3865301941075809001","potions_obtained":[{"floor":1.0,"key":"Strength Potion"},{"floor":10.0,"key":"Dexterity Potion"}],"is_trial":false,"path_per_floor":["M","M","M","$","?","R","E","?","T","E","$","M"],"character_chosen":"THE_SILENT","items_purchased":["Blade Dance","Well Laid Plans"],"campfire_rested":1,"item_purchase_floors":[4,11],"current_hp_per_floor":[63,63,61,61,49,70,29,29,29,9,9,9],"gold":55,"neow_bonus":"BOSS_RELIC","is_prod":false,"is_daily":false,"chose_seed":false,"campfire_upgraded":0,"win_rate":0,"timestamp":1548050249,"path_taken":["M","M","M","$","?","R","E","?","T","E","$","M"],"build_version":"2019-01-17v2","purchased_purges":1,"victory":false,"max_hp_per_floor":[70,70,70,70,70,70,70,70,70,70,70,70],"card_choices":[{"not_picked":["PiercingWail","Bane"],"picked":"Poisoned Stab","floor":1.0},{"not_picked":["Dagger Throw","Underhanded Strike"],"picked":"Accuracy","floor":2.0},{"not_picked":["Sucker Punch","Prepared"],"picked":"PiercingWail","floor":3.0},{"not_picked":["PiercingWail","Sucker Punch"],"picked":"Infinite Blades","floor":7.0},{"not_picked":["Concentrate","Heel Hook"],"picked":"Tools of the Trade","floor":10.0}],"player_experience":304488,"relics_obtained":[{"floor":7.0,"key":"MawBank"},{"floor":9.0,"key":"Mummified Hand"},{"floor":10.0,"key":"Omamori"}],"event_choices":[{"damage_healed":0.0,"max_hp_gain":0.0,"max_hp_loss":0.0,"gold_gain":0.0,"event_name":"Scrap Ooze","player_choice":"Success","floor":5.0,"gold_loss":0.0,"damage_taken":12.0,"relics_obtained":["Ninja Scroll"]},{"damage_healed":0.0,"max_hp_gain":0.0,"max_hp_loss":0.0,"gold_gain":0.0,"event_name":"Living Wall","player_choice":"Grow","floor":8.0,"gold_loss":0.0,"damage_taken":0.0,"cards_upgraded":["Accuracy"]}],"is_beta":false,"boss_relics":[],"items_purged_floors":[4],"is_endless":false,"potions_floor_spawned":[1,10],"killed_by":"Exordium Thugs","ascension_level":9}