{"gold_per_floor":[111,131,150,225,225,225,244,244,268,278,278,10,44,44,44,44],"floor_reached":16,"playtime":1198,"items_purged":[],"score":200,"play_id":"64b01a80-acac-40bb-8ec4-7d5c9c2f274d","local_time":"20181104151810","is_ascension_mode":true,"campfire_choices":[{"floor":6,"key":"REST"},{"data":"Neutralize","floor":8,"key":"SMITH"},{"floor":15,"key":"REST"}],"neow_cost":"NONE","seed_source_timestamp":0,"circlet_count":0,"master_deck":["AscendersBane","Defend_G+1","Defend_G","Defend_G","Defend_G","Defend_G","Strike_G+1","Strike_G+1","Survivor+1","Neutralize+1","Dagger Throw+1","Escape Plan","Reflex+1","Envenom","PiercingWail+1","Backstab"],"special_seed":0,"relics":["Empty Cage","Whetstone","Gremlin Horn","War Paint"],"potions_floor_usage":[16,16],"damage_taken":[{"damage":4.0,"enemies":"Jaw Worm","floor":1.0,"turns":5.0},{"damage":1.0,"enemies":"2 Louse","floor":2.0,"turns":4.0},{"damage":5.0,"enemies":"Small Slimes","floor":3.0,"turns":6.0},{"damage":6,"enemies":"Red Slaver","floor":7,"turns":7},{"damage":15,"enemies":"3 Louse","floor":10,"turns":3},{"damage":13,"enemies":"Lagavulin","floor":13,"turns":9},{"damage":22,"enemies":"Slime Boss","floor":16,"turns":13}],"seed_played":"-8874964120826726476","potions_obtained":[{"floor":7,"key":"Fire Potion"},{"floor":13,"key":"Fire Potion"}],"is_trial":false,"path_per_floor":["M","M","M","?","?","R","M","R","T","M","?","$","E","?","R","B"],"character_chosen":"THE_SILENT","items_purchased":["Gremlin Horn"],"campfire_rested":2,"item_purchase_floors":[12],"current_hp_per_floor":[55,54,49,38,18,37,31,31,31,16,16,16,3,3,22,0],"gold":44,"neow_bonus":"BOSS_RELIC","is_prod":false,"is_daily":false,"chose_seed":false,"campfire_upgraded":1,"win_rate":0,"timestamp":1541337490,"path_taken":["M","M","M","?","?","R","M","R","T","M","?","$","E","?","R","BOSS"],"build_version":"2018-11-01","purchased_purges":0,"victory":false,"max_hp_per_floor":[66,66,66,66,66,66,66,66,66,66,66,66,66,66,66,66],"card_choices":[{"not_picked":["Blade Dance","Expertise"],"picked":"Dagger Throw","floor":1.0},{"not_picked":["Prepared","Acrobatics"],"picked":"Escape Plan","floor":2.0},{"not_picked":["Blade Dance","Flying Knee"],"picked":"Reflex","floor":3.0},{"not_picked":["Backflip","Reflex"],"picked":"Envenom","floor":7},{"not_picked":["Calculated Gamble","Bouncing Flask"],"picked":"PiercingWail","floor":10},{"not_picked":["Accuracy","Dagger Spray"],"picked":"Backstab","floor":13}],"player_experience":571717,"relics_obtained":[{"floor":9,"key":"Whetstone"},{"floor":13,"key":"War Paint"}],"event_choices":[{"damage_healed":0.0,"max_hp_gain":0.0,"max_hp_loss":0.0,"gold_gain":75.0,"event_name":"World of Goop","player_choice":"Gather Gold","floor":4.0,"gold_loss":0.0,"damage_taken":11.0},{"damage_healed":0.0,"max_hp_gain":0.0,"max_hp_loss":0.0,"gold_gain":0.0,"event_name":"Shining Light","player_choice":"Entered Light","floor":5.0,"gold_loss":0.0,"damage_taken":20.0,"cards_upgraded":["Strike_G","Reflex"]},{"cards_removed":["Strike_G"],"damage_healed":0,"gold_gain":0,"player_choice":"Forget","damage_taken":0,"max_hp_gain":0,"max_hp_loss":0,"event_name":"Living Wall","floor":11,"gold_loss":0},{"damage_healed":0,"gold_gain":0,"player_choice":"Upgraded","damage_taken":0,"max_hp_gain":0,"max_hp_loss":0,"event_name":"Upgrade Shrine","floor":14,"gold_loss":0,"cards_upgraded":["Survivor"]}],"is_beta":false,"boss_relics":[],"items_purged_floors":[],"is_endless":false,"potions_floor_spawned":[7,13],"killed_by":"Slime Boss","ascension_level":20}