{"gold_per_floor":[118,138,27,27,27,40,40,75,129,129,304,320,332,232,232,333,333,345,220,220,232,251,251,266,266,266,266,365,365,385,385],"floor_reached":31,"playtime":1702,"items_purged":["Strike_R","Doubt","Strike_R"],"score":235,"play_id":"3925df6d-57c2-4ebb-bba5-34b54e4688fe","local_time":"20190312172054","is_ascension_mode":false,"campfire_choices":[{"data":"Uppercut","floor":7,"key":"SMITH"},{"data":"Whirlwind","floor":10,"key":"SMITH"},{"data":"Spot Weakness","floor":15,"key":"SMITH"},{"data":"Limit Break","floor":23,"key":"SMITH"},{"data":"Body Slam","floor":25,"key":"SMITH"},{"data":"Metallicize","floor":29,"key":"SMITH"}],"neow_cost":"NONE","seed_source_timestamp":18169331671200,"circlet_count":0,"master_deck":["Strike_R","Strike_R","Strike_R","Defend_R","Defend_R","Defend_R","Defend_R","Bash","Ghostly Armor","Uppercut+1","Spot Weakness+1","Whirlwind+1","Evolve","Power Through","Shrug It Off","Limit Break+1","Metallicize+1","Body Slam+1"],"relics":["Burning Blood","NeowsBlessing","Ornamental Fan","Bronze Scales","Eternal Feather","Peace Pipe"],"potions_floor_usage":[16,18,20,22,24],"damage_taken":[{"damage":0,"enemies":"Jaw Worm","floor":1,"turns":1},{"damage":0,"enemies":"Small Slimes","floor":2,"turns":1},{"damage":0,"enemies":"2 Louse","floor":6,"turns":1},{"damage":33,"enemies":"Lagavulin","floor":8,"turns":9},{"damage":17,"enemies":"Large Slime","floor":12,"turns":7},{"damage":4,"enemies":"3 Louse","floor":13,"turns":3},{"damage":21,"enemies":"Hexaghost","floor":16,"turns":9},{"damage":0,"enemies":"Shell Parasite","floor":18,"turns":8},{"damage":43,"enemies":"Colosseum Slavers","floor":20,"turns":6},{"damage":17,"enemies":"Spheric Guardian","floor":21,"turns":6},{"damage":6,"enemies":"Snecko","floor":22,"turns":5},{"damage":18,"enemies":"Cultist and Chosen","floor":24,"turns":6},{"damage":18,"enemies":"Snake Plant","floor":30,"turns":5},{"damage":34,"enemies":"Masked Bandits","floor":31,"turns":3}],"seed_played":"-7195225582458739898","potions_obtained":[{"floor":1,"key":"SteroidPotion"},{"floor":8,"key":"Poison Potion"},{"floor":13,"key":"SteroidPotion"},{"floor":18,"key":"Regen Potion"},{"floor":21,"key":"Weak Potion"}],"is_trial":false,"path_per_floor":["?","T","?","M","?","?","?","?"],"character_chosen":"IRONCLAD","items_purchased":["Spot Weakness"],"campfire_rested":0,"item_purchase_floors":[3],"current_hp_per_floor":[80,80,80,80,80,80,80,53,53,53,53,42,44,44,44,29,80,80,80,52,41,41,50,38,47,47,32,32,41,29,0],"gold":385,"neow_bonus":"THREE_ENEMY_KILL","is_prod":false,"is_daily":false,"chose_seed":false,"campfire_upgraded":6,"win_rate":0,"timestamp":1552425654,"path_taken":["M","M","$","?","?","M","R","E","T","R","?","M","?","$","R","BOSS","M","$","?","M","M","R","M","R","T","?","?","R","M","?"],"build_version":"2019-01-23","purchased_purges":3,"victory":false,"max_hp_per_floor":[80,80,80,80,80,80,80,80,80,80,80,80,80,80,80,80,80,80,80,80,80,80,80,80,80,80,85,85,85,85,85],"card_choices":[{"not_picked":["Power Through","Wild Strike"],"picked":"Ghostly Armor","floor":1},{"not_picked":["Flex","Infernal Blade"],"picked":"Uppercut","floor":2},{"not_picked":["True Grit","Sever Soul"],"picked":"Whirlwind","floor":6},{"not_picked":["Corruption","Shrug It Off"],"picked":"Evolve","floor":8},{"not_picked":["Feel No Pain","Sword Boomerang"],"picked":"Power Through","floor":12},{"not_picked":["Cleave","Corruption"],"picked":"Shrug It Off","floor":13},{"not_picked":["Juggernaut","Berserk"],"picked":"Limit Break","floor":16},{"not_picked":["Fire Breathing+1","Iron Wave","Wild Strike"],"picked":"SKIP","floor":18},{"not_picked":["Body Slam","Anger"],"picked":"Metallicize","floor":21},{"not_picked":["Sentinel","Iron Wave+1"],"picked":"Body Slam","floor":22},{"not_picked":["Fire Breathing","Infernal Blade","Perfected Strike+1"],"picked":"SKIP","floor":24},{"not_picked":["Sever Soul+1","Clash","Hemokinesis+1"],"picked":"SKIP","floor":30}],"player_experience":173973,"relics_obtained":[{"floor":5,"key":"Ornamental Fan"},{"floor":8,"key":"Bronze Scales"},{"floor":26,"key":"Peace Pipe"}],"event_choices":[{"damage_healed":0,"gold_gain":0,"player_choice":"Leave","damage_taken":0,"max_hp_gain":0,"max_hp_loss":0,"event_name":"The Cleric","floor":4,"gold_loss":0},{"damage_healed":0,"gold_gain":175,"player_choice":"AGREE","damage_taken":0,"max_hp_gain":0,"max_hp_loss":0,"event_name":"Liars Game","floor":11,"gold_loss":0,"cards_obtained":["Doubt"]},{"damage_healed":0,"gold_gain":0,"player_choice":"Fight","damage_taken":0,"max_hp_gain":0,"max_hp_loss":0,"event_name":"Colosseum","floor":20,"gold_loss":0},{"damage_healed":0,"gold_gain":0,"player_choice":"Fled From Nobs","damage_taken":0,"max_hp_gain":0,"max_hp_loss":0,"event_name":"Colosseum","floor":20,"gold_loss":0},{"damage_healed":0,"gold_gain":0,"player_choice":"Shed Blood","damage_taken":20,"max_hp_gain":5,"max_hp_loss":0,"event_name":"Forgotten Altar","floor":27,"gold_loss":0},{"damage_healed":0,"gold_gain":99,"player_choice":"Stole From Cult","damage_taken":0,"max_hp_gain":0,"max_hp_loss":0,"event_name":"Nest","floor":28,"gold_loss":0},{"damage_healed":0,"gold_gain":0,"player_choice":"Fought Bandits","damage_taken":0,"max_hp_gain":0,"max_hp_loss":0,"event_name":"Masked Bandits","floor":31,"gold_loss":0}],"is_beta":false,"boss_relics":[{"not_picked":["White Beast Statue","Tiny House"],"picked":"Eternal Feather"}],"items_purged_floors":[3,14,19],"is_endless":false,"potions_floor_spawned":[1,8,13,18,21],"killed_by":"Masked Bandits","ascension_level":0}