{"gold_per_floor":[117,117,117,117,192,192,204,239,239,189,80,93,105,116,116,217,217,228,228,228,248,52,52,77,91,91,104,134,150,150,100,100,197,197,216,43,53,64,64,64],"floor_reached":40,"playtime":2873,"items_purged":["Strike_G","Phantasmal Killer"],"score":529,"play_id":"cafb5e46-9573-472b-ba85-248f8890b882","local_time":"20190302060021","is_ascension_mode":true,"campfire_choices":[{"floor":6,"key":"REST"},{"data":"Crippling Poison","floor":15,"key":"SMITH"},{"data":"Catalyst","floor":23,"key":"SMITH"},{"data":"Adrenaline","floor":30,"key":"SMITH"},{"data":"Footwork","floor":32,"key":"SMITH"}],"neow_cost":"PERCENT_DAMAGE","seed_source_timestamp":1083278903922599,"circlet_count":0,"master_deck":["Defend_G","Defend_G","Defend_G","Survivor","Neutralize","A Thousand Cuts+1","Crippling Poison+1","Deadly Poison","Cloak And Dagger","Dodge and Roll","Backstab","Escape Plan","Malaise","Catalyst+1","Blur","PiercingWail","Adrenaline+1","Poisoned Stab","Footwork+1","Dodge and Roll+1","Backflip+1","Crippling Poison+1","Envenom","Deadly Poison+1","Catalyst","Noxious Fumes+1","Footwork","Impatience"],"relics":["Ring of the Snake","Du-Vu Doll","Pantograph","Philosopher\u0027s Stone","Bottled Lightning","Molten Egg 2","Tiny Chest","Sozu"],"potions_floor_usage":[40,40],"damage_taken":[{"damage":1,"enemies":"Jaw Worm","floor":1,"turns":6},{"damage":5,"enemies":"2 Louse","floor":7,"turns":3},{"damage":12,"enemies":"Lagavulin","floor":8,"turns":6},{"damage":0,"enemies":"Small Slimes","floor":12,"turns":4},{"damage":0,"enemies":"Blue Slaver","floor":13,"turns":4},{"damage":2,"enemies":"Gremlin Gang","floor":14,"turns":6},{"damage":4,"enemies":"The Guardian","floor":16,"turns":10},{"damage":3,"enemies":"Shell Parasite","floor":18,"turns":8},{"damage":2,"enemies":"Chosen","floor":21,"turns":5},{"damage":13,"enemies":"Book of Stabbing","floor":24,"turns":5},{"damage":0,"enemies":"Snake Plant","floor":25,"turns":5},{"damage":2,"enemies":"Sentry and Sphere","floor":27,"turns":6},{"damage":0,"enemies":"Shelled Parasite and Fungi","floor":29,"turns":3},{"damage":0,"enemies":"Automaton","floor":33,"turns":8},{"damage":4,"enemies":"3 Darklings","floor":35,"turns":5},{"damage":0,"enemies":"Orb Walker","floor":37,"turns":3},{"damage":10,"enemies":"Maw","floor":38,"turns":5},{"damage":68,"enemies":"Reptomancer","floor":40,"turns":3}],"seed_played":"-6078562361614357161","potions_obtained":[{"floor":1,"key":"PowerPotion"},{"floor":14,"key":"SpeedPotion"},{"floor":16,"key":"SteroidPotion"},{"floor":21,"key":"Energy Potion"}],"is_trial":false,"path_per_floor":["M","?","?","$","?","R","M","E","T","?","$","M","M","M","R","B",null,"M","?","?","M","$","R","E","M","T","M","T","M","R","?","R","B",null,"M","$","M","M","?","E"],"character_chosen":"THE_SILENT","items_purchased":["Backstab","Adrenaline","Poisoned Stab","Catalyst"],"campfire_rested":1,"item_purchase_floors":[11,22,22,36],"current_hp_per_floor":[48,41,41,41,30,51,46,34,34,34,34,34,34,32,32,53,70,67,67,67,65,65,65,52,52,52,50,50,50,50,50,50,70,70,66,66,66,56,56,0],"gold":64,"neow_bonus":"TRANSFORM_TWO_CARDS","is_prod":false,"is_daily":false,"chose_seed":false,"campfire_upgraded":4,"win_rate":0,"timestamp":1551524421,"path_taken":["M","?","?","$","?","R","M","E","T","?","$","M","M","M","R","BOSS","M","?","?","M","$","R","E","M","T","M","?","?","R","?","R","BOSS","M","$","M","?","?","E"],"build_version":"2019-01-23","purchased_purges":2,"victory":false,"max_hp_per_floor":[70,70,70,70,70,70,70,70,70,70,70,70,70,70,70,70,70,70,70,70,70,70,70,70,70,70,70,70,70,70,70,70,70,70,70,70,70,70,70,70],"card_choices":[{"not_picked":["Escape Plan","Backflip"],"picked":"Deadly Poison","floor":1},{"not_picked":["Blade Dance","Quick Slash"],"picked":"Cloak And Dagger","floor":7},{"not_picked":["Flying Knee","Sucker Punch"],"picked":"Dodge and Roll","floor":8},{"not_picked":["Dodge and Roll","Cloak And Dagger","Deadly Poison"],"picked":"SKIP","floor":12},{"not_picked":["Poisoned Stab","Tactician"],"picked":"Escape Plan","floor":13},{"not_picked":["Endless Agony","Prepared","Slice"],"picked":"SKIP","floor":14},{"not_picked":["A Thousand Cuts","Venomology"],"picked":"Malaise","floor":16},{"not_picked":["Choke","Flying Knee"],"picked":"Catalyst","floor":18},{"not_picked":["Predator+1","Accuracy"],"picked":"PiercingWail","floor":21},{"not_picked":["Backflip+1","Dodge and Roll"],"picked":"Footwork","floor":24},{"not_picked":["Leg Sweep+1","Crippling Poison"],"picked":"Dodge and Roll+1","floor":25},{"not_picked":["Terror","Cloak And Dagger"],"picked":"Backflip+1","floor":27},{"not_picked":["Deflect","Eviscerate+1"],"picked":"Crippling Poison+1","floor":29},{"not_picked":["Storm of Steel","Wraith Form v2"],"picked":"Envenom","floor":33},{"not_picked":["Reflex","Deflect"],"picked":"Deadly Poison+1","floor":35},{"not_picked":["Eviscerate+1","Expertise+1"],"picked":"Noxious Fumes+1","floor":37},{"not_picked":["Dodge and Roll","Slice+1"],"picked":"Footwork","floor":38},{"not_picked":["The Bomb","Transmutation"],"picked":"Impatience","floor":39}],"player_experience":207686,"relics_obtained":[{"floor":8,"key":"Du-Vu Doll"},{"floor":9,"key":"Pantograph"},{"floor":24,"key":"Bottled Lightning"},{"floor":26,"key":"Molten Egg 2"},{"floor":28,"key":"Tiny Chest"}],"event_choices":[{"cards_removed":["Strike_G"],"damage_healed":0,"gold_gain":0,"player_choice":"Card Removal","damage_taken":7,"max_hp_gain":0,"max_hp_loss":0,"event_name":"Golden Wing","floor":2,"gold_loss":0},{"damage_healed":0,"gold_gain":0,"player_choice":"Grow","damage_taken":0,"max_hp_gain":0,"max_hp_loss":0,"event_name":"Living Wall","floor":3,"gold_loss":0,"cards_upgraded":["A Thousand Cuts"]},{"damage_healed":0,"gold_gain":75,"player_choice":"Gather Gold","damage_taken":11,"max_hp_gain":0,"max_hp_loss":0,"event_name":"World of Goop","floor":5,"gold_loss":0},{"cards_removed":["Strike_G"],"damage_healed":0,"gold_gain":0,"player_choice":"Card Removal","damage_taken":0,"max_hp_gain":0,"max_hp_loss":0,"event_name":"The Cleric","floor":10,"gold_loss":50},{"damage_healed":0,"gold_gain":0,"cards_transformed":["Defend_G","Defend_G"],"player_choice":"Became Test Subject","damage_taken":0,"max_hp_gain":0,"max_hp_loss":0,"event_name":"Drug Dealer","floor":19,"gold_loss":0,"cards_obtained":["Phantasmal Killer","Blur"]},{"damage_healed":0,"gold_gain":0,"player_choice":"Ignored","damage_taken":0,"max_hp_gain":0,"max_hp_loss":0,"event_name":"Cursed Tome","floor":20,"gold_loss":0},{"damage_healed":0,"gold_gain":0,"player_choice":"Bet on Murderer","damage_taken":0,"max_hp_gain":0,"max_hp_loss":0,"event_name":"The Joust","floor":31,"gold_loss":50},{"damage_healed":0,"gold_gain":0,"player_choice":"Memory 1","damage_taken":0,"max_hp_gain":0,"max_hp_loss":0,"event_name":"SensoryStone","floor":39,"gold_loss":0}],"is_beta":false,"boss_relics":[{"not_picked":["Snecko Eye","Runic Dome"],"picked":"Philosopher\u0027s Stone"},{"not_picked":["WristBlade","Lizard Tail"],"picked":"Sozu"}],"items_purged_floors":[11,36],"is_endless":false,"potions_floor_spawned":[1,14,16,21,27,29,33,37,38],"killed_by":"Reptomancer","ascension_level":2}