{"gold_per_floor":[114,126,145,160,173,184,218,233,233,246,246,246,3,19,19,19],"floor_reached":16,"playtime":2231,"items_purged":[],"score":266,"play_id":"a5bf193d-da89-47ef-9f4c-cf925d9ac257","local_time":"20181115214513","is_ascension_mode":true,"campfire_choices":[{"floor":12.0,"key":"REST"},{"data":"Chrysalis","floor":15,"key":"SMITH"}],"neow_cost":"NONE","seed_source_timestamp":0,"circlet_count":0,"master_deck":["AscendersBane","Defend_G","Defend_G","Defend_G","Defend_G","Defend_G","Strike_G","Strike_G","Strike_G","Strike_G","Strike_G","Survivor","Neutralize","Escape Plan","Backflip","Dagger Throw","Dash","Dodge and Roll","Acrobatics","Storm of Steel","PiercingWail","Prepared","Chrysalis+1","Infinite Blades","Flechettes"],"special_seed":0,"relics":["Ring of the Snake","Orichalcum","Potion Belt","Gambling Chip"],"potions_floor_usage":[16],"damage_taken":[{"damage":4.0,"enemies":"Small Slimes","floor":1.0,"turns":5.0},{"damage":0.0,"enemies":"2 Louse","floor":2.0,"turns":3.0},{"damage":4.0,"enemies":"Jaw Worm","floor":3.0,"turns":6.0},{"damage":13.0,"enemies":"Exordium Thugs","floor":4.0,"turns":6.0},{"damage":1.0,"enemies":"2 Fungi Beasts","floor":5.0,"turns":4.0},{"damage":13.0,"enemies":"Large Slime","floor":6.0,"turns":12.0},{"damage":0.0,"enemies":"3 Sentries","floor":7.0,"turns":13.0},{"damage":3.0,"enemies":"Looter","floor":8.0,"turns":3.0},{"damage":11.0,"enemies":"Lots of Slimes","floor":10.0,"turns":6.0},{"damage":4,"enemies":"3 Louse","floor":14,"turns":4},{"damage":23,"enemies":"Hexaghost","floor":16,"turns":9}],"seed_played":"-5603078296773375176","potions_obtained":[{"floor":1.0,"key":"Poison Potion"},{"floor":4.0,"key":"EssenceOfSteel"},{"floor":6.0,"key":"EssenceOfSteel"},{"floor":7.0,"key":"Block Potion"},{"floor":10.0,"key":"SteroidPotion"}],"is_trial":false,"path_per_floor":["M","M","M","M","M","M","E","M","T","M","?","R","$","M","R","B"],"character_chosen":"THE_SILENT","items_purchased":["Chrysalis","Infinite Blades"],"campfire_rested":1,"item_purchase_floors":[13,13],"current_hp_per_floor":[61,61,57,44,43,30,30,27,27,16,5,26,26,22,22,0],"gold":19,"neow_bonus":"TEN_PERCENT_HP_BONUS","is_prod":false,"is_daily":false,"chose_seed":false,"campfire_upgraded":1,"win_rate":0,"timestamp":1542311113,"path_taken":["M","M","M","M","M","M","E","M","T","M","?","R","$","M","R","BOSS"],"build_version":"2018-11-14","purchased_purges":0,"victory":false,"max_hp_per_floor":[72,72,72,72,72,72,72,72,72,72,72,72,72,72,72,72],"card_choices":[{"not_picked":["Outmaneuver","Underhanded Strike"],"picked":"Escape Plan","floor":1.0},{"not_picked":["Deadly Poison","Dagger Throw"],"picked":"Backflip","floor":2.0},{"not_picked":["Heel Hook","Phantasmal Killer"],"picked":"Dagger Throw","floor":3.0},{"not_picked":["Cloak And Dagger","PiercingWail"],"picked":"Dash","floor":4.0},{"not_picked":["Masterful Stab","Skewer"],"picked":"Dodge and Roll","floor":5.0},{"not_picked":["PiercingWail","Prepared"],"picked":"Acrobatics","floor":6.0},{"not_picked":["Expertise","Blade Dance"],"picked":"Storm of Steel","floor":7.0},{"not_picked":["Outmaneuver","Prepared"],"picked":"PiercingWail","floor":8.0},{"not_picked":["Quick Slash","Underhanded Strike"],"picked":"Prepared","floor":10.0},{"not_picked":["Outmaneuver","Masterful Stab"],"picked":"Flechettes","floor":14}],"player_experience":658880,"relics_obtained":[{"floor":7.0,"key":"Orichalcum"},{"floor":9.0,"key":"Potion Belt"}],"event_choices":[{"damage_healed":0.0,"max_hp_gain":0.0,"max_hp_loss":0.0,"gold_gain":0.0,"event_name":"Scrap Ooze","player_choice":"Success","floor":11.0,"gold_loss":0.0,"damage_taken":11.0,"relics_obtained":["Gambling Chip"]}],"is_beta":true,"boss_relics":[],"items_purged_floors":[],"is_endless":false,"potions_floor_spawned":[1,4,6,7,10],"killed_by":"Hexaghost","ascension_level":20}