{"gold_per_floor":[10,10,10,29,29,29,43,54,77,77,95,20,41,72,72,177,177,192,192,117,127,146,146,164,192,217,234,234,234,234,254,254,354,354,371,396,396,416,416],"floor_reached":39,"playtime":8041,"items_purged":["Strike_B"],"score":451,"play_id":"2a09feae-437c-4e3c-aa95-4db3edc0b392","local_time":"20190128141753","is_ascension_mode":false,"campfire_choices":[{"floor":6.0,"key":"REST"},{"data":"Creative AI","floor":10.0,"key":"SMITH"},{"floor":15.0,"key":"REST"},{"data":"Genetic Algorithm","floor":23.0,"key":"SMITH"},{"data":"Force Field","floor":32,"key":"SMITH"}],"neow_cost":"NO_GOLD","seed_source_timestamp":0,"circlet_count":0,"master_deck":["Defend_B+1","Defend_B+1","Defend_B+1","Zap","Dualcast","Genetic Algorithm+1","Regret","Force Field+1","Gash","Storm","Creative AI+1","Doom and Gloom","Gash","Glacier","Seek","Static Discharge","Darkness","Leap","Streamline","Stack","Conserve Battery+1","Self Repair","Doom and Gloom","Static Discharge+1","Beam Cell","Force Field","Defragment+1","Gash","Bite","Bite","Bite","Bite","Deep Breath","Loop","Rainbow","Conserve Battery","Chaos"],"special_seed":0,"relics":["Cracked Core","Thread and Needle","Strawberry","Odd Mushroom","Meat on the Bone","Orrery","Du-Vu Doll","PreservedInsect","Philosopher\u0027s Stone","Anchor"],"potions_floor_usage":[31,39],"damage_taken":[{"damage":0.0,"enemies":"Small Slimes","floor":1.0,"turns":3.0},{"damage":4.0,"enemies":"2 Louse","floor":4.0,"turns":2.0},{"damage":3.0,"enemies":"Jaw Worm","floor":7.0,"turns":3.0},{"damage":9.0,"enemies":"Blue Slaver","floor":8.0,"turns":4.0},{"damage":5.0,"enemies":"2 Fungi Beasts","floor":11.0,"turns":4.0},{"damage":16.0,"enemies":"The Mushroom Lair","floor":13.0,"turns":4.0},{"damage":30.0,"enemies":"Lagavulin","floor":14.0,"turns":6.0},{"damage":22.0,"enemies":"Hexaghost","floor":16.0,"turns":11.0},{"damage":9.0,"enemies":"3 Byrds","floor":18.0,"turns":3.0},{"damage":10.0,"enemies":"2 Thieves","floor":20.0,"turns":5.0},{"damage":27.0,"enemies":"Sentry and Sphere","floor":21.0,"turns":6.0},{"damage":2.0,"enemies":"Cultist and Chosen","floor":22.0,"turns":4.0},{"damage":5.0,"enemies":"Snecko","floor":24.0,"turns":6.0},{"damage":33.0,"enemies":"Book of Stabbing","floor":25.0,"turns":5.0},{"damage":2.0,"enemies":"Shelled Parasite and Fungi","floor":27.0,"turns":8.0},{"damage":17,"enemies":"Snake Plant","floor":31,"turns":3},{"damage":46,"enemies":"Collector","floor":33,"turns":11},{"damage":1,"enemies":"Orb Walker","floor":35,"turns":5},{"damage":52,"enemies":"3 Shapes","floor":38,"turns":6},{"damage":65,"enemies":"2 Orb Walkers","floor":39,"turns":3}],"seed_played":"2966565485582311692","potions_obtained":[{"floor":7.0,"key":"Block Potion"},{"floor":13.0,"key":"SteroidPotion"},{"floor":16.0,"key":"FocusPotion"},{"floor":18.0,"key":"Strength Potion"},{"floor":25.0,"key":"Block Potion"},{"floor":31,"key":"Fruit Juice"},{"floor":38,"key":"AttackPotion"}],"is_trial":false,"path_per_floor":["M","?","?","M","?","R","M","M","T","R","M","$","?","E","R","B",null,"M","?","M","M","M","R","M","E","T","M","?","?","?","M","R","B",null,"M","T","?","M","?"],"character_chosen":"DEFECT","items_purchased":[],"campfire_rested":2,"item_purchase_floors":[],"current_hp_per_floor":[75,82,82,78,78,82,79,70,70,70,67,67,53,25,49,41,82,73,73,72,54,54,54,51,39,39,58,58,58,58,58,58,37,87,87,87,87,56,0],"gold":416,"neow_bonus":"ONE_RARE_RELIC","is_prod":false,"is_daily":false,"chose_seed":false,"campfire_upgraded":3,"win_rate":0.0,"timestamp":1548703073,"path_taken":["M","?","?","M","?","R","M","M","T","R","M","?","?","E","R","BOSS","M","?","M","?","M","R","M","E","T","M","?","?","?","M","R","BOSS","M","?","?","M","?"],"build_version":"2019-01-23","purchased_purges":1,"victory":false,"max_hp_per_floor":[75,82,82,82,82,82,82,82,82,82,82,82,82,82,82,82,82,82,82,82,82,82,82,82,82,82,82,82,82,82,87,87,87,87,87,87,87,87,87],"card_choices":[{"not_picked":["Hologram","Leap"],"picked":"Genetic Algorithm","floor":1.0},{"not_picked":["Barrage","Leap"],"picked":"Gash","floor":4.0},{"not_picked":["Cold Snap","Compile Driver"],"picked":"Storm","floor":7.0},{"not_picked":["Redo","Sweeping Beam"],"picked":"Creative AI","floor":8.0},{"not_picked":["Consume","Stack"],"picked":"Doom and Gloom","floor":11.0},{"not_picked":["Beam Cell","Go for the Eyes"],"picked":"Gash","floor":13.0},{"not_picked":["Hologram","Go for the Eyes"],"picked":"Glacier","floor":14.0},{"not_picked":["Multi-Cast","All For One"],"picked":"Seek","floor":16.0},{"not_picked":["Ball Lightning","Go for the Eyes"],"picked":"Static Discharge","floor":17.0},{"not_picked":["Steam","Streamline"],"picked":"Darkness","floor":17.0},{"not_picked":["Skim","Barrage"],"picked":"Leap","floor":17.0},{"not_picked":["Go for the Eyes","Skim"],"picked":"Streamline","floor":17.0},{"not_picked":["Leap","Redo"],"picked":"Stack","floor":17.0},{"not_picked":["Compile Driver+1","Loop"],"picked":"Conserve Battery+1","floor":18.0},{"not_picked":["Hologram","Blizzard"],"picked":"Doom and Gloom","floor":20.0},{"not_picked":["Ball Lightning","Go for the Eyes"],"picked":"Static Discharge+1","floor":21.0},{"not_picked":["Streamline","Reboot"],"picked":"Beam Cell","floor":22.0},{"not_picked":["Leap","Barrage"],"picked":"Force Field","floor":24.0},{"not_picked":["Electrodynamics","Multi-Cast"],"picked":"Defragment+1","floor":25.0},{"not_picked":["Go for the Eyes","Beam Cell"],"picked":"Gash","floor":27},{"not_picked":["Rip and Tear","Sweeping Beam+1"],"picked":"Loop","floor":31},{"not_picked":["All For One","Fission"],"picked":"Rainbow","floor":33},{"not_picked":["Sweeping Beam+1","Ball Lightning"],"picked":"Conserve Battery","floor":35},{"not_picked":["Compile Driver+1","Genetic Algorithm"],"picked":"Chaos","floor":38}],"player_experience":46744,"relics_obtained":[{"floor":9.0,"key":"Blood Vial"},{"floor":13.0,"key":"Odd Mushroom"},{"floor":14.0,"key":"Meat on the Bone"},{"floor":25.0,"key":"Du-Vu Doll"},{"floor":26.0,"key":"PreservedInsect"},{"floor":36,"key":"Anchor"}],"event_choices":[{"damage_healed":0.0,"max_hp_gain":0.0,"max_hp_loss":0.0,"gold_gain":0.0,"event_name":"Big Fish","player_choice":"Box","floor":2.0,"gold_loss":0.0,"damage_taken":0.0,"relics_obtained":["Strawberry"],"cards_obtained":["Regret"]},{"damage_healed":0.0,"max_hp_gain":0.0,"max_hp_loss":0.0,"gold_gain":0.0,"cards_transformed":["Defend_B"],"event_name":"Living Wall","player_choice":"Change","floor":3.0,"gold_loss":0.0,"damage_taken":0.0,"cards_obtained":["Force Field"]},{"damage_healed":0.0,"max_hp_gain":0.0,"max_hp_loss":0.0,"gold_gain":0.0,"event_name":"Liars Game","player_choice":"Ignored","floor":5.0,"gold_loss":0.0,"damage_taken":0.0},{"damage_healed":0.0,"max_hp_gain":0.0,"max_hp_loss":0.0,"gold_gain":0.0,"event_name":"Mushrooms","player_choice":"Fought Mushrooms","floor":13.0,"gold_loss":0.0,"damage_taken":0.0},{"damage_healed":0.0,"max_hp_gain":0.0,"max_hp_loss":0.0,"gold_gain":0.0,"cards_transformed":["Strike_B"],"event_name":"Transmorgrifier","player_choice":"Transformed","floor":19.0,"gold_loss":0.0,"damage_taken":0.0,"cards_obtained":["Self Repair"]},{"damage_healed":0,"gold_gain":0,"player_choice":"Simplicity","damage_taken":0,"max_hp_gain":0,"max_hp_loss":0,"event_name":"Back to Basics","floor":28,"gold_loss":0,"cards_upgraded":["Strike_B","Strike_B","Defend_B","Defend_B","Defend_B"]},{"damage_healed":0,"gold_gain":0,"player_choice":"Became a vampire (Vial)","damage_taken":0,"max_hp_gain":0,"max_hp_loss":0,"event_name":"Vampires","floor":29,"relics_lost":["Blood Vial"],"gold_loss":0,"cards_obtained":["Bite","Bite","Bite","Bite","Bite"]},{"damage_healed":0,"gold_gain":0,"cards_transformed":["Bite"],"player_choice":"Transformed","damage_taken":0,"max_hp_gain":0,"max_hp_loss":0,"event_name":"Transmorgrifier","floor":30,"gold_loss":0,"cards_obtained":["Deep Breath"]},{"damage_healed":0,"gold_gain":0,"player_choice":"Ignored","damage_taken":0,"max_hp_gain":0,"max_hp_loss":0,"event_name":"Tomb of Lord Red Mask","floor":37,"gold_loss":0},{"damage_healed":0,"gold_gain":0,"player_choice":"Fight","damage_taken":0,"max_hp_gain":0,"max_hp_loss":0,"event_name":"Mysterious Sphere","floor":39,"gold_loss":0}],"is_beta":false,"boss_relics":[{"not_picked":["Fusion Hammer","Runic Dome"],"picked":"Orrery"},{"not_picked":["Sozu","Calling Bell"],"picked":"Philosopher\u0027s Stone"}],"items_purged_floors":[12],"is_endless":false,"potions_floor_spawned":[7,13,16,18,25,31,38],"killed_by":"2 Orb Walkers","ascension_level":0}