{"gold_per_floor":[110,110,128,128,139,139,172,172,199,124,124,145,177,190,190,264,264,222,233,213,44,56,56,56],"floor_reached":24,"playtime":1954,"items_purged":["Strike_G"],"score":408,"play_id":"8f4bc277-8fc0-49b6-b560-88049dd03a26","local_time":"20190111194206","is_ascension_mode":true,"campfire_choices":[{"data":"Footwork","floor":6,"key":"SMITH"},{"data":"Neutralize","floor":8,"key":"SMITH"},{"data":"Bouncing Flask","floor":15,"key":"SMITH"},{"floor":23,"key":"REST"}],"neow_cost":"NONE","seed_source_timestamp":195093902964752,"circlet_count":0,"master_deck":["AscendersBane","Defend_G","Defend_G","Defend_G","Defend_G","Defend_G","Strike_G","Strike_G","Survivor","Neutralize+1","Forethought","Footwork+1","PiercingWail","Glass Knife","Masterful Stab","Bouncing Flask+1","Dagger Spray","Footwork","Deflect","Dodge and Roll","Doppelganger","Dagger Spray+1","Bouncing Flask","PiercingWail"],"relics":["Ring of the Snake","Bag of Marbles","Orichalcum","Odd Mushroom","Torii","Runic Dome","Strawberry"],"potions_floor_usage":[16,24],"damage_taken":[{"damage":4,"enemies":"Small Slimes","floor":1,"turns":4},{"damage":4,"enemies":"Cultist","floor":3,"turns":6},{"damage":2,"enemies":"Jaw Worm","floor":5,"turns":5},{"damage":28,"enemies":"Gremlin Nob","floor":7,"turns":4},{"damage":6,"enemies":"The Mushroom Lair","floor":12,"turns":5},{"damage":4,"enemies":"Lagavulin","floor":13,"turns":9},{"damage":1,"enemies":"Lots of Slimes","floor":14,"turns":5},{"damage":1,"enemies":"Hexaghost","floor":16,"turns":10},{"damage":6,"enemies":"2 Thieves","floor":18,"turns":5},{"damage":18,"enemies":"Chosen","floor":19,"turns":6},{"damage":27,"enemies":"Shelled Parasite and Fungi","floor":22,"turns":6},{"damage":52,"enemies":"Gremlin Leader","floor":24,"turns":6}],"seed_played":"295416166416648956","potions_obtained":[{"floor":1,"key":"GamblersBrew"},{"floor":5,"key":"Swift Potion"},{"floor":12,"key":"EssenceOfSteel"},{"floor":14,"key":"GhostInAJar"},{"floor":19,"key":"Fire Potion"}],"is_trial":false,"path_per_floor":["M","?","M","?","M","R","E","R","T","$","?","?","E","M","R","B",null,"M","M","?","$","M","R","E"],"character_chosen":"THE_SILENT","items_purchased":["Strawberry"],"campfire_rested":1,"item_purchase_floors":[21],"current_hp_per_floor":[55,55,51,51,49,49,21,21,21,21,21,15,11,10,10,9,52,46,28,28,35,8,29,0],"gold":56,"neow_bonus":"RANDOM_COLORLESS","is_prod":false,"is_daily":false,"chose_seed":false,"campfire_upgraded":3,"win_rate":0,"timestamp":1547228526,"path_taken":["M","?","?","?","?","R","E","R","T","?","?","?","E","M","R","BOSS","M","M","?","$","M","R","E"],"build_version":"2019-01-10","purchased_purges":1,"victory":false,"max_hp_per_floor":[66,66,66,66,66,66,66,66,66,66,66,66,66,66,66,66,66,66,66,66,73,73,73,73],"card_choices":[{"not_picked":["Deadly Poison","Slice"],"picked":"Footwork","floor":1},{"not_picked":["Cloak And Dagger","Deflect"],"picked":"PiercingWail","floor":3},{"not_picked":["Dagger Throw","Cloak And Dagger"],"picked":"Bouncing Flask","floor":5},{"not_picked":["Underhanded Strike","Masterful Stab"],"picked":"Dagger Spray","floor":7},{"not_picked":["Underhanded Strike","Dagger Throw"],"picked":"Footwork","floor":12},{"not_picked":["Sucker Punch","Flying Knee"],"picked":"Deflect","floor":13},{"not_picked":["Night Terror","Finisher"],"picked":"Dodge and Roll","floor":14},{"not_picked":["Grand Finale","Venomology"],"picked":"Doppelganger","floor":16},{"not_picked":["Poisoned Stab","Dagger Throw"],"picked":"Dagger Spray+1","floor":18},{"not_picked":["Flying Knee+1","Prepared"],"picked":"Bouncing Flask","floor":19},{"not_picked":["Quick Slash","Underhanded Strike"],"picked":"PiercingWail","floor":22}],"player_experience":664923,"relics_obtained":[{"floor":7,"key":"Bag of Marbles"},{"floor":9,"key":"Orichalcum"},{"floor":12,"key":"Odd Mushroom"},{"floor":13,"key":"Torii"}],"event_choices":[{"cards_removed":["Strike_G"],"damage_healed":0,"gold_gain":0,"player_choice":"Card Removal","damage_taken":0,"max_hp_gain":0,"max_hp_loss":0,"event_name":"Wheel of Change","floor":2,"gold_loss":0},{"damage_healed":0,"gold_gain":0,"player_choice":"2 cards matched","damage_taken":0,"max_hp_gain":0,"max_hp_loss":0,"event_name":"Match and Keep!","floor":4,"gold_loss":0,"cards_obtained":["Glass Knife","Masterful Stab"]},{"cards_removed":["Strike_G"],"damage_healed":0,"gold_gain":0,"player_choice":"Forget","damage_taken":0,"max_hp_gain":0,"max_hp_loss":0,"event_name":"Living Wall","floor":11,"gold_loss":0},{"damage_healed":0,"gold_gain":0,"player_choice":"Fought Mushrooms","damage_taken":0,"max_hp_gain":0,"max_hp_loss":0,"event_name":"Mushrooms","floor":12,"gold_loss":0},{"damage_healed":0,"gold_gain":0,"player_choice":"Bought 1 Potion","damage_taken":0,"max_hp_gain":0,"max_hp_loss":0,"event_name":"The Woman in Blue","floor":20,"gold_loss":0}],"is_beta":true,"boss_relics":[{"not_picked":["Ring of the Serpent","Astrolabe"],"picked":"Runic Dome"}],"items_purged_floors":[10],"is_endless":false,"potions_floor_spawned":[1,5,12,14,19],"killed_by":"Gremlin Leader","ascension_level":20}