{"gold_per_floor":[217,235,252,66,82,82,82,97,124,134,134,134,153,43,43,146,146,166,166,177,177,188,200,200,217,217,233,96,107,107,107],"floor_reached":31,"playtime":1822,"items_purged":["Strike_G","Strike_G"],"score":305,"play_id":"56af2d48-cb03-43ae-80bb-fe55032f4c02","local_time":"20190317002842","is_ascension_mode":true,"campfire_choices":[{"data":"Distraction","floor":7,"key":"SMITH"},{"data":"Infinite Blades","floor":11,"key":"SMITH"},{"floor":15,"key":"REST"},{"floor":24,"key":"REST"},{"floor":30,"key":"REST"}],"neow_cost":"NONE","seed_source_timestamp":326683045024862,"circlet_count":0,"master_deck":["Defend_G","Defend_G","Defend_G","Defend_G","Defend_G","Strike_G","Strike_G","Survivor","Neutralize","Infinite Blades+1","Deadly Poison","Dodge and Roll+1","Accuracy","Catalyst+1","Distraction+1","Accuracy","Noxious Fumes","Deadly Poison","Blur","Infinite Blades","Corpse Explosion","Footwork","Footwork","Accuracy","Injury","PiercingWail","Accuracy","Footwork"],"relics":["Ring of the Snake","Strawberry","Vajra","Cursed Key","Matryoshka"],"potions_floor_usage":[16,27,29,29,29,29,29],"damage_taken":[{"damage":0,"enemies":"Jaw Worm","floor":1,"turns":6},{"damage":0,"enemies":"2 Louse","floor":2,"turns":4},{"damage":0,"enemies":"Small Slimes","floor":3,"turns":3},{"damage":14,"enemies":"Looter","floor":5,"turns":3},{"damage":2,"enemies":"Red Slaver","floor":8,"turns":5},{"damage":13,"enemies":"Large Slime","floor":10,"turns":6},{"damage":0,"enemies":"2 Fungi Beasts","floor":13,"turns":4},{"damage":26,"enemies":"Hexaghost","floor":16,"turns":8},{"damage":31,"enemies":"2 Thieves","floor":18,"turns":3},{"damage":20,"enemies":"Chosen","floor":20,"turns":7},{"damage":15,"enemies":"Snecko","floor":22,"turns":4},{"damage":0,"enemies":"3 Cultists","floor":23,"turns":3},{"damage":8,"enemies":"Chosen and Byrds","floor":25,"turns":6},{"damage":19,"enemies":"Snake Plant","floor":27,"turns":4},{"damage":5,"enemies":"Snecko","floor":29,"turns":6},{"damage":28,"enemies":"Shelled Parasite and Fungi","floor":31,"turns":3}],"seed_played":"-8493264175847842613","potions_obtained":[{"floor":1,"key":"EssenceOfSteel"},{"floor":8,"key":"SkillPotion"},{"floor":10,"key":"Block Potion"},{"floor":13,"key":"LiquidBronze"},{"floor":23,"key":"PowerPotion"},{"floor":25,"key":"EntropicBrew"},{"floor":27,"key":"Block Potion"}],"is_trial":false,"path_per_floor":["M","M","M","$","M","?","R","M","T","M","R","?","M","$","R","B",null,"M","?","M","?","M","M","R","M","T","M","$","M","R","M"],"character_chosen":"THE_SILENT","items_purchased":["Accuracy","Catalyst","Distraction","Infinite Blades","Accuracy"],"campfire_rested":3,"item_purchase_floors":[4,4,4,14,28],"current_hp_per_floor":[70,70,70,70,56,56,56,54,54,41,41,26,26,26,49,23,77,46,46,26,26,11,11,34,26,26,7,7,2,25,0],"gold":107,"neow_bonus":"HUNDRED_GOLD","is_prod":false,"is_daily":false,"chose_seed":false,"campfire_upgraded":2,"win_rate":0,"timestamp":1552796922,"path_taken":["M","M","M","$","M","?","R","M","T","M","R","?","M","$","R","BOSS","M","?","M","?","M","M","R","M","T","M","$","M","R","M"],"build_version":"2019-01-23","purchased_purges":2,"victory":false,"max_hp_per_floor":[70,70,70,70,70,77,77,77,77,77,77,77,77,77,77,77,77,77,77,77,77,77,77,77,77,77,77,77,77,77,77],"card_choices":[{"not_picked":["Caltrops","Dagger Spray"],"picked":"Infinite Blades","floor":1},{"not_picked":["Riddle With Holes","Acrobatics"],"picked":"Deadly Poison","floor":2},{"not_picked":["Expertise","Endless Agony"],"picked":"Dodge and Roll","floor":3},{"not_picked":["Escape Plan","Bane"],"picked":"Accuracy","floor":5},{"not_picked":["Underhanded Strike","Backflip"],"picked":"Noxious Fumes","floor":8},{"not_picked":["Deflect","Expertise"],"picked":"Deadly Poison","floor":10},{"not_picked":["Flechettes","Deadly Poison"],"picked":"Blur","floor":13},{"not_picked":["Grand Finale","Storm of Steel"],"picked":"Corpse Explosion","floor":16},{"not_picked":["Prepared","Riddle With Holes"],"picked":"Footwork","floor":18},{"not_picked":["Outmaneuver","Prepared","Acrobatics+1"],"picked":"SKIP","floor":20},{"not_picked":["Bane","Poisoned Stab","Setup"],"picked":"SKIP","floor":22},{"not_picked":["Tactician","Prepared","Concentrate"],"picked":"SKIP","floor":23},{"not_picked":["Deflect","Terror"],"picked":"Accuracy","floor":25},{"not_picked":["Tactician+1","Heel Hook"],"picked":"PiercingWail","floor":27},{"not_picked":["Caltrops","Noxious Fumes+1"],"picked":"Footwork","floor":29}],"player_experience":1254065,"relics_obtained":[{"floor":9,"key":"Vajra"},{"floor":26,"key":"Matryoshka"}],"event_choices":[{"damage_healed":0,"gold_gain":0,"player_choice":"Success","damage_taken":7,"relics_obtained":["Strawberry"],"max_hp_gain":0,"max_hp_loss":0,"event_name":"Scrap Ooze","floor":6,"gold_loss":0},{"damage_healed":0,"gold_gain":0,"player_choice":"Entered Light","damage_taken":15,"max_hp_gain":0,"max_hp_loss":0,"event_name":"Shining Light","floor":12,"gold_loss":0,"cards_upgraded":["Dodge and Roll","Catalyst"]},{"damage_healed":0,"gold_gain":0,"player_choice":"Read","damage_taken":0,"max_hp_gain":0,"max_hp_loss":0,"event_name":"The Library","floor":19,"gold_loss":0,"cards_obtained":["Footwork"]},{"cards_removed":["Strike_G"],"damage_healed":0,"gold_gain":0,"player_choice":"Offered Basic","damage_taken":0,"max_hp_gain":0,"max_hp_loss":0,"event_name":"Bonfire Elementals","floor":21,"gold_loss":0}],"is_beta":false,"boss_relics":[{"not_picked":["Eternal Feather","Ectoplasm"],"picked":"Cursed Key"}],"items_purged_floors":[14,28],"is_endless":false,"potions_floor_spawned":[1,8,10,13,23,25,27],"killed_by":"Shelled Parasite and Fungi","ascension_level":4}