{"gold_per_floor":[114,133,145,163,176,176,203,203,230,247,247,262,274,293,293,397,397,410,421,421],"floor_reached":20,"playtime":1247,"items_purged":[],"score":282,"play_id":"d316d4fe-46a3-4789-81d1-1d42308f2e8c","local_time":"20190204235452","is_ascension_mode":true,"campfire_choices":[{"data":"Neutralize","floor":6,"key":"SMITH"},{"data":"Caltrops","floor":15,"key":"SMITH"}],"neow_cost":"NONE","seed_source_timestamp":45856862654155,"circlet_count":0,"master_deck":["AscendersBane","Defend_G","Defend_G","Defend_G","Defend_G","Defend_G","Strike_G","Strike_G","Strike_G","Strike_G+1","Strike_G","Survivor","Neutralize+1","All Out Attack+1","Blade Dance","Cloak And Dagger","Escape Plan","Dodge and Roll","Sucker Punch","Cloak And Dagger","Infinite Blades","Cloak And Dagger","Terror","Caltrops+1","Noxious Fumes","Burst","Caltrops+1","Footwork"],"relics":["Ring of the Snake","NeowsBlessing","Prayer Wheel","Snake Skull","Dream Catcher","Eternal Feather"],"potions_floor_usage":[7,7,16,16,20],"damage_taken":[{"damage":0,"enemies":"Jaw Worm","floor":1,"turns":1},{"damage":0,"enemies":"Small Slimes","floor":2,"turns":1},{"damage":0,"enemies":"Cultist","floor":3,"turns":1},{"damage":0,"enemies":"Lots of Slimes","floor":4,"turns":2},{"damage":3,"enemies":"2 Fungi Beasts","floor":5,"turns":3},{"damage":10,"enemies":"3 Sentries","floor":7,"turns":6},{"damage":2,"enemies":"Exordium Thugs","floor":10,"turns":5},{"damage":0,"enemies":"Looter","floor":12,"turns":4},{"damage":2,"enemies":"3 Louse","floor":13,"turns":2},{"damage":6,"enemies":"2 Fungi Beasts","floor":14,"turns":3},{"damage":10,"enemies":"The Guardian","floor":16,"turns":9},{"damage":25,"enemies":"3 Byrds","floor":18,"turns":6},{"damage":19,"enemies":"Chosen","floor":19,"turns":7},{"damage":14,"enemies":"Snake Plant","floor":20,"turns":3}],"seed_played":"5731667489492780327","potions_obtained":[{"floor":1,"key":"AttackPotion"},{"floor":5,"key":"AttackPotion"},{"floor":7,"key":"SkillPotion"},{"floor":14,"key":"Strength Potion"},{"floor":19,"key":"SpeedPotion"}],"is_trial":false,"path_per_floor":["M","M","M","M","M","R","E","?","T","M","?","M","M","M","R","B",null,"M","M","M"],"character_chosen":"THE_SILENT","items_purchased":[],"campfire_rested":0,"item_purchase_floors":[],"current_hp_per_floor":[63,63,63,63,60,60,50,50,50,48,34,34,32,26,26,16,57,32,13,0],"gold":421,"neow_bonus":"THREE_ENEMY_KILL","is_prod":false,"is_daily":false,"chose_seed":false,"campfire_upgraded":2,"win_rate":0,"timestamp":1549353292,"path_taken":["M","M","M","M","M","R","E","?","T","M","?","M","M","M","R","BOSS","M","M","M"],"build_version":"2019-01-23","purchased_purges":0,"victory":false,"max_hp_per_floor":[70,70,70,70,70,70,70,70,70,70,70,70,70,70,70,70,70,70,70,70],"card_choices":[{"not_picked":["Underhanded Strike","Bane"],"picked":"All Out Attack","floor":1},{"not_picked":["Choke","Acrobatics"],"picked":"Blade Dance","floor":2},{"not_picked":["Blade Dance","Dash"],"picked":"Cloak And Dagger","floor":3},{"not_picked":["Deadly Poison","Dagger Throw"],"picked":"Escape Plan","floor":4},{"not_picked":["Masterful Stab","Heel Hook"],"picked":"Dodge and Roll","floor":5},{"not_picked":["Dagger Spray","Grand Finale"],"picked":"Sucker Punch","floor":7},{"not_picked":["Predator","Skewer"],"picked":"Cloak And Dagger","floor":10},{"not_picked":["Sucker Punch","Quick Slash"],"picked":"Infinite Blades","floor":10},{"not_picked":["Backflip","Dodge and Roll"],"picked":"Cloak And Dagger","floor":12},{"not_picked":["Predator","Underhanded Strike","Deflect"],"picked":"SKIP","floor":12},{"not_picked":["Flechettes","Cloak And Dagger"],"picked":"Terror","floor":13},{"not_picked":["Dodge and Roll","Dagger Throw"],"picked":"Caltrops","floor":13},{"not_picked":["Underhanded Strike","Sucker Punch"],"picked":"Noxious Fumes","floor":14},{"not_picked":["Reflex","Bane","Tactician"],"picked":"SKIP","floor":14},{"not_picked":["Unload","Doppelganger"],"picked":"Burst","floor":16},{"not_picked":["Bane","Reflex"],"picked":"Caltrops+1","floor":18},{"not_picked":["Reflex","Dodge and Roll","Bane"],"picked":"SKIP","floor":18},{"not_picked":["Bane","Dagger Spray"],"picked":"Footwork","floor":19},{"not_picked":["Dagger Throw","Slice","Prepared"],"picked":"SKIP","floor":19}],"player_experience":390260,"relics_obtained":[{"floor":7,"key":"Prayer Wheel"},{"floor":9,"key":"Dream Catcher"}],"event_choices":[{"damage_healed":0,"gold_gain":0,"player_choice":"Searched \u00271\u0027 times","damage_taken":0,"relics_obtained":["Snake Skull"],"max_hp_gain":0,"max_hp_loss":0,"event_name":"Dead Adventurer","floor":8,"gold_loss":0},{"damage_healed":0,"gold_gain":0,"player_choice":"Entered Light","damage_taken":14,"max_hp_gain":0,"max_hp_loss":0,"event_name":"Shining Light","floor":11,"gold_loss":0,"cards_upgraded":["All Out Attack","Strike_G"]}],"is_beta":false,"boss_relics":[{"not_picked":["HoveringKite","Snecko Eye"],"picked":"Eternal Feather"}],"items_purged_floors":[],"is_endless":false,"potions_floor_spawned":[1,5,7,14,19],"killed_by":"Snake Plant","ascension_level":11}