{"gold_per_floor":[16,30,48,48,66,66,80,97,97,97,97,97,97,116,116,246,246,265,33,58,78,99,99,114,158,181,181,181,205,205,218,218,347,347,366,366,366,46,105,140,69,85,134,153,153,153,172,172,172,172],"floor_reached":51,"playtime":3859,"items_purged":["Strike_R","Strike_R"],"score":899,"play_id":"1638c5e7-2de1-4f5a-8555-72bcefe1aca2","local_time":"20190316163729","is_ascension_mode":true,"campfire_choices":[{"data":"1","floor":6,"key":"LIFT"},{"data":"2","floor":10,"key":"LIFT"},{"data":"3","floor":12,"key":"LIFT"},{"floor":15,"key":"REST"},{"floor":23,"key":"REST"},{"floor":28,"key":"REST"},{"floor":30,"key":"REST"},{"data":"True Grit","floor":32,"key":"SMITH"},{"data":"Apotheosis","floor":46,"key":"SMITH"},{"floor":49,"key":"REST"}],"neow_cost":"NO_GOLD","seed_source_timestamp":215452210624864,"circlet_count":0,"master_deck":["Strike_R+1","Strike_R+1","Strike_R+1","Defend_R+1","Defend_R+1","Defend_R+1","Defend_R+1","Bash+1","Inflame+1","Headbutt+1","True Grit+1","Limit Break+1","Limit Break+1","Heavy Blade+1","Shrug It Off+1","Disarm+1","Shrug It Off+1","Reaper+1","Madness+1","Madness+1","Apotheosis+1","True Grit+1","True Grit+1","Heavy Blade+1"],"relics":["Burning Blood","Girya","Omamori","Bottled Tornado","Golden Idol","Philosopher\u0027s Stone","Lantern","FossilizedHelix","Red Skull","Question Card","Busted Crown","StoneCalendar","Self Forming Clay","Bag of Preparation","Mark of the Bloom"],"potions_floor_usage":[7,8,21,25,31,33,39,42,42,47,50],"damage_taken":[{"damage":7,"enemies":"Jaw Worm","floor":1,"turns":5},{"damage":1,"enemies":"2 Louse","floor":2,"turns":4},{"damage":15,"enemies":"Small Slimes","floor":3,"turns":4},{"damage":2,"enemies":"Exordium Wildlife","floor":5,"turns":4},{"damage":8,"enemies":"Looter","floor":7,"turns":4},{"damage":5,"enemies":"3 Louse","floor":8,"turns":2},{"damage":16,"enemies":"Blue Slaver","floor":14,"turns":4},{"damage":17,"enemies":"Slime Boss","floor":16,"turns":9},{"damage":44,"enemies":"3 Byrds","floor":18,"turns":4},{"damage":19,"enemies":"2 Thieves","floor":20,"turns":3},{"damage":10,"enemies":"Snecko","floor":21,"turns":4},{"damage":7,"enemies":"Sentry and Sphere","floor":22,"turns":3},{"damage":0,"enemies":"Snake Plant","floor":24,"turns":2},{"damage":43,"enemies":"Book of Stabbing","floor":25,"turns":5},{"damage":5,"enemies":"Chosen and Byrds","floor":29,"turns":3},{"damage":15,"enemies":"Centurion and Healer","floor":31,"turns":3},{"damage":56,"enemies":"Automaton","floor":33,"turns":8},{"damage":26,"enemies":"3 Darklings","floor":35,"turns":6},{"damage":28,"enemies":"2 Orb Walkers","floor":39,"turns":3},{"damage":54,"enemies":"Nemesis","floor":40,"turns":5},{"damage":0,"enemies":"3 Shapes","floor":42,"turns":3},{"damage":0,"enemies":"Spire Growth","floor":44,"turns":3},{"damage":3,"enemies":"Jaw Worm Horde","floor":47,"turns":4},{"damage":19,"enemies":"Awakened One","floor":50,"turns":6}],"seed_played":"-6785425091713464114","potions_obtained":[{"floor":1,"key":"Weak Potion"},{"floor":5,"key":"BloodPotion"},{"floor":7,"key":"Explosive Potion"},{"floor":16,"key":"BloodPotion"},{"floor":21,"key":"Energy Potion"},{"floor":29,"key":"FearPotion"},{"floor":31,"key":"Ancient Potion"},{"floor":35,"key":"SpeedPotion"},{"floor":39,"key":"Explosive Potion"},{"floor":42,"key":"EssenceOfSteel"},{"floor":47,"key":"GamblersBrew"}],"is_trial":false,"path_per_floor":["M","M","M","?","M","R","M","M","T","R","?","R","?","M","R","B",null,"M","$","M","M","M","R","M","E","T","?","R","M","R","M","R","B",null,"M","?","?","$","?","E","$","M","T","M","?","R","M","?","R","B",null],"character_chosen":"IRONCLAD","items_purchased":["Lantern","Apotheosis","True Grit","BloodPotion"],"campfire_rested":5,"item_purchase_floors":[19,38,38,41],"current_hp_per_floor":[71,76,67,34,38,38,36,37,37,37,37,37,37,27,51,40,70,32,32,19,23,22,46,52,15,15,15,39,40,64,55,55,13,63,60,50,50,50,42,8,8,58,58,78,78,78,80,80,80,61],"gold":172,"neow_bonus":"ONE_RARE_RELIC","is_prod":false,"is_daily":false,"chose_seed":false,"campfire_upgraded":2,"win_rate":0,"timestamp":1552779449,"path_taken":["M","M","M","?","M","R","M","M","T","R","?","R","?","M","R","BOSS","M","$","M","M","M","R","M","E","T","?","R","M","R","M","R","BOSS","M","?","?","$","?","E","$","M","T","M","?","R","?","?","R","BOSS"],"build_version":"2019-01-23","purchased_purges":2,"victory":true,"max_hp_per_floor":[80,80,80,80,80,80,80,80,80,80,80,80,80,80,80,80,80,80,80,80,80,80,80,80,80,80,80,80,80,80,80,80,80,80,80,80,80,80,80,80,80,80,80,80,80,80,80,80,80,80],"card_choices":[{"not_picked":["Corruption","Wild Strike"],"picked":"Inflame","floor":1},{"not_picked":["Second Wind","Whirlwind"],"picked":"Headbutt","floor":2},{"not_picked":["Searing Blow","Wild Strike","Heavy Blade"],"picked":"SKIP","floor":3},{"not_picked":["Reckless Charge","Havoc"],"picked":"True Grit","floor":5},{"not_picked":["Havoc","Power Through","Entrench"],"picked":"SKIP","floor":7},{"not_picked":["Thunderclap","Body Slam"],"picked":"Limit Break","floor":8},{"not_picked":["Cleave","Hemokinesis","Rupture"],"picked":"SKIP","floor":14},{"not_picked":["Berserk","Brutality"],"picked":"Limit Break","floor":16},{"not_picked":["Searing Blow","Inflame"],"picked":"Heavy Blade","floor":18},{"not_picked":["Headbutt","Wild Strike","Infernal Blade"],"picked":"SKIP","floor":20},{"not_picked":["Wild Strike+1","Rampage"],"picked":"Shrug It Off+1","floor":21},{"not_picked":["Havoc+1","Anger","Berserk"],"picked":"SKIP","floor":22},{"not_picked":["Sword Boomerang","Spot Weakness"],"picked":"Disarm","floor":24},{"not_picked":["Cleave","Body Slam","Bloodletting"],"picked":"SKIP","floor":25},{"not_picked":["Body Slam","Wild Strike+1","Corruption+1","Spot Weakness"],"picked":"SKIP","floor":29},{"not_picked":["Twin Strike+1","Sever Soul","Body Slam"],"picked":"Shrug It Off","floor":31},{"not_picked":["Double Tap","Impervious","Offering"],"picked":"Reaper","floor":33},{"not_picked":["Perfected Strike+1","Sword Boomerang"],"picked":"SKIP","floor":35},{"not_picked":["Thunderclap+1"],"picked":"True Grit+1","floor":39},{"not_picked":["Spot Weakness+1","Hemokinesis"],"picked":"SKIP","floor":40},{"not_picked":["Disarm+1"],"picked":"Heavy Blade+1","floor":42},{"not_picked":["Flex","Clash"],"picked":"SKIP","floor":44},{"not_picked":["Clash+1","Feel No Pain"],"picked":"SKIP","floor":47}],"player_experience":353542,"relics_obtained":[{"floor":9,"key":"Bottled Tornado"},{"floor":25,"key":"FossilizedHelix"},{"floor":26,"key":"Red Skull"},{"floor":39,"key":"StoneCalendar"},{"floor":40,"key":"Self Forming Clay"},{"floor":43,"key":"Bag of Preparation"}],"event_choices":[{"damage_healed":0,"gold_gain":0,"player_choice":"Success","damage_taken":33,"relics_obtained":["Omamori"],"max_hp_gain":0,"max_hp_loss":0,"event_name":"Scrap Ooze","floor":4,"gold_loss":0},{"damage_healed":0,"gold_gain":0,"player_choice":"Take Wound","damage_taken":0,"relics_obtained":["Golden Idol"],"max_hp_gain":0,"max_hp_loss":0,"event_name":"Golden Idol","floor":11,"gold_loss":0,"cards_obtained":["Injury"]},{"damage_healed":0,"gold_gain":0,"player_choice":"Ignored","damage_taken":0,"max_hp_gain":0,"max_hp_loss":0,"event_name":"Liars Game","floor":13,"gold_loss":0},{"damage_healed":0,"gold_gain":0,"player_choice":"Opened","damage_taken":0,"relics_obtained":["Question Card"],"max_hp_gain":0,"max_hp_loss":0,"event_name":"The Mausoleum","floor":27,"gold_loss":0},{"damage_healed":0,"gold_gain":0,"player_choice":"Embrace Madness","damage_taken":10,"max_hp_gain":0,"max_hp_loss":0,"event_name":"Winding Halls","floor":36,"gold_loss":0,"cards_obtained":["Madness","Madness"]},{"damage_healed":0,"gold_gain":0,"player_choice":"Ignored","damage_taken":0,"max_hp_gain":0,"max_hp_loss":0,"event_name":"Tomb of Lord Red Mask","floor":37,"gold_loss":0},{"damage_healed":0,"gold_gain":0,"player_choice":"Fight","damage_taken":0,"max_hp_gain":0,"max_hp_loss":0,"event_name":"Mysterious Sphere","floor":39,"gold_loss":0},{"damage_healed":0,"gold_gain":0,"player_choice":"Memory 1","damage_taken":0,"max_hp_gain":0,"max_hp_loss":0,"event_name":"SensoryStone","floor":45,"gold_loss":0},{"damage_healed":0,"gold_gain":0,"player_choice":"Upgrade","damage_taken":0,"relics_obtained":["Mark of the Bloom"],"max_hp_gain":0,"max_hp_loss":0,"event_name":"MindBloom","floor":48,"gold_loss":0,"cards_upgraded":["Strike_R","Strike_R","Strike_R","Defend_R","Defend_R","Defend_R","Defend_R","Bash","Inflame","Headbutt","Limit Break","Limit Break","Heavy Blade","Disarm","Shrug It Off","Reaper","Madness","Madness","True Grit"]}],"is_beta":false,"boss_relics":[{"not_picked":["Tiny House","Lizard Tail"],"picked":"Philosopher\u0027s Stone"},{"not_picked":["Black Star","White Beast Statue"],"picked":"Busted Crown"}],"items_purged_floors":[19,38],"is_endless":false,"potions_floor_spawned":[1,5,7,16,21,29,31,35,39,42,47],"ascension_level":7}