{"path_per_floor":["M","?","?","?","M","E","?","M","T","R","M","E","R","M","R","B",null,"M","M","?","$","M","R","E","R","T","M","E","R","?","M","R","B",null,"M","M","$","?","?","R","E","M","T","M","?","R","$","E","R","B"],"character_chosen":"THE_SILENT","items_purchased":["PiercingWail","Outmaneuver","Footwork","Ancient Tea Set","Footwork","Oddly Smooth Stone","Frozen Egg"],"gold_per_floor":[109,109,184,184,202,229,179,189,189,189,208,233,233,245,245,345,345,363,381,381,205,215,215,244,244,244,257,283,283,198,208,208,311,311,330,342,7,7,353,353,383,402,452,471,471,471,6,38,38,38],"floor_reached":51,"campfire_rested":7,"playtime":9870,"current_hp_per_floor":[68,61,50,50,50,9,9,9,9,30,30,13,34,34,55,43,70,51,34,34,34,29,50,50,50,64,55,44,44,44,38,63,57,84,68,51,51,41,32,57,54,51,51,44,44,69,69,69,69,59],"items_purged":["Strike_G","Strike_G","Defend_G"],"gold":38,"play_id":"b2a7bac9-2527-45ca-8567-e61ac743946d","is_prod":false,"is_daily":false,"is_ascension_mode":false,"campfire_upgraded":3,"path_taken":["M","?","?","?","M","E","?","?","T","R","M","E","R","M","R","BOSS","M","M","?","$","M","R","E","R","T","M","E","R","?","?","R","BOSS","M","M","$","?","?","R","E","M","T","M","?","R","?","E","R","BOSS"],"build_version":"2018-01-25-PROD2","purchased_purges":5,"victory":true,"master_deck":["Defend_G+1","Defend_G+1","Survivor","Neutralize+1","Infinite Blades","Dagger Throw","Infinite Blades+1","Flying Knee","Tools of the Trade","Die Die Die+1","Flechettes+1","Tools of the Trade+1","Malaise+1","Dodge and Roll+1","Blade Dance+1","PiercingWail","Outmaneuver","Backflip","Prepared+1","Well Laid Plans+1","PiercingWail+1","Footwork+1","After Image","Escape Plan+1","Footwork+1","Madness","Madness","Choke+1","Footwork","Malaise"],"max_hp_per_floor":[70,70,70,70,70,70,70,70,70,70,70,70,70,70,70,70,70,70,70,70,70,70,70,70,70,84,84,84,84,84,84,84,84,84,84,84,84,84,84,84,84,84,84,84,84,84,84,84,84,84],"relics":["Ring of the Snake","Happy Flower","Tingsha","Paper Crane","Astrolabe","Letter Opener","Centennial Puzzle","Mango","Bottled Flame","Matryoshka","Black Star","Ancient Tea Set","Old Coin","Molten Egg","Juzu Bracelet","Kunai","Anchor","Oddly Smooth Stone","Frozen Egg","Pen Nib","War Paint"],"card_choices":[{"not_picked":["Prepared","Quick Slash"],"picked":"Infinite Blades"},{"not_picked":["Blur","Escape Plan"],"picked":"Dagger Throw"},{"not_picked":["Poisoned Stab","Flying Knee"],"picked":"Infinite Blades"},{"not_picked":["Dodge and Roll","Crippling Poison"],"picked":"Flying Knee"},{"not_picked":["Dodge and Roll","Poisoned Stab"],"picked":"Tools of the Trade"},{"not_picked":["Wraith Form","Burst"],"picked":"Die Die Die"},{"not_picked":["Poisoned Stab","Malaise"],"picked":"Dodge and Roll"},{"not_picked":["Sucker Punch","Well Laid Plans"],"picked":"Blade Dance"},{"not_picked":["Eviscerate","Riddle With Holes"],"picked":"Backflip"},{"not_picked":["Backflip","Deflect"],"picked":"Prepared"},{"not_picked":["Quick Slash","Eviscerate"],"picked":"Well Laid Plans"},{"not_picked":["Outmaneuver","Poisoned Stab"],"picked":"PiercingWail"},{"not_picked":["Well Laid Plans","Blade Dance"],"picked":"Footwork"},{"not_picked":["Glass Knife","Wraith Form"],"picked":"After Image"},{"not_picked":["Well Laid Plans","Venomology"],"picked":"Escape Plan"},{"not_picked":["Unload","Deflect"],"picked":"Prepared"},{"not_picked":["Calculated Gamble","Backflip"],"picked":"Choke"},{"not_picked":["Acrobatics","Blade Dance"],"picked":"Malaise"}],"player_experience":14762,"potions_floor_usage":[22,39,39,44],"damage_taken":[{"damage":2.0,"enemies":"Small Slimes","floor":1.0,"turns":5.0},{"damage":0.0,"enemies":"2 Louse","floor":5.0,"turns":3.0},{"damage":41.0,"enemies":"3 Sentries","floor":6.0,"turns":9.0},{"damage":0.0,"enemies":"Jaw Worm","floor":8.0,"turns":4.0},{"damage":0.0,"enemies":"3 Louse","floor":11.0,"turns":2.0},{"damage":17.0,"enemies":"Gremlin Nob","floor":12.0,"turns":4.0},{"damage":0.0,"enemies":"Large Slime","floor":14.0,"turns":4.0},{"damage":12.0,"enemies":"Slime Boss","floor":16.0,"turns":9.0},{"damage":19,"enemies":"2 Thieves","floor":18,"turns":4},{"damage":17,"enemies":"Spheric Guardian","floor":19,"turns":4},{"damage":5,"enemies":"3 Cultists","floor":22,"turns":5},{"damage":0,"enemies":"Gremlin Leader","floor":24,"turns":9},{"damage":9,"enemies":"Snecko","floor":27,"turns":6},{"damage":11,"enemies":"Slavers","floor":28,"turns":5},{"damage":6,"enemies":"Snake Plant","floor":31,"turns":4},{"damage":6,"enemies":"Automaton","floor":33,"turns":9},{"damage":16,"enemies":"3 Shapes","floor":35,"turns":6},{"damage":17,"enemies":"3 Darklings","floor":36,"turns":5},{"damage":21,"enemies":"Mysterious Sphere","floor":39,"turns":5},{"damage":3,"enemies":"Giant Head","floor":41,"turns":9},{"damage":3,"enemies":"4 Shapes","floor":42,"turns":5},{"damage":7,"enemies":"Maw","floor":44,"turns":8},{"damage":0,"enemies":"Nemesis","floor":48,"turns":7},{"damage":10,"enemies":"Donu and Deca","floor":50,"turns":10}],"event_choices":[{"event_name":"Golden Wing","player_choice":"Card Removal","floor":2.0,"damage_taken":0.0},{"event_name":"World of Goop","player_choice":"Gather Gold","floor":3.0,"damage_taken":0.0},{"event_name":"Liars Game","player_choice":"disagreed","floor":4.0,"damage_taken":0.0},{"event_name":"The Cleric","player_choice":"Card Removal","floor":7.0,"damage_taken":0.0},{"event_name":"The Mausoleum","player_choice":"Yes","floor":20,"damage_taken":0},{"event_name":"Addict","player_choice":"Obtained Relic","floor":30,"damage_taken":0},{"event_name":"Winding Halls","player_choice":"Embrace Madness","floor":38,"damage_taken":0},{"event_name":"Mysterious Sphere","player_choice":"Fight","floor":39,"damage_taken":0}],"boss_relics":[{"not_picked":["Tiny House","Runic Dome"],"picked":"Astrolabe"},{"not_picked":["Orrery","The Specimen"],"picked":"Black Star"}],"potions_floor_spawned":[6,11,16,22,27,33,36,41,44],"seed_played":"-6241384668864470516","ascension_level":0,"is_trial":false}