{"gold_per_floor":[116,127,49,49,59,59,91,91,117,132,151,151,151,183,183,260,260,260,22,22,22,22,22],"floor_reached":23,"playtime":1164,"items_purged":["Strike_R"],"score":444,"play_id":"8464d72c-34b4-46a4-bcbe-0a992e26049f","local_time":"20190312200809","is_ascension_mode":true,"campfire_choices":[{"data":"Barricade","floor":6,"key":"SMITH"},{"data":"Thunderclap","floor":8,"key":"SMITH"},{"floor":12,"key":"REST"},{"floor":15,"key":"REST"}],"neow_cost":"NONE","seed_source_timestamp":502458332505163,"circlet_count":0,"master_deck":["AscendersBane","Strike_R","Strike_R","Defend_R","Defend_R","Defend_R","Defend_R","Bash","Searing Blow","Clash","Barricade+1","Thunderclap+1","Ghostly Armor","Impervious","Iron Wave","Dropkick","Impervious","Feel No Pain","Metallicize","Impervious","Decay","Necronomicurse","Writhe"],"relics":["Burning Blood","NeowsBlessing","Bag of Marbles","Bronze Scales","Strawberry","Ectoplasm","Necronomicon","Juzu Bracelet"],"potions_floor_usage":[2,7,10,10,14,16,16,18,23,23,23],"damage_taken":[{"damage":0,"enemies":"Cultist","floor":1,"turns":1},{"damage":0,"enemies":"Small Slimes","floor":2,"turns":1},{"damage":0,"enemies":"2 Louse","floor":5,"turns":2},{"damage":50,"enemies":"3 Sentries","floor":7,"turns":11},{"damage":16,"enemies":"Exordium Thugs","floor":10,"turns":4},{"damage":10,"enemies":"Looter","floor":11,"turns":4},{"damage":0,"enemies":"Lagavulin","floor":14,"turns":7},{"damage":26,"enemies":"The Guardian","floor":16,"turns":11},{"damage":16,"enemies":"Spheric Guardian","floor":18,"turns":8},{"damage":54,"enemies":"Gremlin Leader","floor":23,"turns":7}],"seed_played":"-4325493693600951435","potions_obtained":[{"floor":1,"key":"EntropicBrew"},{"floor":7,"key":"EntropicBrew"},{"floor":14,"key":"Dexterity Potion"},{"floor":16,"key":"Block Potion"},{"floor":18,"key":"EntropicBrew"}],"is_trial":false,"path_per_floor":["M","M","$","?","M","R","E","R","T","M","M","R","?","E","R","B",null,"M","$","?","?","?","E"],"character_chosen":"IRONCLAD","items_purchased":["Barricade","Metallicize","Impervious"],"campfire_rested":2,"item_purchase_floors":[3,19,19],"current_hp_per_floor":[74,75,75,75,75,75,31,31,31,21,17,39,32,45,69,49,74,64,64,64,43,43,0],"gold":22,"neow_bonus":"THREE_ENEMY_KILL","is_prod":false,"is_daily":false,"chose_seed":false,"campfire_upgraded":2,"win_rate":0,"timestamp":1552442889,"path_taken":["M","?","$","?","M","R","E","R","T","M","?","R","?","E","R","BOSS","M","$","?","?","?","E"],"build_version":"2019-01-23","purchased_purges":1,"victory":false,"max_hp_per_floor":[75,75,75,75,75,75,75,75,75,75,75,75,75,82,82,82,82,82,82,82,82,82,82],"card_choices":[{"not_picked":["Pummel","Warcry"],"picked":"Searing Blow","floor":1},{"not_picked":["Heavy Blade","Rupture"],"picked":"Clash","floor":2},{"not_picked":["Searing Blow","Dropkick"],"picked":"Thunderclap","floor":5},{"not_picked":["Clash","Warcry"],"picked":"Ghostly Armor","floor":7},{"not_picked":["Headbutt","Heavy Blade"],"picked":"Impervious","floor":10},{"not_picked":["Infernal Blade","Thunderclap"],"picked":"Iron Wave","floor":11},{"not_picked":["Reckless Charge","Heavy Blade"],"picked":"Dropkick","floor":14},{"not_picked":["Berserk","Dark Embrace"],"picked":"Impervious","floor":16},{"not_picked":["Seeing Red","Sever Soul"],"picked":"Feel No Pain","floor":18}],"player_experience":1404364,"relics_obtained":[{"floor":7,"key":"Bag of Marbles"},{"floor":9,"key":"Bronze Scales"},{"floor":14,"key":"Strawberry"},{"floor":21,"key":"Necronomicon"}],"event_choices":[{"cards_removed":["Strike_R"],"damage_healed":0,"gold_gain":0,"player_choice":"Offered Basic","damage_taken":0,"max_hp_gain":0,"max_hp_loss":0,"event_name":"Bonfire Elementals","floor":4,"gold_loss":0},{"cards_removed":["Strike_R"],"damage_healed":0,"gold_gain":0,"player_choice":"Card Removal","damage_taken":7,"max_hp_gain":0,"max_hp_loss":0,"event_name":"Golden Wing","floor":13,"gold_loss":0},{"damage_healed":0,"gold_gain":0,"player_choice":"Smashed Altar","damage_taken":0,"max_hp_gain":0,"max_hp_loss":0,"event_name":"Forgotten Altar","floor":20,"gold_loss":0,"cards_obtained":["Decay"]},{"damage_healed":0,"gold_gain":0,"player_choice":"Obtained Book","damage_taken":21,"max_hp_gain":0,"max_hp_loss":0,"event_name":"Cursed Tome","floor":21,"gold_loss":0},{"damage_healed":0,"gold_gain":0,"player_choice":"Opened","damage_taken":0,"relics_obtained":["Juzu Bracelet"],"max_hp_gain":0,"max_hp_loss":0,"event_name":"The Mausoleum","floor":22,"gold_loss":0,"cards_obtained":["Writhe"]}],"is_beta":false,"boss_relics":[{"not_picked":["Runic Dome","Eternal Feather"],"picked":"Ectoplasm"}],"items_purged_floors":[19],"is_endless":false,"potions_floor_spawned":[1,7,14,16,18],"killed_by":"Gremlin Leader","ascension_level":20}