{"gold_per_floor":[111,111,127,147,163,228,228,253,278,104,54,54,70,70,70,166,166,179,179,56,56,56,56,69,69,114,125,142,142,142],"floor_reached":30,"playtime":1152,"items_purged":["Clumsy","Defend_G","Normality"],"score":238,"play_id":"d8381073-45b3-4ca5-ab52-feb106ebb24f","local_time":"20190102040601","is_ascension_mode":false,"campfire_choices":[{"floor":7,"key":"REST"},{"floor":15,"key":"REST"},{"data":"Noxious Fumes","floor":23,"key":"SMITH"},{"data":"Catalyst","floor":25,"key":"SMITH"},{"floor":29,"key":"REST"}],"neow_cost":"CURSE","seed_source_timestamp":1070013388024760,"circlet_count":0,"master_deck":["Defend_G+1","Defend_G","Defend_G","Strike_G","Strike_G","Strike_G","Strike_G","Strike_G+1","Survivor","Neutralize","Tools of the Trade","Predator","A Thousand Cuts","Flying Knee","Distraction+1","Dagger Spray+1","Poisoned Stab","Catalyst+1","Deflect+1","Night Terror+1","Noxious Fumes+1","Catalyst+1","Deadly Poison+1","Shame"],"relics":["Ring of the Snake","Tiny Chest","Smiling Mask","Whetstone","Toxic Egg 2","Cursed Key","Pear","Ancient Tea Set","War Paint"],"potions_floor_usage":[5,6,16,27,28],"damage_taken":[{"damage":0,"enemies":"2 Louse","floor":1,"turns":3},{"damage":0,"enemies":"Cultist","floor":3,"turns":4},{"damage":8,"enemies":"Jaw Worm","floor":4,"turns":4},{"damage":6,"enemies":"Large Slime","floor":5,"turns":6},{"damage":42,"enemies":"Lagavulin","floor":6,"turns":8},{"damage":14,"enemies":"3 Sentries","floor":8,"turns":6},{"damage":9,"enemies":"Exordium Thugs","floor":13,"turns":4},{"damage":12,"enemies":"Hexaghost","floor":16,"turns":9},{"damage":21,"enemies":"Spheric Guardian","floor":18,"turns":5},{"damage":14,"enemies":"Shell Parasite","floor":24,"turns":4},{"damage":18,"enemies":"Centurion and Healer","floor":27,"turns":5},{"damage":35,"enemies":"Shelled Parasite and Fungi","floor":28,"turns":4},{"damage":27,"enemies":"Slavers","floor":30,"turns":2}],"seed_played":"6884041892699802230","potions_obtained":[{"floor":3,"key":"LiquidBronze"},{"floor":4,"key":"EssenceOfSteel"},{"floor":5,"key":"Dexterity Potion"},{"floor":18,"key":"Fire Potion"},{"floor":24,"key":"Regen Potion"}],"is_trial":false,"path_per_floor":["M","?","M","M","M","E","R","E","T","$","$","T","M","?","R","B",null,"M","T","$","?","?","R","M","R","T","M","M","R","E"],"character_chosen":"THE_SILENT","items_purchased":["Poisoned Stab","Catalyst","Noxious Fumes"],"campfire_rested":3,"item_purchase_floors":[10,10,20],"current_hp_per_floor":[70,70,70,62,56,14,35,21,21,21,21,21,12,5,26,14,70,49,59,59,59,59,59,45,45,45,36,1,25,0],"gold":142,"neow_bonus":"THREE_RARE_CARDS","is_prod":false,"is_daily":false,"chose_seed":false,"campfire_upgraded":2,"win_rate":0,"timestamp":1546369561,"path_taken":["M","?","M","M","M","E","R","E","T","?","$","?","M","?","R","BOSS","M","?","$","?","?","R","M","R","T","M","?","R","E"],"build_version":"2018-12-20","purchased_purges":3,"victory":false,"max_hp_per_floor":[70,70,70,70,70,70,70,70,70,70,70,70,70,70,70,70,70,70,80,80,80,80,80,80,80,80,80,80,80,80],"card_choices":[{"not_picked":["Venomology","Bullet Time"],"picked":"Tools of the Trade","floor":0},{"not_picked":["Eviscerate","Riddle With Holes"],"picked":"Predator","floor":1},{"not_picked":["Deflect","Poisoned Stab"],"picked":"Flying Knee","floor":3},{"not_picked":["Poisoned Stab","Footwork"],"picked":"Distraction","floor":4},{"not_picked":["Underhanded Strike","Deflect","Dagger Spray"],"picked":"SKIP","floor":5},{"not_picked":["Underhanded Strike","Glass Knife"],"picked":"Dagger Spray","floor":6},{"not_picked":["Sucker Punch","Predator","Outmaneuver"],"picked":"SKIP","floor":8},{"not_picked":["Flying Knee","Dagger Throw"],"picked":"Deflect+1","floor":13},{"not_picked":["Unload","After Image"],"picked":"Night Terror+1","floor":16},{"not_picked":["Poisoned Stab","Deflect+1","Underhanded Strike"],"picked":"SKIP","floor":18},{"not_picked":["After Image","Crippling Poison+1"],"picked":"Deadly Poison+1","floor":24},{"not_picked":["Sucker Punch","Predator+1","Outmaneuver+1"],"picked":"SKIP","floor":27},{"not_picked":["Heel Hook","Dagger Throw","Acrobatics+1"],"picked":"SKIP","floor":28}],"player_experience":294017,"relics_obtained":[{"floor":6,"key":"Tiny Chest"},{"floor":8,"key":"Smiling Mask"},{"floor":9,"key":"Whetstone"},{"floor":12,"key":"Toxic Egg 2"},{"floor":19,"key":"Pear"},{"floor":26,"key":"War Paint"}],"event_choices":[{"damage_healed":0,"gold_gain":0,"cards_transformed":["Defend_G"],"player_choice":"Transformed","damage_taken":0,"max_hp_gain":0,"max_hp_loss":0,"event_name":"Transmorgrifier","floor":2,"gold_loss":0,"cards_obtained":["A Thousand Cuts"]},{"damage_healed":0,"gold_gain":0,"player_choice":"Damaged","damage_taken":7,"max_hp_gain":0,"max_hp_loss":0,"event_name":"Wheel of Change","floor":14,"gold_loss":0},{"damage_healed":0,"gold_gain":0,"player_choice":"Opened","damage_taken":0,"relics_obtained":["Ancient Tea Set"],"max_hp_gain":0,"max_hp_loss":0,"event_name":"The Mausoleum","floor":21,"gold_loss":0},{"damage_healed":0,"gold_gain":0,"player_choice":"Copied","damage_taken":0,"max_hp_gain":0,"max_hp_loss":0,"event_name":"Duplicator","floor":22,"gold_loss":0,"cards_obtained":["Catalyst"]}],"is_beta":false,"boss_relics":[{"not_picked":["Calling Bell","Snecko Eye"],"picked":"Cursed Key"}],"items_purged_floors":[10,11,20],"is_endless":false,"potions_floor_spawned":[3,4,5,18,24],"killed_by":"Slavers","ascension_level":0}