{"gold_per_floor":[113,63,63,63,23,56,75,75,132,132,56,68,68,84,84,214,214,237,237,254,15,15,15,38,38,61,61,75,88,100,111,111,214,214,225,241,61,71,81,81,96,109,190,203,17,17],"floor_reached":46,"playtime":2158,"items_purged":["Strike_G"],"score":539,"play_id":"19c3743a-be95-45c2-8358-ea09de48f601","local_time":"20190316023127","is_ascension_mode":true,"campfire_choices":[{"data":"Caltrops","floor":8.0,"key":"SMITH"},{"data":"All Out Attack","floor":10.0,"key":"SMITH"},{"data":"Neutralize","floor":15.0,"key":"SMITH"},{"data":"Footwork","floor":23.0,"key":"SMITH"},{"data":"Noxious Fumes","floor":25.0,"key":"SMITH"},{"data":"Dodge and Roll","floor":27.0,"key":"SMITH"},{"data":"Flechettes","floor":32,"key":"SMITH"},{"data":"Catalyst","floor":40,"key":"SMITH"}],"neow_cost":"NONE","seed_source_timestamp":0,"circlet_count":0,"master_deck":["Defend_G","Defend_G","Defend_G","Defend_G","Defend_G","Strike_G+1","Strike_G","Strike_G+1","Survivor","Neutralize+1","All Out Attack+1","Caltrops+1","Deadly Poison","Noxious Fumes+1","Dodge and Roll+1","Corpse Explosion","Footwork+1","Backflip","Injury","Clumsy","Flechettes+1","Adrenaline","Distraction","Catalyst+1","PiercingWail","Noxious Fumes+1","Parasite","Flechettes+1","Shame","Deadly Poison+1","Noxious Fumes"],"special_seed":0,"relics":["Ring of the Snake","Whetstone","Oddly Smooth Stone","Tiny Chest","Bloody Idol","Cursed Key","Art of War","Snake Skull","Pen Nib","Philosopher\u0027s Stone","Ninja Scroll","Regal Pillow"],"potions_floor_usage":[33,46],"damage_taken":[{"damage":0.0,"enemies":"2 Louse","floor":1.0,"turns":2.0},{"damage":12.0,"enemies":"3 Sentries","floor":6.0,"turns":6.0},{"damage":0.0,"enemies":"Small Slimes","floor":7.0,"turns":3.0},{"damage":0.0,"enemies":"Jaw Worm","floor":12.0,"turns":3.0},{"damage":0.0,"enemies":"3 Louse","floor":14.0,"turns":2.0},{"damage":4.0,"enemies":"Hexaghost","floor":16.0,"turns":8.0},{"damage":1.0,"enemies":"Chosen","floor":18.0,"turns":5.0},{"damage":15.0,"enemies":"2 Thieves","floor":20.0,"turns":3.0},{"damage":0.0,"enemies":"Centurion and Healer","floor":28.0,"turns":5.0},{"damage":5.0,"enemies":"Snake Plant","floor":29.0,"turns":4.0},{"damage":11.0,"enemies":"3 Cultists","floor":30.0,"turns":3.0},{"damage":15.0,"enemies":"Centurion and Healer","floor":31.0,"turns":6.0},{"damage":58,"enemies":"Champ","floor":33,"turns":12},{"damage":18,"enemies":"Orb Walker","floor":35,"turns":5},{"damage":0,"enemies":"3 Shapes","floor":36,"turns":1},{"damage":8,"enemies":"Jaw Worm Horde","floor":38,"turns":3},{"damage":20,"enemies":"4 Shapes","floor":39,"turns":3},{"damage":2,"enemies":"Writhing Mass","floor":41,"turns":5},{"damage":25,"enemies":"Maw","floor":42,"turns":7},{"damage":9,"enemies":"3 Darklings","floor":44,"turns":4},{"damage":44,"enemies":"Spire Growth","floor":46,"turns":5}],"seed_played":"1136160527156717569","potions_obtained":[{"floor":1.0,"key":"LiquidBronze"},{"floor":14.0,"key":"Energy Potion"},{"floor":20.0,"key":"Ancient Potion"},{"floor":28.0,"key":"Energy Potion"},{"floor":36,"key":"GhostInAJar"}],"is_trial":false,"path_per_floor":["M","?","?","$","$","E","M","R","T","R","$","M","?","M","R","B",null,"M","?","M","$","?","R","T","R","T","R","M","M","M","M","R","B",null,"M","M","$","M","M","R","M","M","T","M","$","M"],"character_chosen":"THE_SILENT","items_purchased":["Caltrops","Noxious Fumes","Footwork","Backflip","Art of War","Catalyst","PiercingWail","Noxious Fumes","Regal Pillow"],"campfire_rested":0,"item_purchase_floors":[5,11,21,21,21,37,37,45,45],"current_hp_per_floor":[70,70,75,75,75,63,63,63,63,63,63,63,45,45,45,41,75,74,74,69,69,69,69,74,74,75,75,75,75,69,59,59,6,75,62,67,67,64,49,49,52,32,37,33,33,0],"gold":17,"neow_bonus":"RANDOM_COMMON_RELIC","is_prod":false,"is_daily":false,"chose_seed":false,"campfire_upgraded":8,"win_rate":0,"timestamp":1552717887,"path_taken":["M","?","?","?","$","E","M","R","T","R","$","M","?","M","R","BOSS","M","?","M","$","?","R","?","R","T","R","?","M","?","M","R","BOSS","M","M","$","M","M","R","M","?","T","M","$","M"],"build_version":"2019-01-23","purchased_purges":1,"victory":false,"max_hp_per_floor":[70,70,75,75,75,75,75,75,75,75,75,75,75,75,75,75,75,75,75,75,75,75,75,75,75,75,75,75,75,75,75,75,75,75,75,75,75,75,75,75,75,75,75,75,75,75],"card_choices":[{"not_picked":["Setup","Underhanded Strike"],"picked":"All Out Attack","floor":1.0},{"not_picked":["Deflect","Blade Dance"],"picked":"Deadly Poison","floor":6.0},{"not_picked":["Dagger Spray","Calculated Gamble","Deflect"],"picked":"SKIP","floor":7.0},{"not_picked":["Prepared","Choke"],"picked":"Dodge and Roll","floor":12.0},{"not_picked":["Dagger Throw","Slice","Glass Knife"],"picked":"SKIP","floor":14.0},{"not_picked":["Die Die Die","Unload"],"picked":"Corpse Explosion","floor":16.0},{"not_picked":["Calculated Gamble","Bane+1","Flying Knee"],"picked":"SKIP","floor":18.0},{"not_picked":["Sucker Punch","Dagger Spray","Quick Slash"],"picked":"SKIP","floor":20.0},{"not_picked":["Finisher","Slice+1","Deflect"],"picked":"SKIP","floor":28.0},{"not_picked":["Bane+1","Sucker Punch","Dagger Spray"],"picked":"SKIP","floor":29.0},{"not_picked":["Choke","Skewer","Flying Knee"],"picked":"SKIP","floor":30.0},{"not_picked":["Choke","Skewer","Flying Knee"],"picked":"SKIP","floor":30.0},{"not_picked":["Outmaneuver","Flying Knee"],"picked":"Flechettes","floor":31.0},{"not_picked":["Storm of Steel","Wraith Form v2"],"picked":"Adrenaline","floor":33},{"not_picked":["Deflect","Acrobatics+1"],"picked":"Distraction","floor":35},{"not_picked":["Cloak And Dagger+1","Prepared","Endless Agony"],"picked":"SKIP","floor":36},{"not_picked":["Sucker Punch+1","Slice","Phantasmal Killer"],"picked":"SKIP","floor":38},{"not_picked":["Backflip+1","Bane"],"picked":"Noxious Fumes+1","floor":39},{"not_picked":["All Out Attack","Quick Slash","Expertise+1"],"picked":"SKIP","floor":41},{"not_picked":["Calculated Gamble","Prepared"],"picked":"Flechettes+1","floor":42},{"not_picked":["Cloak And Dagger","Reflex"],"picked":"Deadly Poison+1","floor":44}],"player_experience":1246842,"relics_obtained":[{"floor":6.0,"key":"Oddly Smooth Stone"},{"floor":9.0,"key":"Tiny Chest"},{"floor":24.0,"key":"Snake Skull"},{"floor":26.0,"key":"Pen Nib"},{"floor":43,"key":"Ninja Scroll"}],"event_choices":[{"cards_removed":["Strike_G"],"damage_healed":0.0,"max_hp_gain":0.0,"max_hp_loss":0.0,"gold_gain":0.0,"event_name":"The Cleric","player_choice":"Card Removal","floor":2.0,"gold_loss":50.0,"damage_taken":0.0},{"damage_healed":0.0,"max_hp_gain":5.0,"max_hp_loss":0.0,"gold_gain":0.0,"event_name":"Big Fish","player_choice":"Donut","floor":3.0,"gold_loss":0.0,"damage_taken":0.0},{"damage_healed":0.0,"max_hp_gain":0.0,"max_hp_loss":0.0,"gold_gain":0.0,"event_name":"Golden Idol","player_choice":"Take Damage","floor":13.0,"gold_loss":0.0,"damage_taken":18.0,"relics_obtained":["Golden Idol"]},{"damage_healed":0.0,"max_hp_gain":0.0,"max_hp_loss":0.0,"gold_gain":0.0,"event_name":"Forgotten Altar","player_choice":"Gave Idol","floor":19.0,"relics_lost":["Golden Idol"],"gold_loss":0.0,"damage_taken":0.0,"relics_obtained":["Bloody Idol"]},{"damage_healed":0.0,"max_hp_gain":0.0,"max_hp_loss":0.0,"gold_gain":0.0,"event_name":"Vampires","player_choice":"Ignored","floor":22.0,"gold_loss":0.0,"damage_taken":0.0}],"is_beta":false,"boss_relics":[{"not_picked":["White Beast Statue","Velvet Choker"],"picked":"Cursed Key"},{"not_picked":["Pandora\u0027s Box","Orrery"],"picked":"Philosopher\u0027s Stone"}],"items_purged_floors":[37],"is_endless":false,"potions_floor_spawned":[1,14,20,28,29,36,38,41],"killed_by":"Spire Growth","ascension_level":4}