{"gold_per_floor":[113,113,132,82,82,110,121,152,205,239,255,275,295,67,67,171,171,188,138,154,173,173,206,206,206,258,258,88,88,101,101,101,202,202,217,233,233],"floor_reached":37,"playtime":4667,"items_purged":["Defend_G","Strike_G"],"score":434,"play_id":"d44f6362-7d6c-4ff8-90ff-ec56327f07f5","local_time":"20190126141931","is_ascension_mode":false,"campfire_choices":[{"floor":15,"key":"REST"},{"floor":25,"key":"REST"},{"floor":27,"key":"REST"},{"floor":32,"key":"REST"}],"neow_cost":"NONE","seed_source_timestamp":1303548342333202,"circlet_count":0,"master_deck":["Defend_G+1","Defend_G+1","Strike_G","Strike_G","Survivor","Neutralize","Outmaneuver","Finisher","Poisoned Stab","Flying Knee","Blade Dance","Endless Agony","Finisher","Predator","Heel Hook","Skewer","Distraction","Doppelganger","Finisher+1","Outmaneuver","Slice+1","Die Die Die","Endless Agony","Escape Plan+1","Decay","Tools of the Trade","Infinite Blades","Eviscerate+1"],"relics":["Ring of the Snake","NeowsBlessing","Darkstone Periapt","Oddly Smooth Stone","Pen Nib","Dodecahedron","Sozu","Unceasing Top","Happy Flower","Empty Cage"],"potions_floor_usage":[8,16,23,35],"damage_taken":[{"damage":0,"enemies":"Small Slimes","floor":1,"turns":1},{"damage":0,"enemies":"Jaw Worm","floor":3,"turns":1},{"damage":0,"enemies":"Lagavulin","floor":6,"turns":1},{"damage":1,"enemies":"Cultist","floor":7,"turns":3},{"damage":10,"enemies":"3 Sentries","floor":8,"turns":11},{"damage":7,"enemies":"Lagavulin","floor":10,"turns":6},{"damage":1,"enemies":"Looter","floor":11,"turns":3},{"damage":13,"enemies":"Lots of Slimes","floor":12,"turns":3},{"damage":0,"enemies":"3 Louse","floor":13,"turns":2},{"damage":42,"enemies":"Hexaghost","floor":16,"turns":10},{"damage":10,"enemies":"Shell Parasite","floor":18,"turns":2},{"damage":0,"enemies":"Spheric Guardian","floor":20,"turns":2},{"damage":27,"enemies":"Snake Plant","floor":21,"turns":4},{"damage":31,"enemies":"Gremlin Leader","floor":23,"turns":5},{"damage":9,"enemies":"Shelled Parasite and Fungi","floor":30,"turns":3},{"damage":32,"enemies":"Champ","floor":33,"turns":8},{"damage":12,"enemies":"Orb Walker","floor":35,"turns":3},{"damage":29,"enemies":"3 Darklings","floor":36,"turns":4},{"damage":62,"enemies":"Transient","floor":37,"turns":5}],"seed_played":"674016282013031782","potions_obtained":[{"floor":3,"key":"Swift Potion"},{"floor":7,"key":"SkillPotion"},{"floor":10,"key":"Poison Potion"},{"floor":12,"key":"Dexterity Potion"},{"floor":16,"key":"Energy Potion"}],"is_trial":false,"path_per_floor":["M","?","M","?","?","E","M","E","T","E","M","M","M","$","R","B",null,"M","?","M","M","?","E","?","R","T","R","$","?","M","?","R","B",null,"M","M","M"],"character_chosen":"THE_SILENT","items_purchased":["Skewer","Distraction","Endless Agony"],"campfire_rested":4,"item_purchase_floors":[14,14,28],"current_hp_per_floor":[70,56,56,56,56,56,55,45,45,38,37,24,24,24,45,3,70,60,60,60,33,33,2,2,23,23,44,44,44,35,41,63,31,76,64,35,0],"gold":233,"neow_bonus":"THREE_ENEMY_KILL","is_prod":false,"is_daily":false,"chose_seed":false,"campfire_upgraded":0,"win_rate":0.0,"timestamp":1548530371,"path_taken":["M","?","M","?","?","E","?","E","T","E","M","M","?","$","R","BOSS","M","?","M","?","?","E","?","R","T","R","$","?","M","?","R","BOSS","M","M","M"],"build_version":"2019-01-23","purchased_purges":2,"victory":false,"max_hp_per_floor":[70,70,70,70,70,70,70,70,70,70,70,70,70,70,70,70,70,70,70,70,70,70,70,70,70,70,70,70,70,70,76,76,76,76,76,76,76],"card_choices":[{"not_picked":["Flechettes","Dagger Throw"],"picked":"Outmaneuver","floor":1},{"not_picked":["Sucker Punch","Quick Slash"],"picked":"Finisher","floor":3},{"not_picked":["All Out Attack","Dagger Spray"],"picked":"Poisoned Stab","floor":6},{"not_picked":["Infinite Blades","Slice"],"picked":"Flying Knee","floor":7},{"not_picked":["Poisoned Stab","Leg Sweep"],"picked":"Blade Dance","floor":8},{"not_picked":["Prepared","Choke"],"picked":"Endless Agony","floor":10},{"not_picked":["Poisoned Stab","Sucker Punch"],"picked":"Finisher","floor":11},{"not_picked":["Dagger Throw","Deadly Poison"],"picked":"Predator","floor":12},{"not_picked":["Outmaneuver","Slice"],"picked":"Heel Hook","floor":13},{"not_picked":["Glass Knife","Envenom"],"picked":"Doppelganger","floor":16},{"not_picked":["Quick Slash+1","Terror"],"picked":"Finisher+1","floor":18},{"not_picked":["Quick Slash","Prepared"],"picked":"Outmaneuver","floor":20},{"not_picked":["Deflect+1","Escape Plan"],"picked":"Slice+1","floor":21},{"not_picked":["All Out Attack","Skewer"],"picked":"Die Die Die","floor":23},{"not_picked":["Backflip","Flechettes"],"picked":"Escape Plan+1","floor":30},{"not_picked":["Wraith Form v2","Unload"],"picked":"Tools of the Trade","floor":33},{"not_picked":["Blur","Blade Dance"],"picked":"Infinite Blades","floor":35},{"not_picked":["Heel Hook","Skewer+1"],"picked":"Eviscerate+1","floor":36}],"player_experience":4392,"relics_obtained":[{"floor":6,"key":"Darkstone Periapt"},{"floor":8,"key":"Oddly Smooth Stone"},{"floor":9,"key":"Pen Nib"},{"floor":10,"key":"Dodecahedron"},{"floor":23,"key":"Unceasing Top"},{"floor":26,"key":"Happy Flower"}],"event_choices":[{"damage_healed":0,"gold_gain":0,"player_choice":"Entered Light","damage_taken":14,"max_hp_gain":0,"max_hp_loss":0,"event_name":"Shining Light","floor":2,"gold_loss":0,"cards_upgraded":["Defend_G","Defend_G"]},{"cards_removed":["Defend_G"],"damage_healed":0,"gold_gain":0,"player_choice":"Card Removal","damage_taken":0,"max_hp_gain":0,"max_hp_loss":0,"event_name":"The Cleric","floor":4,"gold_loss":50},{"cards_removed":["Defend_G"],"damage_healed":0,"gold_gain":0,"player_choice":"Forget","damage_taken":0,"max_hp_gain":0,"max_hp_loss":0,"event_name":"Living Wall","floor":5,"gold_loss":0},{"damage_healed":0,"gold_gain":0,"player_choice":"Bet on Murderer","damage_taken":0,"max_hp_gain":0,"max_hp_loss":0,"event_name":"The Joust","floor":19,"gold_loss":50},{"damage_healed":0,"gold_gain":0,"player_choice":"Ignored","damage_taken":0,"max_hp_gain":0,"max_hp_loss":0,"event_name":"The Mausoleum","floor":22,"gold_loss":0},{"damage_healed":0,"gold_gain":0,"player_choice":"Ignored","damage_taken":0,"max_hp_gain":0,"max_hp_loss":0,"event_name":"Ghosts","floor":24,"gold_loss":0},{"damage_healed":0,"gold_gain":0,"player_choice":"Ignored","damage_taken":0,"max_hp_gain":0,"max_hp_loss":0,"event_name":"Vampires","floor":29,"gold_loss":0},{"damage_healed":0,"gold_gain":0,"player_choice":"Smashed Altar","damage_taken":0,"max_hp_gain":0,"max_hp_loss":0,"event_name":"Forgotten Altar","floor":31,"gold_loss":0,"cards_obtained":["Decay"]}],"is_beta":false,"boss_relics":[{"not_picked":["WristBlade","Astrolabe"],"picked":"Sozu"},{"not_picked":["Lizard Tail","Calling Bell"],"picked":"Empty Cage"}],"items_purged_floors":[14,28],"is_endless":false,"potions_floor_spawned":[3,7,10,12,16,30,33,35],"killed_by":"Transient","ascension_level":0}