{"gold_per_floor":[118,118,181,231,245,4,22,22,46,46,7,92,142,173,173,173],"floor_reached":16,"playtime":545,"items_purged":[],"score":98,"play_id":"872e46bd-bb0e-47d0-ac1e-513c90afcc49","local_time":"20190203133538","is_ascension_mode":false,"campfire_choices":[{"data":"Coolheaded","floor":8,"key":"SMITH"},{"floor":10,"key":"RECALL"},{"data":"Static Discharge","floor":15,"key":"SMITH"}],"neow_cost":"NONE","seed_source_timestamp":191617553735394,"circlet_count":0,"master_deck":["Strike_B","Strike_B","Strike_B","Strike_B","Defend_B","Defend_B","Defend_B","Defend_B","Zap","Dualcast","Coolheaded+1","Ball Lightning","Static Discharge+1","Coolheaded","Rainbow"],"relics":["Cracked Core","NeowsBlessing","SsserpentHead","Golden Idol","Mummified Hand","Odd Mushroom","Letter Opener","Strawberry"],"potions_floor_usage":[12,16],"damage_taken":[{"damage":0,"enemies":"2 Louse","floor":1,"turns":1},{"damage":0,"enemies":"Cultist","floor":3,"turns":1},{"damage":0,"enemies":"Small Slimes","floor":5,"turns":1},{"damage":0,"enemies":"Blue Slaver","floor":7,"turns":4},{"damage":19,"enemies":"The Mushroom Lair","floor":12,"turns":4},{"damage":34,"enemies":"Gremlin Nob","floor":14,"turns":4},{"damage":23,"enemies":"The Guardian","floor":16,"turns":6}],"seed_played":"-4227885835056234858","potions_obtained":[{"floor":7,"key":"AttackPotion"},{"floor":14,"key":"SneckoOil"}],"is_trial":false,"path_per_floor":["M","?","M","?","M","$","M","R","T","R","$","?","T","E","R","B"],"character_chosen":"DEFECT","items_purchased":["Mummified Hand","Static Discharge"],"campfire_rested":0,"item_purchase_floors":[6,11],"current_hp_per_floor":[75,75,75,69,69,69,69,69,69,69,69,50,50,23,23,0],"gold":173,"neow_bonus":"THREE_ENEMY_KILL","is_prod":false,"is_daily":false,"chose_seed":false,"campfire_upgraded":2,"win_rate":0,"timestamp":1549218938,"path_taken":["M","?","?","?","M","$","M","R","T","R","$","?","?","E","R","BOSS"],"build_version":"2019-01-23","purchased_purges":0,"victory":false,"max_hp_per_floor":[75,75,75,69,69,69,69,69,69,69,69,69,69,76,76,76],"card_choices":[{"not_picked":["Rebound","Doom and Gloom"],"picked":"Coolheaded","floor":1},{"not_picked":["Leap","Tempest"],"picked":"Ball Lightning","floor":3},{"not_picked":["Steam Power","Ball Lightning","Redo"],"picked":"SKIP","floor":5},{"not_picked":["Hologram","Cold Snap","Stack"],"picked":"SKIP","floor":7},{"not_picked":["Go for the Eyes","Steam"],"picked":"Coolheaded","floor":12},{"not_picked":["Lockon","Rebound"],"picked":"Rainbow","floor":14}],"player_experience":145347,"relics_obtained":[{"floor":12,"key":"Odd Mushroom"},{"floor":13,"key":"Letter Opener"},{"floor":14,"key":"Strawberry"}],"event_choices":[{"damage_healed":0,"gold_gain":0,"player_choice":"Trade","damage_taken":0,"relics_obtained":["SsserpentHead"],"max_hp_gain":0,"max_hp_loss":0,"event_name":"FaceTrader","floor":2,"gold_loss":0},{"damage_healed":0,"gold_gain":0,"player_choice":"Lose Max HP","damage_taken":0,"relics_obtained":["Golden Idol"],"max_hp_gain":0,"max_hp_loss":6,"event_name":"Golden Idol","floor":4,"gold_loss":0},{"damage_healed":0,"gold_gain":0,"player_choice":"Fought Mushrooms","damage_taken":0,"max_hp_gain":0,"max_hp_loss":0,"event_name":"Mushrooms","floor":12,"gold_loss":0}],"is_beta":false,"boss_relics":[],"items_purged_floors":[],"is_endless":false,"potions_floor_spawned":[7,14],"killed_by":"The Guardian","ascension_level":0}