{"gold_per_floor":[111,111,127,148,161,174,174,217,217,235,271,271,295,316,316,440,440,455,474,286,299,323,323,323,323,323,351,380,127,127,147,147,147],"floor_reached":33,"playtime":1774,"items_purged":["Strike_R","Strike_R"],"score":376,"play_id":"c8355989-4440-4333-bc5e-b1d81bd20c74","local_time":"20190309124128","is_ascension_mode":true,"campfire_choices":[{"floor":12,"key":"REST"},{"data":"True Grit","floor":15,"key":"SMITH"},{"data":"Bash","floor":23,"key":"SMITH"},{"data":"Disarm","floor":32,"key":"SMITH"}],"neow_cost":"TEN_PERCENT_HP_LOSS","seed_source_timestamp":1713255142105275,"circlet_count":0,"master_deck":["Strike_R","Defend_R","Defend_R","Defend_R","Defend_R","Bash+1","Metallicize","Wild Strike","Iron Wave","Inflame","Clothesline","Disarm+1","True Grit+1","Twin Strike","Iron Wave","Offering","Intimidate","Spot Weakness","Flame Barrier","Heavy Blade","Ghostly Armor","Dropkick","Ghostly","Ghostly","Ghostly","Ghostly","Ghostly"],"relics":["Burning Blood","Bloody Idol","Pantograph","Pen Nib","Bottled Flame","Ginger","Anchor","Busted Crown","The Courier","MawBank","Membership Card"],"potions_floor_usage":[11,11,21,27,33,33,33],"damage_taken":[{"damage":4,"enemies":"Small Slimes","floor":1,"turns":4},{"damage":6,"enemies":"2 Louse","floor":3,"turns":5},{"damage":0,"enemies":"Jaw Worm","floor":4,"turns":4},{"damage":10,"enemies":"2 Fungi Beasts","floor":5,"turns":5},{"damage":5,"enemies":"Blue Slaver","floor":6,"turns":5},{"damage":22,"enemies":"3 Sentries","floor":8,"turns":12},{"damage":5,"enemies":"Looter","floor":10,"turns":4},{"damage":20,"enemies":"Lagavulin","floor":11,"turns":8},{"damage":7,"enemies":"Exordium Thugs","floor":14,"turns":3},{"damage":31,"enemies":"The Guardian","floor":16,"turns":16},{"damage":10,"enemies":"2 Thieves","floor":18,"turns":4},{"damage":9,"enemies":"3 Byrds","floor":19,"turns":6},{"damage":14,"enemies":"Cultist and Chosen","floor":21,"turns":6},{"damage":11,"enemies":"3 Cultists","floor":22,"turns":6},{"damage":18,"enemies":"Slavers","floor":27,"turns":6},{"damage":12,"enemies":"Snake Plant","floor":28,"turns":5},{"damage":6,"enemies":"Snecko","floor":31,"turns":6},{"damage":51,"enemies":"Automaton","floor":33,"turns":8}],"seed_played":"-6096737093678542646","potions_obtained":[{"floor":4,"key":"GamblersBrew"},{"floor":5,"key":"Regen Potion"},{"floor":6,"key":"Weak Potion"},{"floor":11,"key":"SteroidPotion"},{"floor":14,"key":"Fire Potion"},{"floor":16,"key":"BloodPotion"},{"floor":28,"key":"Regen Potion"},{"floor":31,"key":"AttackPotion"}],"is_trial":false,"path_per_floor":["M","?","M","M","M","M","?","E","T","M","E","R","T","M","R","B",null,"M","M","$","M","M","R","?","?","T","E","M","$","?","M","R","B"],"character_chosen":"IRONCLAD","items_purchased":["Intimidate","Spot Weakness","Membership Card","Ghostly Armor","Dropkick"],"campfire_rested":1,"item_purchase_floors":[20,20,29,29,29],"current_hp_per_floor":[72,54,54,60,56,57,45,29,29,30,31,52,52,51,51,47,66,62,59,59,51,46,46,46,46,46,39,43,48,36,36,36,0],"gold":147,"neow_bonus":"REMOVE_TWO","is_prod":false,"is_daily":false,"chose_seed":false,"campfire_upgraded":3,"win_rate":0,"timestamp":1552153288,"path_taken":["M","?","M","M","M","M","?","E","T","M","E","R","?","M","R","BOSS","M","M","$","M","M","R","?","?","T","E","M","$","?","M","R","BOSS"],"build_version":"2019-01-23","purchased_purges":2,"victory":false,"max_hp_per_floor":[72,72,72,72,72,72,72,72,72,72,72,72,72,72,72,72,72,72,72,72,72,72,72,72,72,72,72,72,72,36,36,36,36],"card_choices":[{"not_picked":["Sword Boomerang","Thunderclap"],"picked":"Metallicize","floor":1},{"not_picked":["Anger","Sentinel"],"picked":"Wild Strike","floor":3},{"not_picked":["Reckless Charge","Wild Strike"],"picked":"Iron Wave","floor":4},{"not_picked":["Heavy Blade","Blood for Blood"],"picked":"Inflame","floor":5},{"not_picked":["Havoc","Fire Breathing"],"picked":"Clothesline","floor":6},{"not_picked":["Infernal Blade","Anger"],"picked":"Disarm","floor":8},{"not_picked":["Warcry","Sword Boomerang"],"picked":"True Grit","floor":10},{"not_picked":["Uppercut","Dual Wield"],"picked":"Twin Strike","floor":11},{"not_picked":["Thunderclap","Clash"],"picked":"Iron Wave","floor":14},{"not_picked":["Exhume","Bludgeon"],"picked":"Offering","floor":16},{"not_picked":["Sword Boomerang"],"picked":"SKIP","floor":18},{"not_picked":["Entrench"],"picked":"SKIP","floor":19},{"not_picked":["Twin Strike"],"picked":"SKIP","floor":21},{"not_picked":["Perfected Strike+1"],"picked":"SKIP","floor":22},{"not_picked":["Havoc"],"picked":"SKIP","floor":27},{"not_picked":[],"picked":"Heavy Blade","floor":28},{"not_picked":["Anger+1"],"picked":"SKIP","floor":31}],"player_experience":279575,"relics_obtained":[{"floor":8,"key":"Pen Nib"},{"floor":9,"key":"Bottled Flame"},{"floor":11,"key":"Ginger"},{"floor":13,"key":"Anchor"},{"floor":26,"key":"The Courier"},{"floor":27,"key":"MawBank"}],"event_choices":[{"damage_healed":0,"gold_gain":0,"player_choice":"Take Damage","damage_taken":18,"relics_obtained":["Golden Idol"],"max_hp_gain":0,"max_hp_loss":0,"event_name":"Golden Idol","floor":2,"gold_loss":0},{"damage_healed":0,"gold_gain":0,"player_choice":"Success","damage_taken":12,"relics_obtained":["Pantograph"],"max_hp_gain":0,"max_hp_loss":0,"event_name":"Scrap Ooze","floor":7,"gold_loss":0},{"damage_healed":0,"gold_gain":0,"player_choice":"Gave Idol","damage_taken":0,"relics_obtained":["Bloody Idol"],"max_hp_gain":0,"max_hp_loss":0,"event_name":"Forgotten Altar","floor":24,"relics_lost":["Golden Idol"],"gold_loss":0},{"damage_healed":0,"gold_gain":0,"player_choice":"Read","damage_taken":0,"max_hp_gain":0,"max_hp_loss":0,"event_name":"The Library","floor":25,"gold_loss":0,"cards_obtained":["Flame Barrier"]},{"damage_healed":0,"gold_gain":0,"player_choice":"Became a Ghost","damage_taken":0,"max_hp_gain":0,"max_hp_loss":36,"event_name":"Ghosts","floor":30,"gold_loss":0,"cards_obtained":["Ghostly","Ghostly","Ghostly","Ghostly","Ghostly"]}],"is_beta":false,"boss_relics":[{"not_picked":["Orrery","Runic Cube"],"picked":"Busted Crown"}],"items_purged_floors":[20,29],"is_endless":false,"potions_floor_spawned":[4,5,6,11,14,16,28,31],"killed_by":"Automaton","ascension_level":5}