{"gold_per_floor":[112,21,31,49,59,92,92,125,178,193,92,106,131,131,131,232,232,244,259,259,271,283,283,303,303,303,330,330],"floor_reached":28,"playtime":4392,"items_purged":["Defend_R"],"score":277,"play_id":"75c5f44f-6b4e-4883-844e-2b6c357b802e","local_time":"20190126130113","is_ascension_mode":false,"campfire_choices":[{"data":"Searing Blow","floor":7,"key":"SMITH"},{"floor":15,"key":"REST"},{"data":"Infernal Blade","floor":23,"key":"SMITH"},{"data":"Reaper","floor":25,"key":"SMITH"}],"neow_cost":"","seed_source_timestamp":1299124735269427,"circlet_count":0,"master_deck":["Strike_R","Strike_R","Strike_R","Strike_R","Strike_R","Defend_R+1","Defend_R+1","Defend_R","Bash","Perfected Strike+1","Warcry","Shrug It Off","Armaments","Clothesline","Clash","Searing Blow+1","Perfected Strike+1","Perfected Strike","Iron Wave","Reaper+1","Perfected Strike","Decay","Feed","Body Slam+1","Infernal Blade+1","Clash","Offering","Body Slam","Feed"],"relics":["Black Blood","Blood Vial","Self Forming Clay","Whetstone","Odd Mushroom","Matryoshka","Darkstone Periapt","War Paint","StoneCalendar"],"potions_floor_usage":[12,28,28],"damage_taken":[{"damage":11,"enemies":"Jaw Worm","floor":1,"turns":4},{"damage":0,"enemies":"Small Slimes","floor":3,"turns":3},{"damage":10,"enemies":"Cultist","floor":4,"turns":4},{"damage":17,"enemies":"Exordium Thugs","floor":5,"turns":6},{"damage":13,"enemies":"3 Sentries","floor":6,"turns":7},{"damage":44,"enemies":"Gremlin Nob","floor":8,"turns":5},{"damage":0,"enemies":"3 Louse","floor":10,"turns":3},{"damage":2,"enemies":"Blue Slaver","floor":12,"turns":2},{"damage":2,"enemies":"The Mushroom Lair","floor":13,"turns":4},{"damage":42,"enemies":"The Guardian","floor":16,"turns":10},{"damage":23,"enemies":"3 Byrds","floor":18,"turns":6},{"damage":19,"enemies":"Shell Parasite","floor":19,"turns":4},{"damage":8,"enemies":"Snecko","floor":21,"turns":3},{"damage":26,"enemies":"3 Cultists","floor":22,"turns":5},{"damage":24,"enemies":"Cultist and Chosen","floor":24,"turns":5},{"damage":50,"enemies":"Gremlin Leader","floor":27,"turns":5},{"damage":11,"enemies":"Colosseum Slavers","floor":28,"turns":2},{"damage":37,"enemies":"Colosseum Nobs","floor":28,"turns":5}],"seed_played":"5606140760783910850","potions_obtained":[{"floor":4,"key":"Weak Potion"},{"floor":5,"key":"EssenceOfSteel"},{"floor":6,"key":"EssenceOfSteel"},{"floor":10,"key":"LiquidBronze"},{"floor":18,"key":"AttackPotion"}],"is_trial":false,"path_per_floor":["M","$","M","M","M","E","R","E","T","M","$","M","?","?","R","B",null,"M","M","T","M","M","R","M","R","T","E","?"],"character_chosen":"IRONCLAD","items_purchased":["Warcry","Shrug It Off","Iron Wave"],"campfire_rested":1,"item_purchase_floors":[2,2,11],"current_hp_per_floor":[75,75,80,76,65,58,58,22,22,30,30,36,42,42,66,32,80,73,70,70,74,63,63,62,62,62,24,0],"gold":330,"neow_bonus":"","is_prod":false,"is_daily":false,"chose_seed":false,"campfire_upgraded":3,"win_rate":0.0,"timestamp":1548525673,"path_taken":["M","$","M","M","M","E","R","E","T","M","$","M","?","?","R","BOSS","M","?","?","M","M","R","M","R","T","E","?"],"build_version":"2019-01-23","purchased_purges":1,"victory":false,"max_hp_per_floor":[80,80,80,80,80,80,80,80,80,80,80,80,80,80,80,80,80,83,87,87,87,90,90,93,93,93,93,93],"card_choices":[{"not_picked":["True Grit","Anger"],"picked":"Perfected Strike","floor":1},{"not_picked":["Thunderclap","Ghostly Armor"],"picked":"Armaments","floor":3},{"not_picked":["Iron Wave","Anger"],"picked":"Clothesline","floor":4},{"not_picked":["Anger","Corruption"],"picked":"Clash","floor":5},{"not_picked":["Rupture","Pummel"],"picked":"Searing Blow","floor":6},{"not_picked":["Sword Boomerang","True Grit"],"picked":"Perfected Strike","floor":8},{"not_picked":["Body Slam","Combust"],"picked":"Perfected Strike","floor":10},{"not_picked":["Corruption","Thunderclap"],"picked":"Reaper","floor":12},{"not_picked":["Shrug It Off","Power Through"],"picked":"Perfected Strike","floor":13},{"not_picked":["Barricade","Fiend Fire"],"picked":"Feed","floor":16},{"not_picked":["Sword Boomerang","Cleave"],"picked":"Body Slam+1","floor":18},{"not_picked":["Headbutt","Warcry"],"picked":"Infernal Blade","floor":19},{"not_picked":["Anger","Combust"],"picked":"Clash","floor":21},{"not_picked":["Battle Trance","Clash"],"picked":"Offering","floor":22},{"not_picked":["Flex","Uppercut"],"picked":"Body Slam","floor":24},{"not_picked":["Pommel Strike","Corruption"],"picked":"Feed","floor":27}],"player_experience":0,"relics_obtained":[{"floor":6,"key":"Blood Vial"},{"floor":8,"key":"Self Forming Clay"},{"floor":9,"key":"Whetstone"},{"floor":13,"key":"Odd Mushroom"},{"floor":20,"key":"Matryoshka"},{"floor":26,"key":"Darkstone Periapt"},{"floor":26,"key":"War Paint"},{"floor":27,"key":"StoneCalendar"}],"event_choices":[{"damage_healed":0,"gold_gain":0,"player_choice":"Fought Mushrooms","damage_taken":0,"max_hp_gain":0,"max_hp_loss":0,"event_name":"Mushrooms","floor":13,"gold_loss":0},{"damage_healed":0,"gold_gain":0,"player_choice":"Cursed","damage_taken":0,"max_hp_gain":0,"max_hp_loss":0,"event_name":"Wheel of Change","floor":14,"gold_loss":0,"cards_obtained":["Decay"]},{"damage_healed":0,"gold_gain":0,"player_choice":"Fight","damage_taken":0,"max_hp_gain":0,"max_hp_loss":0,"event_name":"Colosseum","floor":28,"gold_loss":0},{"damage_healed":0,"gold_gain":0,"player_choice":"Fought Nobs","damage_taken":0,"max_hp_gain":0,"max_hp_loss":0,"event_name":"Colosseum","floor":28,"gold_loss":0}],"is_beta":false,"boss_relics":[{"not_picked":["Busted Crown","Runic Cube"],"picked":"Black Blood"}],"items_purged_floors":[11],"is_endless":false,"potions_floor_spawned":[4,5,6,10,18,22,28],"killed_by":"Colosseum Nobs","ascension_level":0}