{"gold_per_floor":[368,381,381,394,32,66,81,81,136,197,209,239,286,278],"floor_reached":14,"playtime":1264,"items_purged":[],"score":200,"play_id":"34836c08-dc2c-4735-b266-2ca73e9db737","local_time":"20190314201608","is_ascension_mode":true,"campfire_choices":[],"neow_cost":"TEN_PERCENT_HP_LOSS","seed_source_timestamp":113749131264639,"circlet_count":0,"master_deck":["AscendersBane","Strike_R","Strike_R","Strike_R","Strike_R","Defend_R","Defend_R","Defend_R","Defend_R","Bash","Heavy Blade","Inflame","Pommel Strike","Shrug It Off","Seeing Red","Armaments","True Grit","Pommel Strike"],"relics":["Burning Blood","Torii","Self Forming Clay","MawBank","Blood Vial","Art of War"],"potions_floor_usage":[6,7],"damage_taken":[{"damage":23,"enemies":"Small Slimes","floor":1,"turns":5},{"damage":11,"enemies":"Jaw Worm","floor":2,"turns":5},{"damage":14,"enemies":"2 Louse","floor":4,"turns":3},{"damage":35,"enemies":"Lagavulin","floor":6,"turns":7},{"damage":3,"enemies":"Lots of Slimes","floor":7,"turns":5},{"damage":2,"enemies":"Large Slime","floor":12,"turns":7},{"damage":22,"enemies":"3 Sentries","floor":13,"turns":12},{"damage":18,"enemies":"Exordium Thugs","floor":14,"turns":1}],"seed_played":"641938631014624886","potions_obtained":[{"floor":2,"key":"Strength Potion"},{"floor":6,"key":"Weak Potion"},{"floor":13,"key":"Dexterity Potion"}],"is_trial":false,"path_per_floor":["M","M","?","M","$","E","M","?","T","T","$","M","E","M"],"character_chosen":"IRONCLAD","items_purchased":["Torii","Shrug It Off"],"campfire_rested":0,"item_purchase_floors":[5,5],"current_hp_per_floor":[51,46,46,38,38,9,12,17,17,17,17,23,9,0],"gold":278,"neow_bonus":"TWO_FIFTY_GOLD","is_prod":false,"is_daily":false,"chose_seed":false,"campfire_upgraded":0,"win_rate":0,"timestamp":1552587368,"path_taken":["M","M","?","M","$","E","M","?","T","?","?","?","E","M"],"build_version":"2019-02-06","purchased_purges":0,"victory":false,"max_hp_per_floor":[68,68,68,68,68,68,68,73,73,73,73,73,73,73],"card_choices":[{"not_picked":["Rupture","Sentinel"],"picked":"Heavy Blade","floor":1},{"not_picked":["Rampage","Body Slam"],"picked":"Inflame","floor":2},{"not_picked":["Sever Soul","Twin Strike"],"picked":"Pommel Strike","floor":4},{"not_picked":["Body Slam","Thunderclap"],"picked":"Seeing Red","floor":6},{"not_picked":["Perfected Strike","Clash"],"picked":"Armaments","floor":7},{"not_picked":["Anger","Headbutt"],"picked":"True Grit","floor":12},{"not_picked":["Headbutt","Dark Embrace"],"picked":"Pommel Strike","floor":13}],"player_experience":682586,"relics_obtained":[{"floor":6,"key":"Self Forming Clay"},{"floor":9,"key":"MawBank"},{"floor":10,"key":"Blood Vial"},{"floor":13,"key":"Art of War"}],"event_choices":[{"cards_removed":["Strike_R"],"damage_healed":0,"gold_gain":0,"player_choice":"Forget","damage_taken":0,"max_hp_gain":0,"max_hp_loss":0,"event_name":"Living Wall","floor":3,"gold_loss":0},{"damage_healed":0,"gold_gain":0,"player_choice":"Donut","damage_taken":0,"max_hp_gain":5,"max_hp_loss":0,"event_name":"Big Fish","floor":8,"gold_loss":0}],"is_beta":true,"boss_relics":[],"items_purged_floors":[],"is_endless":false,"potions_floor_spawned":[2,6,13],"killed_by":"Exordium Thugs","ascension_level":20}