{"gold_per_floor":[112,112,123,143,155,155,184,194,276,305,319,330,356,375,375,452,452,463,463,233,244,31,65,83,115,115,142,142,155,170,196,196,270,270,289,289,338,348,348,383,43,57,57,87,87,97,97,131,131,131],"floor_reached":51,"playtime":3853,"items_purged":["Strike_G","Strike_G"],"score":1642,"play_id":"ca039028-a387-4791-b971-48eb553d1fa0","local_time":"20190216184500","is_ascension_mode":true,"campfire_choices":[{"data":"Neutralize","floor":6,"key":"SMITH"},{"data":"Bouncing Flask","floor":15,"key":"SMITH"},{"data":"Wraith Form v2","floor":28,"key":"SMITH"},{"data":"Night Terror","floor":32,"key":"SMITH"},{"data":"1","floor":47,"key":"LIFT"},{"data":"2","floor":49,"key":"LIFT"}],"neow_cost":"NONE","seed_source_timestamp":24010904137908,"circlet_count":0,"master_deck":["AscendersBane","Defend_G+1","Defend_G+1","Defend_G+1","Defend_G+1","Strike_G+1","Strike_G+1","Strike_G+1","Survivor+1","Neutralize+1","Leg Sweep+1","Backstab+1","Slice+1","Well Laid Plans+1","Bouncing Flask+1","Dagger Spray+1","Wraith Form v2+1","Skewer+1","Dagger Throw+1","Night Terror+1","Distraction+1","Terror+1","Bouncing Flask+1","Adrenaline+1","Catalyst+1","Quick Slash+1","Unload+1","Concentrate+1","Master of Strategy+1"],"relics":["Ring of the Snake","NeowsBlessing","Dream Catcher","The Courier","Bird Faced Urn","Lantern","Velvet Choker","Sling","Meat on the Bone","Pocketwatch","Snake Skull","Bag of Marbles","Molten Egg 2","Cursed Key","Girya","Pen Nib","Chemical X","Oddly Smooth Stone","Mark of the Bloom","Potion Belt"],"potions_floor_usage":[7,7,7,10,13,16,22,23,25,31,33,40,42,50],"damage_taken":[{"damage":0,"enemies":"Jaw Worm","floor":1,"turns":1},{"damage":0,"enemies":"Cultist","floor":3,"turns":1},{"damage":0,"enemies":"Small Slimes","floor":4,"turns":1},{"damage":0,"enemies":"2 Fungi Beasts","floor":5,"turns":4},{"damage":14,"enemies":"3 Sentries","floor":7,"turns":12},{"damage":7,"enemies":"Exordium Wildlife","floor":8,"turns":4},{"damage":26,"enemies":"Gremlin Nob","floor":10,"turns":4},{"damage":3,"enemies":"3 Louse","floor":11,"turns":3},{"damage":5,"enemies":"Blue Slaver","floor":12,"turns":2},{"damage":7,"enemies":"Lagavulin","floor":13,"turns":8},{"damage":0,"enemies":"Exordium Wildlife","floor":14,"turns":2},{"damage":31,"enemies":"The Guardian","floor":16,"turns":12},{"damage":19,"enemies":"2 Thieves","floor":18,"turns":3},{"damage":25,"enemies":"3 Byrds","floor":21,"turns":7},{"damage":25,"enemies":"Book of Stabbing","floor":23,"turns":6},{"damage":2,"enemies":"Snecko","floor":24,"turns":5},{"damage":22,"enemies":"Gremlin Leader","floor":25,"turns":7},{"damage":11,"enemies":"Book of Stabbing","floor":27,"turns":4},{"damage":1,"enemies":"Cultist and Chosen","floor":29,"turns":5},{"damage":6,"enemies":"Sentry and Sphere","floor":30,"turns":3},{"damage":2,"enemies":"Slavers","floor":31,"turns":4},{"damage":9,"enemies":"Automaton","floor":33,"turns":10},{"damage":8,"enemies":"3 Darklings","floor":35,"turns":5},{"damage":5,"enemies":"2 Orb Walkers","floor":37,"turns":4},{"damage":1,"enemies":"Orb Walker","floor":38,"turns":3},{"damage":6,"enemies":"Giant Head","floor":40,"turns":6},{"damage":0,"enemies":"Transient","floor":42,"turns":6},{"damage":0,"enemies":"Reptomancer","floor":44,"turns":1},{"damage":17,"enemies":"Jaw Worm Horde","floor":46,"turns":3},{"damage":0,"enemies":"Giant Head","floor":48,"turns":3},{"damage":11,"enemies":"Time Eater","floor":50,"turns":5}],"seed_played":"8136000873199131278","potions_obtained":[{"floor":1,"key":"EntropicBrew"},{"floor":5,"key":"Ancient Potion"},{"floor":7,"key":"Energy Potion"},{"floor":11,"key":"Regen Potion"},{"floor":13,"key":"Regen Potion"},{"floor":16,"key":"Regen Potion"},{"floor":19,"key":"FearPotion"},{"floor":21,"key":"Fruit Juice"},{"floor":23,"key":"Block Potion"},{"floor":25,"key":"Dexterity Potion"},{"floor":29,"key":"SneckoOil"},{"floor":30,"key":"AttackPotion"},{"floor":35,"key":"Fire Potion"},{"floor":38,"key":"Ancient Potion"},{"floor":44,"key":"EssenceOfSteel"}],"is_trial":false,"path_per_floor":["M","?","M","M","M","R","E","M","T","E","M","M","E","M","R","B",null,"M","?","$","M","$","E","M","E","T","E","R","M","M","E","R","B",null,"M","?","?","M","?","E","$","M","T","E","?","M","R","E","R","B",null],"character_chosen":"THE_SILENT","items_purchased":["Sling","Meat on the Bone","FairyPotion","Chemical X"],"campfire_rested":0,"item_purchase_floors":[20,22,41,41],"current_hp_per_floor":[59,59,59,59,59,59,45,38,38,12,13,10,22,24,24,12,53,38,38,38,15,20,26,38,32,32,37,37,40,46,48,48,43,64,60,60,59,60,60,58,58,62,62,62,62,45,45,45,45,34],"gold":131,"neow_bonus":"THREE_ENEMY_KILL","is_prod":false,"is_daily":false,"chose_seed":false,"campfire_upgraded":4,"win_rate":0,"timestamp":1550371500,"path_taken":["M","?","M","M","M","R","E","M","T","E","?","M","E","M","R","BOSS","M","?","?","M","$","E","?","E","T","E","R","M","?","E","R","BOSS","M","?","?","M","?","E","$","?","T","E","?","M","R","E","R","BOSS"],"build_version":"2019-01-23","purchased_purges":2,"victory":true,"max_hp_per_floor":[66,66,66,66,66,66,66,66,66,66,66,66,66,66,66,66,66,66,66,66,66,71,71,71,71,71,71,71,71,71,71,71,71,71,71,71,71,71,67,67,67,67,67,67,67,67,67,67,67,67],"card_choices":[{"not_picked":["Poisoned Stab","Dagger Throw"],"picked":"Leg Sweep","floor":1},{"not_picked":["Flechettes","Deadly Poison"],"picked":"Backstab","floor":3},{"not_picked":["Poisoned Stab","Choke"],"picked":"Slice","floor":4},{"not_picked":["Bane","Skewer"],"picked":"Well Laid Plans","floor":5},{"not_picked":["Dagger Throw","Blade Dance"],"picked":"Bouncing Flask","floor":7},{"not_picked":["Outmaneuver","Flying Knee"],"picked":"Dagger Spray","floor":8},{"not_picked":["Sucker Punch","Poisoned Stab"],"picked":"Wraith Form v2","floor":10},{"not_picked":["Prepared","Deflect","Bane"],"picked":"SKIP","floor":11},{"not_picked":["Cloak And Dagger","Dagger Throw"],"picked":"Skewer","floor":12},{"not_picked":["Backflip","Accuracy","Bane"],"picked":"SKIP","floor":13},{"not_picked":["Underhanded Strike","Endless Agony"],"picked":"Dagger Throw","floor":14},{"not_picked":["Phantasmal Killer","Adrenaline"],"picked":"Night Terror","floor":16},{"not_picked":["Masterful Stab","Sucker Punch"],"picked":"Distraction","floor":18},{"not_picked":["Bane","Infinite Blades","Eviscerate"],"picked":"SKIP","floor":21},{"not_picked":["Prepared+1","Backflip"],"picked":"Terror+1","floor":23},{"not_picked":["Endless Agony","Prepared","Finisher"],"picked":"SKIP","floor":24},{"not_picked":["Eviscerate","Dagger Throw"],"picked":"Bouncing Flask","floor":25},{"not_picked":["Riddle With Holes","Poisoned Stab"],"picked":"Adrenaline","floor":27},{"not_picked":["Riddle With Holes","All Out Attack"],"picked":"Catalyst","floor":29},{"not_picked":["Prepared","Backflip","All Out Attack+1"],"picked":"SKIP","floor":30},{"not_picked":["Outmaneuver","Backflip"],"picked":"Quick Slash","floor":31},{"not_picked":["Tools of the Trade","After Image"],"picked":"Unload+1","floor":33},{"not_picked":["PiercingWail","Acrobatics+1"],"picked":"Concentrate","floor":35},{"not_picked":["Deep Breath","Bandage Up"],"picked":"Master of Strategy","floor":36},{"not_picked":["Outmaneuver","Blade Dance","Bane+1"],"picked":"SKIP","floor":38},{"not_picked":["Underhanded Strike+1","Acrobatics","Cloak And Dagger+1"],"picked":"SKIP","floor":40},{"not_picked":["Acrobatics","Underhanded Strike+1","Prepared"],"picked":"SKIP","floor":42},{"not_picked":["Backstab+1","Finisher+1","Blur"],"picked":"SKIP","floor":44},{"not_picked":["Prepared+1","Caltrops","Deflect"],"picked":"SKIP","floor":46},{"not_picked":["Calculated Gamble+1","Slice+1","Phantasmal Killer"],"picked":"SKIP","floor":48}],"player_experience":532117,"relics_obtained":[{"floor":7,"key":"Dream Catcher"},{"floor":9,"key":"The Courier"},{"floor":10,"key":"Bird Faced Urn"},{"floor":13,"key":"Lantern"},{"floor":23,"key":"Pocketwatch"},{"floor":25,"key":"Snake Skull"},{"floor":27,"key":"Bag of Marbles"},{"floor":31,"key":"Molten Egg 2"},{"floor":37,"key":"Girya"},{"floor":40,"key":"Pen Nib"},{"floor":44,"key":"Oddly Smooth Stone"},{"floor":48,"key":"Potion Belt"}],"event_choices":[{"cards_removed":["Defend_G"],"damage_healed":0,"gold_gain":0,"player_choice":"Offered Basic","damage_taken":0,"max_hp_gain":0,"max_hp_loss":0,"event_name":"Bonfire Elementals","floor":2,"gold_loss":0},{"damage_healed":0,"gold_gain":0,"player_choice":"Got Potions","damage_taken":0,"max_hp_gain":0,"max_hp_loss":0,"event_name":"Lab","floor":19,"gold_loss":0},{"damage_healed":0,"gold_gain":0,"player_choice":"Memory 1","damage_taken":0,"max_hp_gain":0,"max_hp_loss":0,"event_name":"SensoryStone","floor":36,"gold_loss":0},{"damage_healed":0,"gold_gain":0,"player_choice":"Fight","damage_taken":0,"max_hp_gain":0,"max_hp_loss":0,"event_name":"Mysterious Sphere","floor":37,"gold_loss":0},{"damage_healed":0,"gold_gain":0,"player_choice":"Max HP","damage_taken":0,"max_hp_gain":0,"max_hp_loss":4,"event_name":"Winding Halls","floor":39,"gold_loss":0},{"damage_healed":0,"gold_gain":0,"player_choice":"Upgrade","damage_taken":0,"relics_obtained":["Mark of the Bloom"],"max_hp_gain":0,"max_hp_loss":0,"event_name":"MindBloom","floor":45,"gold_loss":0,"cards_upgraded":["Defend_G","Defend_G","Defend_G","Defend_G","Strike_G","Strike_G","Strike_G","Survivor","Leg Sweep","Backstab","Slice","Well Laid Plans","Dagger Spray","Skewer","Dagger Throw","Distraction","Bouncing Flask","Adrenaline","Catalyst","Concentrate","Master of Strategy"]}],"is_beta":false,"boss_relics":[{"not_picked":["Coffee Dripper","Calling Bell"],"picked":"Velvet Choker"},{"not_picked":["Fusion Hammer","Lizard Tail"],"picked":"Cursed Key"}],"items_purged_floors":[20,41],"is_endless":false,"potions_floor_spawned":[1,5,7,11,13,16,21,23,25,29,30,35,38,44],"ascension_level":18}