{"gold_per_floor":[115,190,190,190,203,203,237,250,274,57,68,68,83,94,94,190,190,203,302,302,313,313,313],"floor_reached":23,"playtime":750,"items_purged":[],"score":201,"play_id":"a7360423-75a4-4311-8570-71c628d21a06","local_time":"20190111000433","is_ascension_mode":true,"campfire_choices":[{"floor":6,"key":"REST"},{"data":"Echo Form","floor":12,"key":"SMITH"},{"floor":15,"key":"REST"}],"neow_cost":"TEN_PERCENT_HP_LOSS","seed_source_timestamp":0,"circlet_count":0,"master_deck":["Strike_B+1","Strike_B+1","Strike_B+1","Strike_B+1","Defend_B+1","Defend_B+1","Defend_B+1","Defend_B+1","Zap","Dualcast","Echo Form+1","Streamline+1","Go for the Eyes","Cold Snap","Conserve Battery","Defragment","Auto Shields","Leap","Blizzard","Coolheaded","Buffer","Decay","Decay","Normality","Defragment","Coolheaded"],"special_seed":0,"relics":["Cracked Core","Dream Catcher","Regal Pillow","Lantern","Calling Bell","Strawberry","Meat on the Bone","Girya"],"potions_floor_usage":[7,16,23],"damage_taken":[{"damage":13,"enemies":"Jaw Worm","floor":1,"turns":4},{"damage":22,"enemies":"Small Slimes","floor":5,"turns":4},{"damage":14,"enemies":"Gremlin Nob","floor":7,"turns":3},{"damage":0,"enemies":"2 Louse","floor":8,"turns":2},{"damage":0,"enemies":"Exordium Wildlife","floor":11,"turns":3},{"damage":4,"enemies":"Blue Slaver","floor":13,"turns":3},{"damage":0,"enemies":"Large Slime","floor":14,"turns":6},{"damage":6,"enemies":"Hexaghost","floor":16,"turns":11},{"damage":11,"enemies":"Shell Parasite","floor":18,"turns":12},{"damage":30,"enemies":"Chosen","floor":21,"turns":7},{"damage":37,"enemies":"Slavers","floor":23,"turns":2}],"seed_played":"4951593816934529306","potions_obtained":[{"floor":1,"key":"AttackPotion"},{"floor":7,"key":"FearPotion"},{"floor":13,"key":"Block Potion"},{"floor":21,"key":"LiquidBronze"}],"is_trial":false,"path_per_floor":["M","?","?","?","M","R","E","M","T","$","M","R","M","M","R","B",null,"M","?","?","M","?","E"],"character_chosen":"DEFECT","items_purchased":["Defragment","Lantern"],"campfire_rested":2,"item_purchase_floors":[10,10],"current_hp_per_floor":[55,44,49,34,12,33,19,19,19,19,19,19,15,15,51,45,80,69,69,54,36,36,0],"gold":313,"neow_bonus":"THREE_RARE_CARDS","is_prod":false,"is_daily":false,"chose_seed":false,"campfire_upgraded":1,"win_rate":0,"timestamp":1547132673,"path_taken":["M","?","?","?","?","R","E","M","T","$","M","R","M","M","R","BOSS","M","?","?","?","?","E"],"build_version":"2019-01-03v4","purchased_purges":0,"victory":false,"max_hp_per_floor":[68,68,73,73,73,73,73,73,73,73,73,73,73,73,73,73,80,80,80,85,85,85,85],"card_choices":[{"not_picked":["Hyperbeam","Buffer"],"picked":"Echo Form","floor":0},{"not_picked":["Reprogram","Hello World"],"picked":"Streamline","floor":1},{"not_picked":["Beam Cell","Coolheaded"],"picked":"Go for the Eyes","floor":5},{"not_picked":["Gash","Reinforced Body"],"picked":"Cold Snap","floor":7},{"not_picked":["Sunder","Compile Driver"],"picked":"Conserve Battery","floor":8},{"not_picked":["Tempest","Blizzard"],"picked":"Auto Shields","floor":11},{"not_picked":["Streamline","Rip and Tear"],"picked":"Leap","floor":13},{"not_picked":["Hyperbeam","Auto Shields"],"picked":"Blizzard","floor":14},{"not_picked":["Stack","Barrage"],"picked":"Coolheaded","floor":15},{"not_picked":["Multi-Cast","Thunder Strike"],"picked":"Buffer","floor":16},{"not_picked":["Sweeping Beam","Coolheaded"],"picked":"Defragment","floor":18},{"not_picked":["Conserve Battery","Reprogram"],"picked":"Coolheaded","floor":21}],"player_experience":380263,"relics_obtained":[{"floor":7,"key":"Dream Catcher"},{"floor":9,"key":"Regal Pillow"},{"floor":17,"key":"Strawberry"},{"floor":17,"key":"Meat on the Bone"},{"floor":17,"key":"Girya"}],"event_choices":[{"damage_healed":0,"gold_gain":75,"player_choice":"Gather Gold","damage_taken":11,"max_hp_gain":0,"max_hp_loss":0,"event_name":"World of Goop","floor":2,"gold_loss":0},{"damage_healed":0,"gold_gain":0,"player_choice":"Donut","damage_taken":0,"max_hp_gain":5,"max_hp_loss":0,"event_name":"Big Fish","floor":3,"gold_loss":0},{"damage_healed":0,"gold_gain":0,"player_choice":"Entered Light","damage_taken":15,"max_hp_gain":0,"max_hp_loss":0,"event_name":"Shining Light","floor":4,"gold_loss":0,"cards_upgraded":["Streamline","Defend_B"]},{"damage_healed":0,"gold_gain":99,"player_choice":"Stole From Cult","damage_taken":0,"max_hp_gain":0,"max_hp_loss":0,"event_name":"Nest","floor":19,"gold_loss":0},{"damage_healed":0,"gold_gain":0,"player_choice":"Shed Blood","damage_taken":20,"max_hp_gain":5,"max_hp_loss":0,"event_name":"Forgotten Altar","floor":20,"gold_loss":0},{"damage_healed":0,"gold_gain":0,"player_choice":"Simplicity","damage_taken":0,"max_hp_gain":0,"max_hp_loss":0,"event_name":"Back to Basics","floor":22,"gold_loss":0,"cards_upgraded":["Strike_B","Strike_B","Strike_B","Strike_B","Defend_B","Defend_B","Defend_B"]}],"is_beta":false,"boss_relics":[{"not_picked":["Eternal Feather","Runic Dome"],"picked":"Calling Bell"}],"items_purged_floors":[],"is_endless":false,"potions_floor_spawned":[1,7,13,21],"killed_by":"Slavers","ascension_level":1}