{"gold_per_floor":[111,129,147,161,181,181,196,196,251,251,276,15,15,45,45,120,120,132,144,155,80,91,117,117,17,17,17,43,143,160,179,179,250,250,265,265,163,163,38,38,38,63,90,90,0,0,25,25,25,25],"floor_reached":51,"playtime":2727,"items_purged":["Strike_G","Strike_G","Defend_G"],"score":1322,"play_id":"c4863fec-37d8-47a0-8c9a-a18716e8956e","local_time":"20190216131706","is_ascension_mode":true,"campfire_choices":[{"data":"Neutralize","floor":6,"key":"SMITH"},{"data":"Dash","floor":8,"key":"SMITH"},{"data":"Doppelganger","floor":10,"key":"SMITH"},{"data":"1","floor":15,"key":"LIFT"},{"data":"2","floor":24,"key":"LIFT"},{"data":"3","floor":27,"key":"LIFT"},{"floor":32,"key":"REST"},{"data":"Dash","floor":40,"key":"SMITH"},{"floor":44,"key":"REST"},{"data":"Madness","floor":49,"key":"SMITH"}],"neow_cost":"NONE","seed_source_timestamp":5461171251483,"circlet_count":0,"master_deck":["AscendersBane","Defend_G","Defend_G","Defend_G","Strike_G","Strike_G","Strike_G","Survivor","Neutralize+1","Quick Slash","Backstab","Dagger Throw","Dash+1","Dagger Throw","Doppelganger+1","Dagger Throw","Dagger Spray","Endless Agony","Corpse Explosion","Sucker Punch+1","Cloak And Dagger+1","Infinite Blades","Backflip","Well Laid Plans+1","Die Die Die","Escape Plan","Finesse","Dash+1","Madness","Madness+1","Infinite Blades"],"relics":["Ring of the Snake","NeowsBlessing","Pen Nib","Girya","ClockworkSouvenir","CultistMask","Mercury Hourglass","Sozu","Juzu Bracelet","Dodecahedron","Kunai","Incense Burner","Sundial","Philosopher\u0027s Stone","Unceasing Top","Bronze Scales","Red Mask","Bottled Lightning"],"potions_floor_usage":[5,11,16,23],"damage_taken":[{"damage":0,"enemies":"Jaw Worm","floor":1,"turns":1},{"damage":0,"enemies":"Cultist","floor":2,"turns":1},{"damage":0,"enemies":"Small Slimes","floor":3,"turns":1},{"damage":0,"enemies":"Looter","floor":4,"turns":3},{"damage":0,"enemies":"Lots of Slimes","floor":5,"turns":4},{"damage":0,"enemies":"2 Fungi Beasts","floor":7,"turns":3},{"damage":12,"enemies":"Lagavulin","floor":11,"turns":6},{"damage":10,"enemies":"3 Sentries","floor":14,"turns":4},{"damage":9,"enemies":"Hexaghost","floor":16,"turns":9},{"damage":0,"enemies":"Spheric Guardian","floor":18,"turns":1},{"damage":0,"enemies":"3 Byrds","floor":19,"turns":3},{"damage":0,"enemies":"Cultist and Chosen","floor":20,"turns":2},{"damage":0,"enemies":"Snecko","floor":22,"turns":3},{"damage":9,"enemies":"Book of Stabbing","floor":23,"turns":4},{"damage":15,"enemies":"Slavers","floor":28,"turns":3},{"damage":0,"enemies":"Colosseum Slavers","floor":29,"turns":3},{"damage":7,"enemies":"Colosseum Nobs","floor":29,"turns":2},{"damage":2,"enemies":"Centurion and Healer","floor":30,"turns":3},{"damage":0,"enemies":"Cultist and Chosen","floor":31,"turns":3},{"damage":15,"enemies":"Collector","floor":33,"turns":7},{"damage":0,"enemies":"3 Shapes","floor":35,"turns":5},{"damage":11,"enemies":"Reptomancer","floor":42,"turns":5},{"damage":9,"enemies":"Nemesis","floor":47,"turns":4},{"damage":26,"enemies":"Awakened One","floor":50,"turns":11}],"seed_played":"1376363055336749207","potions_obtained":[{"floor":2,"key":"Poison Potion"},{"floor":5,"key":"Energy Potion"},{"floor":14,"key":"GamblersBrew"},{"floor":16,"key":"AttackPotion"}],"is_trial":false,"path_per_floor":["M","M","M","M","M","R","M","R","T","R","E","$","?","E","R","B",null,"M","M","M","$","M","E","R","$","T","R","E","?","M","M","R","B",null,"M","?","$","?","$","R","?","E","T","R","?","?","E","$","R","B",null],"character_chosen":"THE_SILENT","items_purchased":["Dagger Spray","ClockworkSouvenir","Finesse"],"campfire_rested":2,"item_purchase_floors":[12,12,37],"current_hp_per_floor":[59,59,59,59,59,59,59,59,59,59,47,47,47,37,37,28,57,57,57,57,57,57,48,48,48,48,48,33,26,24,24,43,28,57,57,57,57,57,57,57,45,34,34,53,53,53,44,44,44,18],"gold":25,"neow_bonus":"THREE_ENEMY_KILL","is_prod":false,"is_daily":false,"chose_seed":false,"campfire_upgraded":5,"win_rate":0,"timestamp":1550351826,"path_taken":["M","M","M","M","M","R","M","R","T","R","E","$","?","E","R","BOSS","M","?","M","$","M","E","R","?","T","R","E","?","M","M","R","BOSS","M","?","$","?","$","R","?","E","T","R","?","?","E","?","R","BOSS"],"build_version":"2019-01-23","purchased_purges":3,"victory":true,"max_hp_per_floor":[66,66,66,66,66,66,66,66,66,66,66,66,66,66,66,66,66,66,66,66,66,66,66,66,66,66,66,66,66,66,66,66,66,66,66,66,66,66,66,66,66,66,66,66,66,66,66,66,66,66],"card_choices":[{"not_picked":["Flechettes","Poisoned Stab"],"picked":"Quick Slash","floor":1},{"not_picked":["Cloak And Dagger","Quick Slash"],"picked":"Backstab","floor":2},{"not_picked":["Masterful Stab","Sucker Punch"],"picked":"Dagger Throw","floor":3},{"not_picked":["Eviscerate","Slice"],"picked":"Dash","floor":4},{"not_picked":["Accuracy","Bane"],"picked":"Dagger Throw","floor":5},{"not_picked":["Dodge and Roll","Deflect"],"picked":"Doppelganger","floor":7},{"not_picked":["Escape Plan","Leg Sweep"],"picked":"Dagger Throw","floor":11},{"not_picked":["Outmaneuver","Backflip"],"picked":"Endless Agony","floor":14},{"not_picked":["Tools of the Trade","Doppelganger"],"picked":"Corpse Explosion","floor":16},{"not_picked":["Accuracy","Concentrate"],"picked":"Sucker Punch+1","floor":18},{"not_picked":["Choke","Bane","Deadly Poison"],"picked":"SKIP","floor":19},{"not_picked":["Masterful Stab","Acrobatics","Concentrate+1"],"picked":"SKIP","floor":20},{"not_picked":["Bouncing Flask","Underhanded Strike"],"picked":"Cloak And Dagger+1","floor":22},{"not_picked":["Sucker Punch","Deadly Poison"],"picked":"Infinite Blades","floor":23},{"not_picked":["Acrobatics","Poisoned Stab"],"picked":"Backflip","floor":28},{"not_picked":["Quick Slash+1","Dagger Throw"],"picked":"Well Laid Plans+1","floor":30},{"not_picked":["Dagger Throw","Blur","Calculated Gamble"],"picked":"SKIP","floor":31},{"not_picked":["Venomology","Grand Finale"],"picked":"Die Die Die","floor":33},{"not_picked":["Choke","Prepared"],"picked":"Escape Plan","floor":35},{"not_picked":["Outmaneuver+1","Heel Hook"],"picked":"Infinite Blades","floor":42},{"not_picked":["Infinite Blades","Dagger Throw","Outmaneuver"],"picked":"SKIP","floor":47}],"player_experience":528298,"relics_obtained":[{"floor":9,"key":"Pen Nib"},{"floor":11,"key":"Girya"},{"floor":14,"key":"Mercury Hourglass"},{"floor":23,"key":"Juzu Bracelet"},{"floor":26,"key":"Dodecahedron"},{"floor":28,"key":"Kunai"},{"floor":29,"key":"Incense Burner"},{"floor":29,"key":"Sundial"},{"floor":42,"key":"Unceasing Top"},{"floor":43,"key":"Bronze Scales"},{"floor":47,"key":"Bottled Lightning"}],"event_choices":[{"damage_healed":0,"gold_gain":0,"player_choice":"Trade","damage_taken":0,"relics_obtained":["CultistMask"],"max_hp_gain":0,"max_hp_loss":0,"event_name":"FaceTrader","floor":13,"gold_loss":0},{"damage_healed":0,"gold_gain":0,"player_choice":"Fight","damage_taken":0,"max_hp_gain":0,"max_hp_loss":0,"event_name":"Colosseum","floor":29,"gold_loss":0},{"damage_healed":0,"gold_gain":0,"player_choice":"Fought Nobs","damage_taken":0,"max_hp_gain":0,"max_hp_loss":0,"event_name":"Colosseum","floor":29,"gold_loss":0},{"cards_removed":["Defend_G"],"damage_healed":0,"gold_gain":0,"player_choice":"Removed Skill","damage_taken":0,"max_hp_gain":0,"max_hp_loss":0,"event_name":"Falling","floor":36,"gold_loss":0},{"damage_healed":0,"gold_gain":0,"player_choice":"1 cards matched","damage_taken":0,"max_hp_gain":0,"max_hp_loss":0,"event_name":"Match and Keep!","floor":38,"gold_loss":0,"cards_obtained":["Dash"]},{"damage_healed":0,"gold_gain":0,"player_choice":"Embrace Madness","damage_taken":12,"max_hp_gain":0,"max_hp_loss":0,"event_name":"Winding Halls","floor":41,"gold_loss":0,"cards_obtained":["Madness","Madness"]},{"damage_healed":0,"gold_gain":0,"player_choice":"Paid","damage_taken":0,"relics_obtained":["Red Mask"],"max_hp_gain":0,"max_hp_loss":0,"event_name":"Tomb of Lord Red Mask","floor":45,"gold_loss":90},{"damage_healed":0,"gold_gain":0,"player_choice":"Ignored","damage_taken":0,"max_hp_gain":0,"max_hp_loss":0,"event_name":"Mysterious Sphere","floor":46,"gold_loss":0}],"is_beta":false,"boss_relics":[{"not_picked":["Runic Pyramid","Black Star"],"picked":"Sozu"},{"not_picked":["Orrery","White Beast Statue"],"picked":"Philosopher\u0027s Stone"}],"items_purged_floors":[21,25,39],"is_endless":false,"potions_floor_spawned":[2,5,14,16,18,28,29,29,30],"ascension_level":17}