{"gold_per_floor":[114,134,48,48,48,48,64,64,64,64,81,94,119,0,0,74,74,87,100,114,125,125],"floor_reached":22,"playtime":1731,"items_purged":["Strike_R"],"score":426,"play_id":"f36d48fb-dd55-46d3-997c-f1c383de3032","local_time":"20190313001006","is_ascension_mode":true,"campfire_choices":[{"floor":6,"key":"REST"},{"data":"True Grit","floor":8,"key":"SMITH"},{"data":"Second Wind","floor":10,"key":"SMITH"},{"data":"Body Slam","floor":15,"key":"SMITH"}],"neow_cost":"PERCENT_DAMAGE","seed_source_timestamp":516408921990509,"circlet_count":0,"master_deck":["AscendersBane","Strike_R","Strike_R+1","Strike_R+1","Defend_R","Defend_R","Defend_R","Defend_R","Bash","True Grit+1","Second Wind+1","Feel No Pain","Shrug It Off","Body Slam+1","Warcry","Entrench","Feel No Pain","Barricade","Intimidate+1","Shrug It Off+1","Ghostly Armor","Metallicize+1"],"relics":["Burning Blood","Charon\u0027s Ashes","Blood Vial","Ancient Tea Set","Mark of Pain"],"potions_floor_usage":[13,13,22,22],"damage_taken":[{"damage":1,"enemies":"Small Slimes","floor":1,"turns":3},{"damage":3,"enemies":"2 Louse","floor":2,"turns":3},{"damage":2,"enemies":"Cultist","floor":7,"turns":5},{"damage":2,"enemies":"Gremlin Gang","floor":11,"turns":5},{"damage":0,"enemies":"Large Slime","floor":12,"turns":7},{"damage":12,"enemies":"Lagavulin","floor":13,"turns":7},{"damage":36,"enemies":"The Guardian","floor":16,"turns":13},{"damage":14,"enemies":"Shell Parasite","floor":18,"turns":7},{"damage":6,"enemies":"3 Byrds","floor":19,"turns":5},{"damage":15,"enemies":"Shelled Parasite and Fungi","floor":20,"turns":8},{"damage":19,"enemies":"Snake Plant","floor":21,"turns":7},{"damage":52,"enemies":"3 Cultists","floor":22,"turns":8}],"seed_played":"9108339403656750400","potions_obtained":[{"floor":1,"key":"Strength Potion"},{"floor":2,"key":"SteroidPotion"},{"floor":12,"key":"BloodPotion"},{"floor":18,"key":"EssenceOfSteel"},{"floor":20,"key":"SkillPotion"}],"is_trial":false,"path_per_floor":["M","M","$","?","?","R","M","R","T","R","M","M","E","$","R","B",null,"M","M","M","M","M"],"character_chosen":"IRONCLAD","items_purchased":["Feel No Pain","Feel No Pain"],"campfire_rested":1,"item_purchase_floors":[3,14],"current_hp_per_floor":[55,58,58,35,35,57,61,61,61,61,67,75,75,75,75,45,68,62,64,57,46,0],"gold":125,"neow_bonus":"ONE_RARE_RELIC","is_prod":false,"is_daily":false,"chose_seed":false,"campfire_upgraded":3,"win_rate":0,"timestamp":1552457406,"path_taken":["M","M","$","?","?","R","M","R","T","R","M","?","E","$","R","BOSS","M","?","M","M","M"],"build_version":"2019-01-23","purchased_purges":1,"victory":false,"max_hp_per_floor":[75,75,75,75,75,75,75,75,75,75,75,75,75,75,75,75,75,75,75,75,75,75],"card_choices":[{"not_picked":["Spot Weakness","Havoc"],"picked":"True Grit","floor":1},{"not_picked":["Inflame","Reckless Charge"],"picked":"Second Wind","floor":2},{"not_picked":["Cleave","Thunderclap"],"picked":"Shrug It Off","floor":7},{"not_picked":["Anger","Dropkick"],"picked":"Body Slam","floor":11},{"not_picked":["Clash","Thunderclap"],"picked":"Warcry","floor":12},{"not_picked":["Whirlwind","Limit Break"],"picked":"Entrench","floor":13},{"not_picked":["Bludgeon","Dark Embrace"],"picked":"Barricade","floor":16},{"not_picked":["Entrench","Flex"],"picked":"Intimidate+1","floor":18},{"not_picked":["Rampage","Cleave+1"],"picked":"Shrug It Off+1","floor":19},{"not_picked":["Headbutt","Uppercut"],"picked":"Ghostly Armor","floor":20},{"not_picked":["Headbutt","True Grit"],"picked":"Metallicize+1","floor":21}],"player_experience":1418187,"relics_obtained":[{"floor":9,"key":"Blood Vial"},{"floor":13,"key":"Ancient Tea Set"}],"event_choices":[{"damage_healed":0,"gold_gain":0,"player_choice":"Entered Light","damage_taken":23,"max_hp_gain":0,"max_hp_loss":0,"event_name":"Shining Light","floor":4,"gold_loss":0,"cards_upgraded":["Strike_R","Strike_R"]},{"cards_removed":["Strike_R"],"damage_healed":0,"gold_gain":0,"player_choice":"Offered Basic","damage_taken":0,"max_hp_gain":0,"max_hp_loss":0,"event_name":"Bonfire Elementals","floor":5,"gold_loss":0}],"is_beta":false,"boss_relics":[{"not_picked":["Black Star","Velvet Choker"],"picked":"Mark of Pain"}],"items_purged_floors":[14],"is_endless":false,"potions_floor_spawned":[1,2,11,12,18,20],"killed_by":"3 Cultists","ascension_level":20}