{"gold_per_floor":[112,166,166,183,193,226,226,261,261,261,186,218,29,45,45,121,121,137,62,81,81,96,96],"floor_reached":23,"playtime":3893,"items_purged":[],"score":418,"play_id":"b2b252e3-0867-44a3-8ad0-bf4766be2ab7","local_time":"20181113140038","is_ascension_mode":true,"campfire_choices":[{"floor":7.0,"key":"REST"},{"floor":15.0,"key":"REST"}],"neow_cost":"NONE","seed_source_timestamp":0,"circlet_count":0,"master_deck":["AscendersBane","Defend_R","Defend_R","Defend_R","Defend_R","Bash","Second Wind","Armaments","Inflame","Battle Trance","Flame Barrier","Seeing Red","Spot Weakness","Metamorphosis","Spot Weakness","Offering","Clothesline+1","Burning Pact","Immolate","Disarm","Feed"],"special_seed":0,"relics":["Runic Cube","PreservedInsect","Oddly Smooth Stone","Orichalcum","Sundial","Self Forming Clay","Black Star"],"potions_floor_usage":[18,22],"damage_taken":[{"damage":13.0,"enemies":"Cultist","floor":1.0,"turns":5.0},{"damage":1.0,"enemies":"2 Louse","floor":4.0,"turns":5.0},{"damage":1.0,"enemies":"Small Slimes","floor":5.0,"turns":4.0},{"damage":11.0,"enemies":"3 Sentries","floor":6.0,"turns":12.0},{"damage":32.0,"enemies":"Gremlin Nob","floor":8.0,"turns":4.0},{"damage":10.0,"enemies":"Lagavulin","floor":12.0,"turns":6.0},{"damage":0.0,"enemies":"2 Fungi Beasts","floor":14.0,"turns":2.0},{"damage":27.0,"enemies":"Slime Boss","floor":16.0,"turns":8.0},{"damage":22,"enemies":"2 Thieves","floor":18,"turns":3},{"damage":15,"enemies":"Chosen","floor":20,"turns":5},{"damage":6,"enemies":"Snake Plant","floor":22,"turns":3},{"damage":26,"enemies":"Gremlin Leader","floor":23,"turns":2}],"seed_played":"-6069866066004886597","potions_obtained":[{"floor":5.0,"key":"EssenceOfSteel"},{"floor":6.0,"key":"Poison Potion"},{"floor":8.0,"key":"SkillPotion"},{"floor":14.0,"key":"LiquidBronze"},{"floor":20,"key":"SpeedPotion"},{"floor":22,"key":"FearPotion"}],"is_trial":false,"path_per_floor":["M","T","?","M","M","E","R","E","T","?","?","E","$","M","R","B",null,"M","?","M","?","M","E"],"character_chosen":"IRONCLAD","items_purchased":["Metamorphosis"],"campfire_rested":2,"item_purchase_floors":[13],"current_hp_per_floor":[55,55,60,59,58,47,71,39,39,39,39,29,29,29,53,26,67,45,45,30,30,24,0],"gold":96,"neow_bonus":"BOSS_RELIC","is_prod":false,"is_daily":false,"chose_seed":false,"campfire_upgraded":0,"win_rate":0,"timestamp":1542110438,"path_taken":["M","?","?","M","M","E","R","E","T","?","?","E","$","M","R","BOSS","M","?","M","?","?","E"],"build_version":"2018-11-12","purchased_purges":0,"victory":false,"max_hp_per_floor":[75,75,80,80,80,80,80,80,80,80,80,80,80,80,80,80,80,80,80,80,80,80,80],"card_choices":[{"not_picked":["Havoc","Perfected Strike"],"picked":"Second Wind","floor":1.0},{"not_picked":["Iron Wave","Shrug It Off"],"picked":"Armaments","floor":4.0},{"not_picked":["Feel No Pain","Reckless Charge"],"picked":"Inflame","floor":5.0},{"not_picked":["Corruption","Wild Strike"],"picked":"Battle Trance","floor":6.0},{"not_picked":["Body Slam","Exhume"],"picked":"Flame Barrier","floor":8.0},{"not_picked":["Anger","Havoc"],"picked":"Spot Weakness","floor":12.0},{"not_picked":["Power Through","Burning Pact"],"picked":"Spot Weakness","floor":14.0},{"not_picked":["Impervious","Dark Embrace"],"picked":"Offering","floor":16.0},{"not_picked":["True Grit","Pummel"],"picked":"Clothesline+1","floor":18},{"not_picked":["Body Slam","Sword Boomerang"],"picked":"Burning Pact","floor":20},{"not_picked":["Warcry","Bloodletting"],"picked":"Feed","floor":22}],"player_experience":639129,"relics_obtained":[{"floor":2.0,"key":"PreservedInsect"},{"floor":6.0,"key":"Oddly Smooth Stone"},{"floor":8.0,"key":"Orichalcum"},{"floor":9.0,"key":"Sundial"},{"floor":12.0,"key":"Self Forming Clay"}],"event_choices":[{"damage_healed":0.0,"max_hp_gain":5.0,"max_hp_loss":0.0,"gold_gain":0.0,"event_name":"Big Fish","player_choice":"Donut","floor":3.0,"gold_loss":0.0,"damage_taken":0.0},{"damage_healed":0.0,"max_hp_gain":0.0,"max_hp_loss":0.0,"gold_gain":0.0,"cards_transformed":["Strike_R"],"event_name":"Living Wall","player_choice":"Change","floor":10.0,"gold_loss":0.0,"damage_taken":0.0,"cards_obtained":["Seeing Red"]},{"cards_removed":["Strike_R"],"damage_healed":0.0,"max_hp_gain":0.0,"max_hp_loss":0.0,"gold_gain":0.0,"event_name":"The Cleric","player_choice":"Card Removal","floor":11.0,"gold_loss":75.0,"damage_taken":0.0},{"cards_removed":["Strike_R"],"damage_healed":0,"gold_gain":0,"player_choice":"Gave Gold","damage_taken":0,"max_hp_gain":0,"max_hp_loss":0,"event_name":"Beggar","floor":19,"gold_loss":75},{"damage_healed":0,"gold_gain":0,"cards_transformed":["Strike_R","Strike_R"],"player_choice":"Became Test Subject","damage_taken":0,"max_hp_gain":0,"max_hp_loss":0,"event_name":"Drug Dealer","floor":21,"gold_loss":0,"cards_obtained":["Immolate","Disarm"]}],"is_beta":true,"boss_relics":[{"not_picked":["Busted Crown","Eternal Feather"],"picked":"Black Star"}],"items_purged_floors":[],"is_endless":false,"potions_floor_spawned":[5,6,8,14,20,22],"killed_by":"Gremlin Leader","ascension_level":20}