{"path_per_floor":["M","?","M","M","M","E","R","M","T","E","R","M","$","M","R","B",null,"M","M","M","?","$","R","?","M","T","M","M","R","M","T","R","B",null,"M","?","M","$","M","R","?","M","T","$","M","M","R","T","R","B"],"character_chosen":"IRONCLAD","items_purchased":["Vajra","Double Tap","Regen Potion","Pommel Strike","Offering","Blood for Blood","Happy Flower","Regen Potion","Swift Potion"],"gold_per_floor":[115,290,303,316,286,311,311,331,383,417,417,433,19,30,30,134,134,153,169,182,82,33,33,33,53,353,366,379,379,395,395,395,497,497,512,563,578,0,12,12,12,23,46,46,65,75,75,75,75,75],"floor_reached":51,"campfire_rested":6,"playtime":9961,"current_hp_per_floor":[76,76,76,67,73,29,53,46,46,44,85,75,75,73,73,55,87,72,63,38,38,38,87,71,34,34,21,9,62,52,52,64,15,87,64,45,49,49,43,87,77,70,70,70,46,21,78,78,87,23],"items_purged":["Doubt","Strike_R"],"gold":75,"play_id":"11366633-18b4-4131-86f3-b46dfc900087","is_prod":false,"is_daily":false,"is_ascension_mode":false,"campfire_upgraded":3,"path_taken":["M","?","M","M","M","E","R","M","T","E","R","M","$","M","R","BOSS","M","M","M","?","$","R","?","?","T","M","M","R","M","?","R","BOSS","M","?","M","$","?","R","?","M","T","?","?","M","R","?","R","BOSS"],"build_version":"2018-01-25-PROD2","purchased_purges":3,"victory":true,"master_deck":["Strike_R","Strike_R","Strike_R","Strike_R","Defend_R","Defend_R","Defend_R","Defend_R","Bash","Sword Boomerang","Iron Wave","Headbutt","Sword Boomerang","Demon Form+1","Pommel Strike","Sword Boomerang","Pommel Strike","Double Tap+1","Burning Pact","Double Tap+1","Thunderclap+1","Iron Wave+1","Pummel+1","J.A.X.","Pommel Strike","Necronomicurse","Clash","Battle Trance","True Grit+1","Body Slam+1","Reaper","Perfected Strike","Perfected Strike+1","Offering+1","Blood for Blood","Power Through+1","Madness","Madness","Shrug It Off+1","Feel No Pain+1"],"max_hp_per_floor":[80,80,80,80,80,80,80,80,80,87,87,87,87,87,87,87,87,87,87,87,87,87,87,87,87,87,87,87,87,87,87,87,87,87,87,87,87,87,87,87,87,87,87,87,87,87,87,87,87,87],"relics":["Burning Blood","Torii","Regal Pillow","Strawberry","Vajra","Eternal Feather","Necronomicon","Old Coin","Charon\u0027s Ashes","Mark of Pain","Ginger","Happy Flower","Frozen Egg","Red Skull"],"card_choices":[{"not_picked":["Clothesline","Anger"],"picked":"Sword Boomerang"},{"not_picked":["Flame Barrier","Body Slam"],"picked":"Iron Wave"},{"not_picked":["Clothesline","Second Wind"],"picked":"Headbutt"},{"not_picked":["Reckless Charge","Armaments"],"picked":"Sword Boomerang"},{"not_picked":["Flex","Headbutt"],"picked":"Demon Form"},{"not_picked":["Sword Boomerang","Clothesline"],"picked":"Pommel Strike"},{"not_picked":["Uppercut","True Grit"],"picked":"Sword Boomerang"},{"not_picked":["Corruption","Twin Strike"],"picked":"Pommel Strike"},{"not_picked":["Bloodletting","Second Wind"],"picked":"Burning Pact"},{"not_picked":["Bludgeon","Barricade"],"picked":"Double Tap"},{"not_picked":["Twin Strike","Headbutt"],"picked":"Thunderclap"},{"not_picked":["Cleave","Rampage"],"picked":"Iron Wave"},{"not_picked":["Cleave","Headbutt"],"picked":"Pummel"},{"not_picked":["Warcry","Juggernaut"],"picked":"Clash"},{"not_picked":["Anger","Thunderclap"],"picked":"Battle Trance"},{"not_picked":["Armaments","Iron Wave"],"picked":"True Grit"},{"not_picked":["Burning Pact","Demon Form"],"picked":"Body Slam"},{"not_picked":["Impervious","Berserk"],"picked":"Reaper"},{"not_picked":["Corruption","Combust"],"picked":"Perfected Strike"},{"not_picked":["Second Wind","Rampage"],"picked":"Perfected Strike"},{"not_picked":["Headbutt","Second Wind"],"picked":"Power Through"},{"not_picked":["Dark Embrace","Armaments"],"picked":"Shrug It Off"},{"not_picked":["Headbutt","Sword Boomerang"],"picked":"Feel No Pain"}],"player_experience":0,"potions_floor_usage":[19,28,28,28,33,33,45,45],"damage_taken":[{"damage":10,"enemies":"Small Slimes","floor":1,"turns":5},{"damage":6,"enemies":"Cultist","floor":3,"turns":5},{"damage":15,"enemies":"Jaw Worm","floor":4,"turns":4},{"damage":0,"enemies":"Looter","floor":5,"turns":4},{"damage":50,"enemies":"3 Sentries","floor":6,"turns":9},{"damage":13,"enemies":"Large Slime","floor":8,"turns":6},{"damage":15,"enemies":"Gremlin Nob","floor":10,"turns":4},{"damage":16,"enemies":"Gremlin Gang","floor":12,"turns":6},{"damage":8,"enemies":"Exordium Thugs","floor":14,"turns":3},{"damage":24,"enemies":"The Guardian","floor":16,"turns":7},{"damage":21,"enemies":"2 Thieves","floor":18,"turns":3},{"damage":15,"enemies":"Chosen","floor":19,"turns":4},{"damage":31,"enemies":"Snake Plant","floor":20,"turns":6},{"damage":43,"enemies":"Centurion and Healer","floor":25,"turns":4},{"damage":19,"enemies":"Chosen and Byrds","floor":27,"turns":5},{"damage":21,"enemies":"Snake Plant","floor":28,"turns":2},{"damage":16,"enemies":"Centurion and Healer","floor":30,"turns":4},{"damage":70,"enemies":"Champ","floor":33,"turns":10},{"damage":29,"enemies":"3 Shapes","floor":35,"turns":4},{"damage":25,"enemies":"Mysterious Sphere","floor":36,"turns":3},{"damage":2,"enemies":"Orb Walker","floor":37,"turns":3},{"damage":12,"enemies":"4 Shapes","floor":39,"turns":3},{"damage":13,"enemies":"3 Darklings","floor":42,"turns":3},{"damage":36,"enemies":"Sphere and 2 Shapes","floor":45,"turns":4},{"damage":45,"enemies":"Maw","floor":46,"turns":5},{"damage":75,"enemies":"Awakened One","floor":50,"turns":11}],"event_choices":[{"event_name":"Liars Game","player_choice":"agreed","floor":2,"damage_taken":0},{"event_name":"Drug Dealer","player_choice":"Got JAXXED","floor":21,"damage_taken":0},{"event_name":"Cursed Tome","player_choice":"Obtained Book","floor":24,"damage_taken":0},{"event_name":"Mysterious Sphere","player_choice":"Fight","floor":36,"damage_taken":0},{"event_name":"Winding Halls","player_choice":"Embrace Madness","floor":41,"damage_taken":0}],"boss_relics":[{"not_picked":["Lizard Tail","Velvet Choker"],"picked":"Eternal Feather"},{"not_picked":["Tiny House","Runic Cube"],"picked":"Mark of Pain"}],"potions_floor_spawned":[3,8,14,16,25,27,28,30,39,45],"seed_played":"4456029022367063437","ascension_level":0,"is_trial":false}