{"gold_per_floor":[114,194,194,210,210,276,276,307,360,50,50,50,70,86,86,214,277,293,317,77,77,96,96,96,96],"floor_reached":25,"playtime":719,"items_purged":["Injury"],"score":246,"play_id":"22b506bc-7f4e-40df-b75f-81f9b1a0799a","local_time":"20190110232237","is_ascension_mode":true,"campfire_choices":[{"data":"Zap","floor":7,"key":"SMITH"},{"data":"Conserve Battery","floor":11,"key":"SMITH"},{"data":"Dualcast","floor":15,"key":"SMITH"},{"data":"1","floor":23,"key":"LIFT"}],"neow_cost":"NONE","seed_source_timestamp":101858464614265,"circlet_count":0,"master_deck":["Strike_B","Strike_B","Strike_B","Strike_B+1","Defend_B","Defend_B+1","Defend_B","Defend_B","Zap+1","Dualcast+1","Melter","Conserve Battery+1","Scrape+1","FTL","Panacea","Storm","Coolheaded","Machine Learning","Leap","Cold Snap+1","Gash","Skim+1"],"relics":["Cracked Core","NeowsBlessing","Golden Idol","Tiny Chest","Bottled Lightning","Strawberry","Ancient Tea Set","Matryoshka","Tiny House","Molten Egg 2","Oddly Smooth Stone","Girya"],"potions_floor_usage":[8,25,25],"damage_taken":[{"damage":0,"enemies":"Jaw Worm","floor":1,"turns":1},{"damage":0,"enemies":"Small Slimes","floor":4,"turns":1},{"damage":0,"enemies":"Lagavulin","floor":6,"turns":1},{"damage":11,"enemies":"Gremlin Nob","floor":8,"turns":3},{"damage":0,"enemies":"2 Louse","floor":13,"turns":2},{"damage":0,"enemies":"Large Slime","floor":14,"turns":5},{"damage":53,"enemies":"Hexaghost","floor":16,"turns":11},{"damage":25,"enemies":"3 Byrds","floor":18,"turns":6},{"damage":0,"enemies":"Spheric Guardian","floor":19,"turns":2},{"damage":18,"enemies":"Snecko","floor":22,"turns":5},{"damage":17,"enemies":"Colosseum Slavers","floor":24,"turns":5},{"damage":27,"enemies":"Masked Bandits","floor":25,"turns":4}],"seed_played":"7229430510768134027","potions_obtained":[{"floor":1,"key":"AttackPotion"},{"floor":8,"key":"Energy Potion"},{"floor":14,"key":"Explosive Potion"},{"floor":17,"key":"Dexterity Potion"},{"floor":22,"key":"Block Potion"}],"is_trial":false,"path_per_floor":["M","?","?","M","?","E","R","E","T","$","R","T","M","M","R","B",null,"M","M","$","T","M","R","?","?"],"character_chosen":"DEFECT","items_purchased":["Ancient Tea Set","Panacea","Molten Egg 2"],"campfire_rested":0,"item_purchase_floors":[10,10,20],"current_hp_per_floor":[75,75,60,60,60,60,60,49,56,56,56,56,56,56,56,3,87,62,62,62,62,44,44,27,0],"gold":96,"neow_bonus":"THREE_ENEMY_KILL","is_prod":false,"is_daily":false,"chose_seed":false,"campfire_upgraded":3,"win_rate":0,"timestamp":1547130157,"path_taken":["M","?","?","M","?","E","R","E","T","$","R","?","M","M","R","BOSS","M","M","$","?","?","R","?","?"],"build_version":"2019-01-03v4","purchased_purges":1,"victory":false,"max_hp_per_floor":[75,75,75,75,75,75,75,75,82,82,82,82,82,82,82,82,87,87,87,87,87,87,87,87,87],"card_choices":[{"not_picked":["Barrage","Coolheaded"],"picked":"Melter","floor":1},{"not_picked":["Streamline","Sweeping Beam"],"picked":"Conserve Battery","floor":4},{"not_picked":["Chaos","Blizzard"],"picked":"Scrape","floor":6},{"not_picked":["Streamline","Beam Cell"],"picked":"FTL","floor":8},{"not_picked":["Reinforced Body","Leap"],"picked":"Storm","floor":13},{"not_picked":["Multi-Cast","Doom and Gloom"],"picked":"Coolheaded","floor":14},{"not_picked":["Core Surge","Biased Cognition"],"picked":"Machine Learning","floor":16},{"not_picked":["Coolheaded","Doom and Gloom"],"picked":"Leap","floor":17},{"not_picked":["Stack","Lockon"],"picked":"Cold Snap+1","floor":18},{"not_picked":["Reprogram","Auto Shields"],"picked":"Gash","floor":19},{"not_picked":["Genetic Algorithm","Recycle"],"picked":"Skim+1","floor":22}],"player_experience":379544,"relics_obtained":[{"floor":6,"key":"Tiny Chest"},{"floor":8,"key":"Bottled Lightning"},{"floor":9,"key":"Strawberry"},{"floor":12,"key":"Matryoshka"},{"floor":21,"key":"Oddly Smooth Stone"},{"floor":21,"key":"Girya"}],"event_choices":[{"damage_healed":0,"gold_gain":80,"player_choice":"Gained Gold","damage_taken":0,"max_hp_gain":0,"max_hp_loss":0,"event_name":"Golden Wing","floor":2,"gold_loss":0},{"damage_healed":0,"gold_gain":0,"player_choice":"Entered Light","damage_taken":15,"max_hp_gain":0,"max_hp_loss":0,"event_name":"Shining Light","floor":3,"gold_loss":0,"cards_upgraded":["Strike_B","Defend_B"]},{"damage_healed":0,"gold_gain":0,"player_choice":"Take Wound","damage_taken":0,"relics_obtained":["Golden Idol"],"max_hp_gain":0,"max_hp_loss":0,"event_name":"Golden Idol","floor":5,"gold_loss":0,"cards_obtained":["Injury"]},{"damage_healed":0,"gold_gain":0,"player_choice":"Fight","damage_taken":0,"max_hp_gain":0,"max_hp_loss":0,"event_name":"Colosseum","floor":24,"gold_loss":0},{"damage_healed":0,"gold_gain":0,"player_choice":"Fled From Nobs","damage_taken":0,"max_hp_gain":0,"max_hp_loss":0,"event_name":"Colosseum","floor":24,"gold_loss":0},{"damage_healed":0,"gold_gain":0,"player_choice":"Fought Bandits","damage_taken":0,"max_hp_gain":0,"max_hp_loss":0,"event_name":"Masked Bandits","floor":25,"gold_loss":0}],"is_beta":false,"boss_relics":[{"not_picked":["Calling Bell","Ectoplasm"],"picked":"Tiny House"}],"items_purged_floors":[10],"is_endless":false,"potions_floor_spawned":[1,8,14,18,22,24],"killed_by":"Masked Bandits","ascension_level":1}