{"gold_per_floor":[113,127,127,144,144,144,169,184,265,265,4,16,16,36,36,133,133,153,172,182,182,196,196,121,154,231,244,278,278,293,304,304,407,407,419,419,437,450,550,550,256,256,279,306,306,13,348,358,358,358,358,358,121,147,147],"floor_reached":56,"playtime":4282,"items_purged":["Strike_R","Strike_R","Defend_R"],"score":1374,"play_id":"e7eee85f-0bee-4096-a1f5-1eaffc4e3eeb","local_time":"20190202100007","is_ascension_mode":false,"campfire_choices":[{"floor":6.0,"key":"RECALL"},{"data":"Perfected Strike","floor":10.0,"key":"SMITH"},{"data":"Flame Barrier","floor":15.0,"key":"SMITH"},{"data":"Bludgeon","floor":23.0,"key":"SMITH"},{"data":"Perfected Strike","floor":32.0,"key":"SMITH"},{"data":"Spot Weakness","floor":40.0,"key":"SMITH"},{"data":"Heavy Blade","floor":42.0,"key":"SMITH"},{"data":"Brutality","floor":49.0,"key":"SMITH"},{"data":"Heavy Blade","floor":52.0,"key":"SMITH"}],"neow_cost":"NONE","seed_source_timestamp":0,"circlet_count":0,"master_deck":["Strike_R","Strike_R","Defend_R","Defend_R","Bash+1","True Grit","Flex","Reaper","Perfected Strike+1","Heavy Blade","Cleave","Flame Barrier+1","Bludgeon+1","Perfected Strike+1","Cleave+1","Perfected Strike+1","Heavy Blade+1","Entrench","Pain","Flame Barrier","Reaper","Shockwave","Heavy Blade+1","Flame Barrier+1","Barricade","Spot Weakness+1","Rupture","Entrench","Decay","Brutality+1","Inflame","Flame Barrier+1","Heavy Blade","Inflame","Infernal Blade"],"special_seed":0,"relics":["Snecko Eye","Du-Vu Doll","Darkstone Periapt","Matryoshka","Cursed Key","Strawberry","Bag of Marbles","Self Forming Clay","Centennial Puzzle","Runic Cube","Torii","DollysMirror","Bottled Flame","Orichalcum","Boot","Shuriken","Old Coin","Thread and Needle"],"potions_floor_usage":[55],"damage_taken":[{"damage":1.0,"enemies":"Jaw Worm","floor":1.0,"turns":6.0},{"damage":0.0,"enemies":"Cultist","floor":2.0,"turns":4.0},{"damage":0.0,"enemies":"2 Louse","floor":4.0,"turns":3.0},{"damage":29.0,"enemies":"3 Sentries","floor":7.0,"turns":9.0},{"damage":7.0,"enemies":"Blue Slaver","floor":8.0,"turns":2.0},{"damage":0.0,"enemies":"Exordium Thugs","floor":12.0,"turns":4.0},{"damage":0.0,"enemies":"2 Fungi Beasts","floor":14.0,"turns":2.0},{"damage":5.0,"enemies":"Slime Boss","floor":16.0,"turns":7.0},{"damage":0.0,"enemies":"Shell Parasite","floor":18.0,"turns":2.0},{"damage":3.0,"enemies":"3 Byrds","floor":19.0,"turns":3.0},{"damage":8.0,"enemies":"Centurion and Healer","floor":20.0,"turns":2.0},{"damage":9.0,"enemies":"Snake Plant","floor":22.0,"turns":3.0},{"damage":0.0,"enemies":"Slavers","floor":25.0,"turns":3.0},{"damage":6.0,"enemies":"3 Cultists","floor":27.0,"turns":3.0},{"damage":7.0,"enemies":"Book of Stabbing","floor":28.0,"turns":4.0},{"damage":2.0,"enemies":"Centurion and Healer","floor":30.0,"turns":3.0},{"damage":6.0,"enemies":"Sentry and Sphere","floor":31.0,"turns":3.0},{"damage":47.0,"enemies":"Champ","floor":33.0,"turns":5.0},{"damage":7.0,"enemies":"3 Darklings","floor":35.0,"turns":4.0},{"damage":8.0,"enemies":"3 Shapes","floor":37.0,"turns":2.0},{"damage":5.0,"enemies":"Sphere and 2 Shapes","floor":38.0,"turns":3.0},{"damage":9.0,"enemies":"Mind Bloom Boss Battle","floor":39.0,"turns":3.0},{"damage":19.0,"enemies":"Giant Head","floor":44.0,"turns":5.0},{"damage":0.0,"enemies":"Reptomancer","floor":47.0,"turns":2.0},{"damage":4.0,"enemies":"Jaw Worm Horde","floor":48.0,"turns":3.0},{"damage":23.0,"enemies":"Donu and Deca","floor":50.0,"turns":4.0},{"damage":20.0,"enemies":"Shield and Spear","floor":54.0,"turns":7.0},{"damage":61,"enemies":"The Heart","floor":55,"turns":9}],"seed_played":"8630118669441512620","potions_obtained":[{"floor":2.0,"key":"PowerPotion"},{"floor":8.0,"key":"FairyPotion"},{"floor":14.0,"key":"Block Potion"},{"floor":22.0,"key":"LiquidBronze"},{"floor":27.0,"key":"Ancient Potion"},{"floor":30.0,"key":"Energy Potion"},{"floor":38.0,"key":"Fire Potion"},{"floor":47.0,"key":"Weak Potion"},{"floor":48.0,"key":"SteroidPotion"}],"is_trial":false,"path_per_floor":["M","M","?","M","T","R","E","M","T","R","$","M","?","M","R","B",null,"M","M","M","?","M","R","$","E","T","M","E","?","M","M","R","B",null,"M","?","M","M","?","R","$","R","T","E","?","$","E","M","R","B",null,"R","$","E","B",null],"character_chosen":"IRONCLAD","items_purchased":["Matryoshka","DollysMirror","Inflame","Shuriken","Inflame","EssenceOfSteel"],"campfire_rested":0,"item_purchase_floors":[11,41,46,46,53,53],"current_hp_per_floor":[79,79,72,72,72,72,55,54,54,54,54,58,58,59,59,60,80,80,77,69,69,60,60,60,67,73,71,74,74,91,92,92,51,93,93,93,89,91,92,92,92,92,98,99,99,99,99,95,95,82,99,99,99,98,59],"gold":147,"neow_bonus":"BOSS_RELIC","is_prod":false,"is_daily":false,"chose_seed":false,"campfire_upgraded":8,"win_rate":0,"timestamp":1549119607,"path_taken":["M","M","?","M","?","R","E","M","T","R","?","M","?","M","R","BOSS","M","M","M","?","M","R","?","E","T","M","E","?","M","M","R","BOSS","M","?","M","M","?","R","$","R","T","E","?","$","E","M","R","BOSS","R","$","E","BOSS"],"build_version":"2019-01-23","purchased_purges":3,"victory":true,"max_hp_per_floor":[80,80,80,80,80,80,80,80,80,80,80,80,80,80,80,80,80,80,80,80,80,80,80,80,87,93,93,93,93,93,93,93,93,93,93,93,93,93,93,93,93,93,99,99,99,99,99,99,99,99,99,99,99,99,99],"card_choices":[{"not_picked":["Warcry","Reckless Charge"],"picked":"True Grit","floor":1.0},{"not_picked":["True Grit","Bloodletting"],"picked":"Flex","floor":2.0},{"not_picked":["Evolve","Whirlwind"],"picked":"Reaper","floor":4.0},{"not_picked":["Flex","Thunderclap"],"picked":"Perfected Strike","floor":7.0},{"not_picked":["Iron Wave","Rupture"],"picked":"Heavy Blade","floor":8.0},{"not_picked":["Flex","Thunderclap"],"picked":"Cleave","floor":12.0},{"not_picked":["Clash","Iron Wave"],"picked":"Flame Barrier","floor":14.0},{"not_picked":["Immolate","Dark Embrace"],"picked":"Bludgeon","floor":16.0},{"not_picked":["Body Slam+1","Carnage"],"picked":"Perfected Strike","floor":18.0},{"not_picked":["Searing Blow","Shrug It Off"],"picked":"Cleave+1","floor":19.0},{"not_picked":["Reckless Charge","Warcry","Cleave"],"picked":"SKIP","floor":20.0},{"not_picked":["Flex","Hemokinesis"],"picked":"Heavy Blade","floor":22.0},{"not_picked":["Body Slam","Dropkick+1"],"picked":"Entrench","floor":25.0},{"not_picked":["Shrug It Off+1","Clash"],"picked":"Flame Barrier","floor":27.0},{"not_picked":["Pummel+1","Sentinel"],"picked":"Reaper","floor":28.0},{"not_picked":["Headbutt","Sword Boomerang"],"picked":"Heavy Blade","floor":30.0},{"not_picked":["Iron Wave+1","Rampage"],"picked":"Flame Barrier+1","floor":31.0},{"not_picked":["Feed","Fiend Fire"],"picked":"Barricade","floor":33.0},{"not_picked":["Metallicize","Armaments+1"],"picked":"Spot Weakness","floor":35.0},{"not_picked":["Clash+1","Wild Strike","Shrug It Off"],"picked":"SKIP","floor":37.0},{"not_picked":["Wild Strike","Cleave+1"],"picked":"Rupture","floor":38.0},{"not_picked":["Uppercut+1","True Grit"],"picked":"Brutality","floor":44.0},{"not_picked":["Thunderclap","Perfected Strike+1"],"picked":"Flame Barrier+1","floor":47.0},{"not_picked":["True Grit","Wild Strike+1"],"picked":"Heavy Blade","floor":48.0},{"not_picked":["Blood for Blood+1","Double Tap"],"picked":"Infernal Blade","floor":54}],"player_experience":129260,"relics_obtained":[{"floor":7.0,"key":"Du-Vu Doll"},{"floor":9.0,"key":"Darkstone Periapt"},{"floor":25.0,"key":"Strawberry"},{"floor":26.0,"key":"Bag of Marbles"},{"floor":26.0,"key":"Self Forming Clay"},{"floor":28.0,"key":"Centennial Puzzle"},{"floor":39.0,"key":"Torii"},{"floor":43.0,"key":"Bottled Flame"},{"floor":43.0,"key":"Orichalcum"},{"floor":44.0,"key":"Boot"},{"floor":47.0,"key":"Old Coin"},{"floor":54,"key":"Thread and Needle"}],"event_choices":[{"cards_removed":["Strike_R"],"damage_healed":0.0,"max_hp_gain":0.0,"max_hp_loss":0.0,"gold_gain":0.0,"event_name":"Golden Wing","player_choice":"Card Removal","floor":3.0,"gold_loss":0.0,"damage_taken":7.0},{"damage_healed":0.0,"max_hp_gain":0.0,"max_hp_loss":0.0,"gold_gain":0.0,"event_name":"Living Wall","player_choice":"Grow","floor":13.0,"gold_loss":0.0,"damage_taken":0.0,"cards_upgraded":["Bash"]},{"damage_healed":0.0,"max_hp_gain":0.0,"max_hp_loss":0.0,"gold_gain":0.0,"event_name":"Duplicator","player_choice":"Copied","floor":21.0,"gold_loss":0.0,"damage_taken":0.0,"cards_obtained":["Perfected Strike"]},{"damage_healed":0.0,"max_hp_gain":0.0,"max_hp_loss":0.0,"gold_gain":0.0,"event_name":"The Library","player_choice":"Read","floor":29.0,"gold_loss":0.0,"damage_taken":0.0,"cards_obtained":["Shockwave"]},{"damage_healed":0.0,"max_hp_gain":0.0,"max_hp_loss":0.0,"gold_gain":0.0,"event_name":"Tomb of Lord Red Mask","player_choice":"Ignored","floor":36.0,"gold_loss":0.0,"damage_taken":0.0},{"damage_healed":0.0,"max_hp_gain":0.0,"max_hp_loss":0.0,"gold_gain":0.0,"event_name":"MindBloom","player_choice":"Fight","floor":39.0,"gold_loss":0.0,"damage_taken":0.0},{"cards_removed":["Defend_R"],"damage_healed":0.0,"max_hp_gain":0.0,"max_hp_loss":0.0,"gold_gain":0.0,"event_name":"Falling","player_choice":"Removed Skill","floor":45.0,"gold_loss":0.0,"damage_taken":0.0}],"is_beta":false,"boss_relics":[{"not_picked":["Velvet Choker","Philosopher\u0027s Stone"],"picked":"Cursed Key"},{"not_picked":["Runic Dome","Lizard Tail"],"picked":"Runic Cube"}],"items_purged_floors":[24,41,53],"is_endless":false,"potions_floor_spawned":[2,8,14,22,27,30,38,47,48],"ascension_level":0}