{"gold_per_floor":[116,127,402,281,293,324,324,344,399,399,28,45,57,57,57,157,157,173,188,287,287,212,11,29,29,110,139,139,139],"floor_reached":29,"playtime":2846,"items_purged":["Defend_B","Regret","Dualcast"],"score":245,"play_id":"63c1bea8-b800-4ec2-a4d7-b917268bc7d2","local_time":"20190208101222","is_ascension_mode":false,"campfire_choices":[{"floor":7.0,"key":"RECALL"},{"data":"Coolheaded","floor":10.0,"key":"SMITH"},{"data":"Coolheaded","floor":15.0,"key":"SMITH"}],"neow_cost":"TEN_PERCENT_HP_LOSS","seed_source_timestamp":0,"circlet_count":0,"master_deck":["Strike_B","Strike_B","Defend_B","Zap","BootSequence","Conserve Battery","Conserve Battery","Chaos","Genetic Algorithm","Coolheaded+1","Self Repair","Gash","Coolheaded+1","Reboot","Defragment","Double Energy","Gash+1"],"special_seed":0,"relics":["Cracked Core","Letter Opener","Runic Capacitor","Philosopher\u0027s Stone","Dodecahedron","Dream Catcher"],"potions_floor_usage":[19,24,25],"damage_taken":[{"damage":0.0,"enemies":"Cultist","floor":1.0,"turns":3.0},{"damage":1.0,"enemies":"Jaw Worm","floor":2.0,"turns":2.0},{"damage":0.0,"enemies":"2 Louse","floor":5.0,"turns":2.0},{"damage":30.0,"enemies":"Lagavulin","floor":6.0,"turns":8.0},{"damage":2.0,"enemies":"2 Fungi Beasts","floor":8.0,"turns":3.0},{"damage":0.0,"enemies":"Blue Slaver","floor":12.0,"turns":4.0},{"damage":0.0,"enemies":"Looter","floor":13.0,"turns":3.0},{"damage":28.0,"enemies":"Hexaghost","floor":16.0,"turns":13.0},{"damage":23.0,"enemies":"3 Byrds","floor":18.0,"turns":4.0},{"damage":10,"enemies":"Shell Parasite","floor":19,"turns":5},{"damage":5,"enemies":"Cultist and Chosen","floor":24,"turns":8},{"damage":0,"enemies":"3 Cultists","floor":25,"turns":3},{"damage":44,"enemies":"Gremlin Leader","floor":27,"turns":10},{"damage":30,"enemies":"Book of Stabbing","floor":29,"turns":5}],"seed_played":"-8032727263293397625","potions_obtained":[{"floor":1.0,"key":"EssenceOfSteel"},{"floor":6.0,"key":"LiquidBronze"},{"floor":13.0,"key":"SmokeBomb"},{"floor":18.0,"key":"Swift Potion"},{"floor":19,"key":"Strength Potion"}],"is_trial":false,"path_per_floor":["M","M","?","$","M","E","R","M","T","R","$","M","M","?","R","B",null,"M","M","?","?","?","$","M","M","T","E","?","E"],"character_chosen":"DEFECT","items_purchased":["Conserve Battery","Self Repair","Runic Capacitor","Defragment"],"campfire_rested":0,"item_purchase_floors":[4,11,11,23],"current_hp_per_floor":[68,67,67,67,67,37,37,35,35,35,35,42,49,49,49,28,68,52,49,49,49,49,49,51,58,58,21,21,0],"gold":139,"neow_bonus":"REMOVE_TWO","is_prod":false,"is_daily":false,"chose_seed":false,"campfire_upgraded":2,"win_rate":0,"timestamp":1549638742,"path_taken":["M","?","?","$","M","E","R","M","T","R","?","M","?","?","R","BOSS","M","M","?","?","?","?","M","M","T","E","?","E"],"build_version":"2019-01-23","purchased_purges":3,"victory":false,"max_hp_per_floor":[68,68,68,68,68,68,68,68,68,68,68,68,68,68,68,68,68,68,68,68,68,68,68,68,68,68,68,68,68],"card_choices":[{"not_picked":["Stack","Heatsinks"],"picked":"BootSequence","floor":1.0},{"not_picked":["Go for the Eyes","Steam"],"picked":"Conserve Battery","floor":2.0},{"not_picked":["Conserve Battery","Redo"],"picked":"Chaos","floor":5.0},{"not_picked":["Sweeping Beam","Conserve Battery"],"picked":"Genetic Algorithm","floor":6.0},{"not_picked":["Turbo","Leap"],"picked":"Coolheaded","floor":8.0},{"not_picked":["Hologram","Compile Driver"],"picked":"Gash","floor":12.0},{"not_picked":["Leap","Redo"],"picked":"Coolheaded","floor":13.0},{"not_picked":["Thunder Strike","Seek"],"picked":"Reboot","floor":16.0},{"not_picked":["Beam Cell","Stack","BootSequence+1"],"picked":"SKIP","floor":18.0},{"not_picked":["Storm","Darkness","Reprogram"],"picked":"SKIP","floor":19},{"not_picked":["Rebound+1","Redo"],"picked":"Double Energy","floor":24},{"not_picked":["Barrage+1","Beam Cell"],"picked":"Gash+1","floor":27}],"player_experience":158122,"relics_obtained":[{"floor":6.0,"key":"Letter Opener"},{"floor":26,"key":"Dodecahedron"},{"floor":27,"key":"Dream Catcher"}],"event_choices":[{"damage_healed":0.0,"max_hp_gain":0.0,"max_hp_loss":0.0,"gold_gain":275.0,"event_name":"Golden Shrine","player_choice":"Desecrate","floor":3.0,"gold_loss":0.0,"damage_taken":0.0,"cards_obtained":["Regret"]},{"damage_healed":0.0,"max_hp_gain":0.0,"max_hp_loss":0.0,"gold_gain":0.0,"event_name":"The Woman in Blue","player_choice":"Bought 0 Potions","floor":14.0,"gold_loss":0.0,"damage_taken":0.0},{"damage_healed":0,"gold_gain":99,"player_choice":"Stole From Cult","damage_taken":0,"max_hp_gain":0,"max_hp_loss":0,"event_name":"Nest","floor":20,"gold_loss":0},{"damage_healed":0,"gold_gain":0,"player_choice":"Ignored","damage_taken":0,"max_hp_gain":0,"max_hp_loss":0,"event_name":"Ghosts","floor":21,"gold_loss":0},{"cards_removed":["Defend_B"],"damage_healed":0,"gold_gain":0,"player_choice":"Gave Gold","damage_taken":0,"max_hp_gain":0,"max_hp_loss":0,"event_name":"Beggar","floor":22,"gold_loss":75},{"cards_removed":["Strike_B"],"damage_healed":0,"gold_gain":0,"player_choice":"Elegance","damage_taken":0,"max_hp_gain":0,"max_hp_loss":0,"event_name":"Back to Basics","floor":28,"gold_loss":0}],"is_beta":false,"boss_relics":[{"not_picked":["Pandora\u0027s Box","White Beast Statue"],"picked":"Philosopher\u0027s Stone"}],"items_purged_floors":[4,11,23],"is_endless":false,"potions_floor_spawned":[1,6,13,18,19],"killed_by":"Book of Stabbing","ascension_level":0}