{"path_per_floor":["M","?","?","M","M","R","M","R","T","R","M","$","R","$","R","B",null,"M","M","?","M","M","R"],"character_chosen":"IRONCLAD","items_purchased":["Thread and Needle"],"gold_per_floor":[369,369,369,381,397,397,414,414,437,437,455,69,69,69,69,172,172,190,207,207,225,237,237],"floor_reached":24,"campfire_rested":0,"playtime":3063,"current_hp_per_floor":[72,72,72,68,72,72,67,67,67,67,66,66,66,66,66,24,72,72,72,57,53,51,51],"items_purged":["Strike_R"],"gold":237,"play_id":"9a668422-0d85-4cf2-b69f-5e55d3fcaa5b","is_prod":false,"is_daily":false,"is_ascension_mode":true,"campfire_upgraded":6,"path_taken":["M","?","?","?","M","R","M","R","T","R","M","$","R","$","R","BOSS","M","M","?","M","M","R","E"],"build_version":"2018-01-25-PROD2","purchased_purges":1,"victory":false,"master_deck":["Strike_R","Defend_R","Defend_R","Defend_R","Bash+1","Inflame+1","Deep Breath+1","Evolve+1","True Grit+1","Headbutt","Headbutt","Body Slam+1","Blood for Blood+1","Battle Trance+1","Seeing Red+1","Whirlwind"],"max_hp_per_floor":[72,72,72,72,72,72,72,72,72,72,72,72,72,72,72,72,72,72,72,77,77,77,77],"relics":["Burning Blood","Pen Nib","Thread and Needle","Astrolabe"],"card_choices":[{"not_picked":["Rampage","Flex"],"picked":"Inflame"},{"not_picked":["Thunderclap","Rampage"],"picked":"Evolve"},{"not_picked":["Wild Strike","Iron Wave"],"picked":"True Grit"},{"not_picked":["Twin Strike","Thunderclap"],"picked":"Headbutt"},{"not_picked":["Anger","Feel No Pain"],"picked":"Headbutt"},{"not_picked":["Body Slam","True Grit"],"picked":"Seeing Red"},{"not_picked":["Headbutt","Warcry"],"picked":"Whirlwind"}],"player_experience":74350,"potions_floor_usage":[],"damage_taken":[{"damage":0.0,"enemies":"2 Louse","floor":1.0,"turns":3.0},{"damage":10.0,"enemies":"Cultist","floor":4.0,"turns":4.0},{"damage":0.0,"enemies":"Small Slimes","floor":5.0,"turns":5.0},{"damage":11.0,"enemies":"Red Slaver","floor":7.0,"turns":7.0},{"damage":7.0,"enemies":"Looter","floor":11.0,"turns":4.0},{"damage":63.0,"enemies":"Hexaghost","floor":16.0,"turns":10.0},{"damage":6.0,"enemies":"Spheric Guardian","floor":18.0,"turns":4.0},{"damage":0.0,"enemies":"Shell Parasite","floor":19.0,"turns":5.0},{"damage":10.0,"enemies":"Snecko","floor":21.0,"turns":5.0},{"damage":8,"enemies":"Centurion and Healer","floor":22,"turns":5},{"damage":51,"enemies":"Slavers","floor":24,"turns":4}],"event_choices":[{"event_name":"Living Wall","player_choice":"Forget","floor":2.0,"damage_taken":0.0},{"event_name":"Match and Keep!","player_choice":"1 cards matched","floor":3.0,"damage_taken":0.0},{"event_name":"Forgotten Altar","player_choice":"Shed Blood","floor":20.0,"damage_taken":0.0}],"boss_relics":[],"potions_floor_spawned":[1,4,7,16,18,19],"seed_played":"3882787153279090856","killed_by":"Slavers","ascension_level":1,"is_trial":false}