{"gold_per_floor":[118,128,138,138,138,154,154,173,173,173],"floor_reached":10,"playtime":460,"items_purged":[],"score":60,"play_id":"1fd80245-ab34-4571-b677-30d098da538f","local_time":"20190131112942","is_ascension_mode":false,"campfire_choices":[{"data":"Distraction","floor":7,"key":"SMITH"}],"neow_cost":"NONE","seed_source_timestamp":1729589842042558,"circlet_count":0,"master_deck":["Defend_G","Defend_G+1","Defend_G","Defend_G","Defend_G+1","Strike_G","Strike_G","Strike_G","Strike_G","Strike_G","Survivor","Neutralize","Distraction+1","Acrobatics","Terror","Outmaneuver","Deadly Poison"],"relics":["Ring of the Snake","NeowsBlessing"],"potions_floor_usage":[],"damage_taken":[{"damage":0,"enemies":"Cultist","floor":1,"turns":1},{"damage":0,"enemies":"Small Slimes","floor":2,"turns":1},{"damage":0,"enemies":"Jaw Worm","floor":3,"turns":1},{"damage":4,"enemies":"Red Slaver","floor":6,"turns":3},{"damage":33,"enemies":"Gremlin Gang","floor":8,"turns":9},{"damage":0,"enemies":"3 Louse","floor":10,"turns":1}],"seed_played":"-4741870716096218678","potions_obtained":[{"floor":1,"key":"Dexterity Potion"}],"is_trial":false,"path_per_floor":["M","M","M","?","?","M","R","M","T","M"],"character_chosen":"THE_SILENT","items_purchased":[],"campfire_rested":0,"item_purchase_floors":[],"current_hp_per_floor":[70,70,70,56,56,52,52,19,19,19],"gold":173,"neow_bonus":"THREE_ENEMY_KILL","is_prod":false,"is_daily":false,"chose_seed":false,"campfire_upgraded":1,"win_rate":0,"timestamp":1548952182,"path_taken":["M","M","M","?","?","M","R","M","T","?"],"build_version":"2019-01-23","purchased_purges":0,"victory":false,"max_hp_per_floor":[70,70,70,70,70,70,70,70,70,70],"card_choices":[{"not_picked":["Skewer","Underhanded Strike"],"picked":"Distraction","floor":1},{"not_picked":["Caltrops","Sucker Punch"],"picked":"Acrobatics","floor":2},{"not_picked":["Dagger Spray","Flying Knee"],"picked":"Terror","floor":3},{"not_picked":["Acrobatics","Riddle With Holes"],"picked":"Outmaneuver","floor":6},{"not_picked":["Unload","Skewer"],"picked":"Deadly Poison","floor":8}],"player_experience":114712,"relics_obtained":[],"event_choices":[{"damage_healed":0,"gold_gain":0,"player_choice":"Entered Light","damage_taken":14,"max_hp_gain":0,"max_hp_loss":0,"event_name":"Shining Light","floor":4,"gold_loss":0,"cards_upgraded":["Defend_G","Defend_G"]},{"damage_healed":0,"gold_gain":0,"player_choice":"Bought 0 Potions","damage_taken":0,"max_hp_gain":0,"max_hp_loss":0,"event_name":"The Woman in Blue","floor":5,"gold_loss":0}],"is_beta":false,"boss_relics":[],"items_purged_floors":[],"is_endless":false,"potions_floor_spawned":[1],"killed_by":"3 Louse","ascension_level":0}