{"gold_per_floor":[109,127,147,97,197,197,211,228,304,321,355,325,250,280,280,384,384,399,146,61,61,77,77,107,107,107,124,124],"floor_reached":28,"playtime":1858,"items_purged":["Strike_B","Strike_B"],"score":285,"play_id":"a6d95d8b-d7d5-45bb-9789-9286bec97c5c","local_time":"20190317123203","is_ascension_mode":true,"campfire_choices":[{"floor":6.0,"key":"RECALL"},{"floor":15.0,"key":"REST"},{"data":"Echo Form","floor":23,"key":"SMITH"},{"floor":25,"key":"REST"}],"neow_cost":"NONE","seed_source_timestamp":0,"circlet_count":0,"master_deck":["Strike_B","Strike_B","Defend_B","Defend_B","Defend_B","Defend_B","Zap","Undo","Loop","Loop","Hologram","Ball Lightning","Defragment","Reboot","Cold Snap+1","Echo Form+1","Loop","Normality"],"special_seed":0,"relics":["Black Star","StoneCalendar","Bag of Marbles","Pen Nib","DataDisk","Cursed Key","PreservedInsect","Symbiotic Virus","Boot","Gremlin Horn"],"potions_floor_usage":[28],"damage_taken":[{"damage":1.0,"enemies":"Cultist","floor":1.0,"turns":3.0},{"damage":2.0,"enemies":"Jaw Worm","floor":2.0,"turns":6.0},{"damage":1.0,"enemies":"Small Slimes","floor":3.0,"turns":4.0},{"damage":2.0,"enemies":"Exordium Thugs","floor":7.0,"turns":4.0},{"damage":8.0,"enemies":"Blue Slaver","floor":8.0,"turns":5.0},{"damage":9.0,"enemies":"2 Fungi Beasts","floor":10.0,"turns":6.0},{"damage":45.0,"enemies":"3 Sentries","floor":11.0,"turns":10.0},{"damage":0.0,"enemies":"Looter","floor":12.0,"turns":4.0},{"damage":21.0,"enemies":"Lagavulin","floor":14.0,"turns":6.0},{"damage":6.0,"enemies":"Hexaghost","floor":16.0,"turns":8.0},{"damage":16,"enemies":"3 Byrds","floor":18,"turns":6},{"damage":22,"enemies":"2 Thieves","floor":22,"turns":3},{"damage":31,"enemies":"Slavers","floor":24,"turns":4},{"damage":15,"enemies":"Sentry and Sphere","floor":27,"turns":5},{"damage":33,"enemies":"Shelled Parasite and Fungi","floor":28,"turns":2}],"seed_played":"934127516403534627","potions_obtained":[{"floor":2.0,"key":"PowerPotion"},{"floor":7.0,"key":"PowerPotion"},{"floor":8.0,"key":"SteroidPotion"},{"floor":10.0,"key":"Regen Potion"},{"floor":27,"key":"Explosive Potion"}],"is_trial":false,"path_per_floor":["M","M","M","?","?","R","M","M","T","M","E","M","$","E","R","B",null,"M","$","?","?","M","R","E","R","T","M","M"],"character_chosen":"DEFECT","items_purchased":["Echo Form"],"campfire_rested":2,"item_purchase_floors":[19],"current_hp_per_floor":[74,72,71,71,71,71,69,61,61,52,22,22,22,1,23,17,75,59,59,59,59,37,37,6,28,28,13,0],"gold":124,"neow_bonus":"BOSS_RELIC","is_prod":false,"is_daily":false,"chose_seed":false,"campfire_upgraded":1,"win_rate":0,"timestamp":1552840323,"path_taken":["M","?","M","?","?","R","M","?","T","M","E","M","$","E","R","BOSS","M","$","?","?","M","R","E","R","T","M","M"],"build_version":"2019-01-23","purchased_purges":2,"victory":false,"max_hp_per_floor":[75,75,75,75,75,75,75,75,75,75,75,75,75,75,75,75,75,75,75,75,75,75,75,75,75,75,75,75],"card_choices":[{"not_picked":["Stack","Redo"],"picked":"Undo","floor":1.0},{"not_picked":["Skim","Undo"],"picked":"Loop","floor":2.0},{"not_picked":["Scrape","Streamline"],"picked":"Loop","floor":3.0},{"not_picked":["Stack","Amplify","Gash"],"picked":"SKIP","floor":7.0},{"not_picked":["Beam Cell","Compile Driver","Redo"],"picked":"SKIP","floor":8.0},{"not_picked":["Barrage","Stack"],"picked":"Hologram","floor":10.0},{"not_picked":["Turbo","Rebound"],"picked":"Ball Lightning","floor":11.0},{"not_picked":["Chill","FTL"],"picked":"Defragment","floor":12.0},{"not_picked":["Barrage","Leap"],"picked":"Reboot","floor":14.0},{"not_picked":["Leap","Beam Cell"],"picked":"Cold Snap+1","floor":18},{"not_picked":["Reinforced Body","Hologram+1"],"picked":"Loop","floor":22},{"not_picked":["Reprogram+1","Reinforced Body","Fusion"],"picked":"SKIP","floor":24},{"not_picked":["Recycle+1","Beam Cell+1","Barrage"],"picked":"SKIP","floor":27}],"player_experience":310827,"relics_obtained":[{"floor":11.0,"key":"StoneCalendar"},{"floor":11.0,"key":"Bag of Marbles"},{"floor":14.0,"key":"Pen Nib"},{"floor":14.0,"key":"DataDisk"},{"floor":24,"key":"Symbiotic Virus"},{"floor":24,"key":"Boot"},{"floor":26,"key":"Gremlin Horn"}],"event_choices":[{"cards_removed":["Dualcast"],"damage_healed":0.0,"max_hp_gain":0.0,"max_hp_loss":0.0,"gold_gain":0.0,"event_name":"The Cleric","player_choice":"Card Removal","floor":4.0,"gold_loss":50.0,"damage_taken":0.0},{"damage_healed":0.0,"max_hp_gain":0.0,"max_hp_loss":0.0,"gold_gain":100.0,"event_name":"Golden Shrine","player_choice":"Pray","floor":5.0,"gold_loss":0.0,"damage_taken":0.0},{"damage_healed":0,"gold_gain":0,"player_choice":"Obtained Relic","damage_taken":0,"relics_obtained":["PreservedInsect"],"max_hp_gain":0,"max_hp_loss":0,"event_name":"Addict","floor":20,"gold_loss":85},{"damage_healed":0,"gold_gain":0,"player_choice":"Ignored","damage_taken":0,"max_hp_gain":0,"max_hp_loss":0,"event_name":"Beggar","floor":21,"gold_loss":0}],"is_beta":false,"boss_relics":[{"not_picked":["Calling Bell","Inserter"],"picked":"Cursed Key"}],"items_purged_floors":[13,19],"is_endless":false,"potions_floor_spawned":[2,7,8,10,27],"killed_by":"Shelled Parasite and Fungi","ascension_level":3}