{"gold_per_floor":[118,118,138,99,111,138,138,156,156,156,156,156,184,199,199,298,298,317,94,194,205,217,244,244,259,282,282,282,282,309,323,323,426,426,438,456,115,115,133,133,159,159,159,159,11,25,39,314,314,314],"floor_reached":51,"playtime":6976,"items_purged":[],"score":675,"play_id":"91878fec-4f7f-4360-a8f8-34ac5b7643b4","local_time":"20190315220744","is_ascension_mode":false,"campfire_choices":[{"floor":10.0,"key":"REST"},{"data":"Dualcast","floor":12.0,"key":"SMITH"},{"floor":15.0,"key":"REST"},{"floor":24.0,"key":"REST"},{"floor":27.0,"key":"REST"},{"floor":29.0,"key":"REST"},{"floor":32.0,"key":"REST"},{"floor":40,"key":"REST"},{"floor":42,"key":"REST"},{"floor":44,"key":"REST"},{"data":"White Noise","floor":49,"key":"SMITH"}],"neow_cost":"NONE","seed_source_timestamp":0,"circlet_count":0,"master_deck":["Strike_B","Strike_B","Strike_B","Defend_B","Defend_B","Defend_B","Defend_B","Zap","Dualcast+1","Leap","Coolheaded","Doom and Gloom","Sweeping Beam+1","Go for the Eyes","Streamline","Conserve Battery","White Noise+1","Creative AI","Chill+1","Beam Cell","Storm+1","Genetic Algorithm","Blizzard+1","Streamline+1","Enlightenment","Trip","Thunder Strike","Redo","Rainbow","Cold Snap+1","Sweeping Beam+1","Discovery+1","Barrage","Capacitor"],"special_seed":0,"relics":["Cracked Core","Ornamental Fan","Bird Faced Urn","StoneCalendar","Bottled Flame","Nuclear Battery","Strange Spoon","Incense Burner","Omamori","Bag of Marbles","Cursed Key","Toxic Egg 2","Darkstone Periapt","Mercury Hourglass","Bronze Scales"],"potions_floor_usage":[],"damage_taken":[{"damage":7.0,"enemies":"Small Slimes","floor":1.0,"turns":5.0},{"damage":1.0,"enemies":"Jaw Worm","floor":3.0,"turns":3.0},{"damage":0.0,"enemies":"Cultist","floor":5.0,"turns":5.0},{"damage":21.0,"enemies":"3 Sentries","floor":6.0,"turns":7.0},{"damage":3.0,"enemies":"2 Fungi Beasts","floor":8.0,"turns":2.0},{"damage":15.0,"enemies":"Lagavulin","floor":13.0,"turns":5.0},{"damage":0.0,"enemies":"Red Slaver","floor":14.0,"turns":5.0},{"damage":23.0,"enemies":"Slime Boss","floor":16.0,"turns":7.0},{"damage":3.0,"enemies":"Chosen","floor":18.0,"turns":6.0},{"damage":18.0,"enemies":"3 Byrds","floor":21.0,"turns":5.0},{"damage":11.0,"enemies":"Snake Plant","floor":22.0,"turns":5.0},{"damage":47.0,"enemies":"Book of Stabbing","floor":23.0,"turns":7.0},{"damage":11.0,"enemies":"Shelled Parasite and Fungi","floor":25.0,"turns":5.0},{"damage":18.0,"enemies":"Slavers","floor":30.0,"turns":6.0},{"damage":21.0,"enemies":"Cultist and Chosen","floor":31.0,"turns":5.0},{"damage":69.0,"enemies":"Automaton","floor":33.0,"turns":10.0},{"damage":13.0,"enemies":"3 Darklings","floor":35.0,"turns":6.0},{"damage":6,"enemies":"Orb Walker","floor":36,"turns":3},{"damage":66,"enemies":"Spire Growth","floor":39,"turns":7},{"damage":25,"enemies":"Reptomancer","floor":41,"turns":7},{"damage":8,"enemies":"3 Darklings","floor":46,"turns":4},{"damage":0,"enemies":"Sphere and 2 Shapes","floor":47,"turns":1},{"damage":80,"enemies":"Awakened One","floor":50,"turns":12}],"seed_played":"-1668409316555156829","potions_obtained":[{"floor":3.0,"key":"SkillPotion"},{"floor":8.0,"key":"Weak Potion"},{"floor":13.0,"key":"Weak Potion"},{"floor":21.0,"key":"Poison Potion"},{"floor":41,"key":"FocusPotion"}],"is_trial":false,"path_per_floor":["M","?","M","$","M","E","?","M","T","R","?","R","E","M","R","B",null,"M","$","?","M","M","E","R","M","T","R","?","R","E","M","R","B",null,"M","M","$","?","M","R","E","R","T","R","$","M","M","?","R","B",null],"character_chosen":"DEFECT","items_purchased":["Doom and Gloom","Strange Spoon","Beam Cell","Toxic Egg 2","Discovery+1","Bronze Scales"],"campfire_rested":9,"item_purchase_floors":[4,19,19,37,37,45],"current_hp_per_floor":[75,68,67,67,67,46,46,43,43,67,67,67,52,52,76,61,82,82,82,82,68,67,30,54,47,47,71,47,71,57,48,72,25,82,77,75,75,75,15,39,30,54,54,78,78,72,76,76,76,24],"gold":314,"neow_bonus":"TEN_PERCENT_HP_BONUS","is_prod":false,"is_daily":false,"chose_seed":false,"campfire_upgraded":2,"win_rate":0.0,"timestamp":1552687664,"path_taken":["M","?","M","$","M","E","?","M","T","R","?","R","E","M","R","BOSS","M","$","?","M","M","E","R","?","T","R","?","R","E","?","R","BOSS","M","M","$","?","?","R","E","R","T","R","$","M","M","?","R","BOSS"],"build_version":"2019-01-23","purchased_purges":0,"victory":true,"max_hp_per_floor":[82,82,82,82,82,82,82,82,82,82,82,82,82,82,82,82,82,82,82,82,82,82,82,82,82,82,82,82,82,82,82,82,82,82,82,82,82,82,82,82,82,82,82,82,82,82,82,82,82,82],"card_choices":[{"not_picked":["Steam Power","Stack"],"picked":"Leap","floor":1.0},{"not_picked":["Compile Driver","Steam"],"picked":"Coolheaded","floor":3.0},{"not_picked":["Stack","Coolheaded"],"picked":"Sweeping Beam","floor":5.0},{"not_picked":["Force Field","Blizzard"],"picked":"Go for the Eyes","floor":6.0},{"not_picked":["Beam Cell","Consume"],"picked":"Streamline","floor":8.0},{"not_picked":["Gash","Sweeping Beam"],"picked":"Conserve Battery","floor":13.0},{"not_picked":["Stack","Capacitor"],"picked":"White Noise","floor":14.0},{"not_picked":["Multi-Cast","Thunder Strike"],"picked":"Creative AI","floor":16.0},{"not_picked":["Streamline","Aggregate"],"picked":"Chill+1","floor":18.0},{"not_picked":["Streamline","Melter"],"picked":"Storm+1","floor":21.0},{"not_picked":["Barrage","Double Energy"],"picked":"Genetic Algorithm","floor":22.0},{"not_picked":["Gash","Aggregate"],"picked":"Blizzard+1","floor":23.0},{"not_picked":["Chill","Conserve Battery"],"picked":"Streamline+1","floor":25.0},{"not_picked":["Lockon","Chill"],"picked":"Thunder Strike","floor":30.0},{"not_picked":["Leap","Consume+1"],"picked":"Redo","floor":31.0},{"not_picked":["Electrodynamics","All For One"],"picked":"Rainbow","floor":33.0},{"not_picked":["Storm+1","FTL"],"picked":"Cold Snap+1","floor":35},{"not_picked":["Go for the Eyes+1","Cold Snap"],"picked":"Sweeping Beam+1","floor":36},{"not_picked":["Steam+1","Melter"],"picked":"Barrage","floor":39},{"not_picked":["Beam Cell+1","Genetic Algorithm+1","Skim+1"],"picked":"SKIP","floor":41},{"not_picked":["Sweeping Beam","All For One"],"picked":"Capacitor","floor":46},{"not_picked":["Skim+1","Stack+1","Aggregate+1"],"picked":"SKIP","floor":47}],"player_experience":15321,"relics_obtained":[{"floor":6.0,"key":"Bird Faced Urn"},{"floor":9.0,"key":"StoneCalendar"},{"floor":13.0,"key":"Bottled Flame"},{"floor":23.0,"key":"Incense Burner"},{"floor":26.0,"key":"Omamori"},{"floor":30.0,"key":"Bag of Marbles"},{"floor":41,"key":"Darkstone Periapt"},{"floor":43,"key":"Mercury Hourglass"}],"event_choices":[{"damage_healed":0.0,"max_hp_gain":0.0,"max_hp_loss":0.0,"gold_gain":0.0,"event_name":"Scrap Ooze","player_choice":"Success","floor":2.0,"gold_loss":0.0,"damage_taken":7.0,"relics_obtained":["Ornamental Fan"]},{"damage_healed":0.0,"max_hp_gain":0.0,"max_hp_loss":0.0,"gold_gain":0.0,"event_name":"Shining Light","player_choice":"Ignored","floor":7.0,"gold_loss":0.0,"damage_taken":0.0},{"damage_healed":0.0,"max_hp_gain":0.0,"max_hp_loss":0.0,"gold_gain":0.0,"event_name":"Living Wall","player_choice":"Grow","floor":11.0,"gold_loss":0.0,"damage_taken":0.0,"cards_upgraded":["Sweeping Beam"]},{"damage_healed":0.0,"max_hp_gain":0.0,"max_hp_loss":0.0,"gold_gain":100.0,"event_name":"Golden Shrine","player_choice":"Pray","floor":20.0,"gold_loss":0.0,"damage_taken":0.0},{"damage_healed":0.0,"max_hp_gain":0.0,"max_hp_loss":0.0,"gold_gain":0.0,"event_name":"Knowing Skull","player_choice":"CARD CARD ","floor":28.0,"potions_obtained":[],"gold_loss":0.0,"damage_taken":24.0,"cards_obtained":["Enlightenment","Trip"]},{"cards_removed":["Strike_B"],"damage_healed":0,"gold_gain":0,"player_choice":"Purged","damage_taken":0,"max_hp_gain":0,"max_hp_loss":0,"event_name":"Purifier","floor":38,"gold_loss":0},{"damage_healed":0,"gold_gain":275,"player_choice":"Desecrate","damage_taken":0,"max_hp_gain":0,"max_hp_loss":0,"event_name":"Golden Shrine","floor":48,"gold_loss":0,"cards_obtained":["Regret"]}],"is_beta":false,"boss_relics":[{"not_picked":["Runic Pyramid","Inserter"],"picked":"Nuclear Battery"},{"not_picked":["Snecko Eye","FrozenCore"],"picked":"Cursed Key"}],"items_purged_floors":[],"is_endless":false,"potions_floor_spawned":[3,8,13,21,30,31,39,41],"ascension_level":0}