{"gold_per_floor":[112,123,143,143,68,68,218,238,238,238,256,272,69,83,83,157,157,174,174,49,0,0,0,32,44,44,44,64,96,114,25,25,101,101,115,134,0,0,17,17],"floor_reached":40,"playtime":4765,"items_purged":["Strike_R","Strike_R","Doubt"],"score":836,"play_id":"82fe2f5c-dddd-4eda-acc2-ed6ea97d9749","local_time":"20181107002412","is_ascension_mode":true,"campfire_choices":[{"data":"Shrug It Off","floor":6,"key":"SMITH"},{"data":"Juggernaut","floor":10,"key":"SMITH"},{"data":"Entrench","floor":15,"key":"SMITH"},{"data":"True Grit","floor":23,"key":"SMITH"},{"floor":27,"key":"REST"},{"data":"Evolve","floor":32,"key":"SMITH"}],"neow_cost":"NONE","seed_source_timestamp":35567554097269,"circlet_count":0,"master_deck":["AscendersBane","Strike_R","Strike_R","Strike_R","Defend_R","Defend_R","Defend_R","Defend_R","Bash","Body Slam+1","Shrug It Off+1","Shrug It Off","Juggernaut+1","Ghostly Armor","Entrench+1","True Grit+1","Power Through","Shockwave","Offering","Carnage+1","Battle Trance","Evolve+1","True Grit","Disarm","Impervious","Body Slam","True Grit","Battle Trance"],"relics":["Burning Blood","Bird Faced Urn","Velvet Choker","Girya","Mummified Hand","Dodecahedron","Lizard Tail","Red Mask"],"potions_floor_usage":[12,24,28,29,33,39],"damage_taken":[{"damage":11,"enemies":"Jaw Worm","floor":1,"turns":6},{"damage":8,"enemies":"Cultist","floor":2,"turns":5},{"damage":0,"enemies":"Small Slimes","floor":3,"turns":4},{"damage":19,"enemies":"Exordium Wildlife","floor":8,"turns":9},{"damage":6,"enemies":"Looter","floor":11,"turns":3},{"damage":7,"enemies":"Exordium Thugs","floor":12,"turns":4},{"damage":13,"enemies":"Exordium Wildlife","floor":14,"turns":6},{"damage":26,"enemies":"The Guardian","floor":16,"turns":12},{"damage":6,"enemies":"3 Byrds","floor":18,"turns":5},{"damage":55,"enemies":"Gremlin Leader","floor":24,"turns":10},{"damage":19,"enemies":"Spheric Guardian","floor":25,"turns":5},{"damage":9,"enemies":"Centurion and Healer","floor":28,"turns":8},{"damage":9,"enemies":"Slavers","floor":29,"turns":6},{"damage":8,"enemies":"Chosen and Byrds","floor":30,"turns":4},{"damage":39,"enemies":"Collector","floor":33,"turns":10},{"damage":17,"enemies":"Orb Walker","floor":35,"turns":3},{"damage":36,"enemies":"3 Darklings","floor":36,"turns":7},{"damage":48,"enemies":"Writhing Mass","floor":39,"turns":9},{"damage":85,"enemies":"Giant Head","floor":40,"turns":9}],"seed_played":"-5399500642345972396","potions_obtained":[{"floor":2,"key":"Regen Potion"},{"floor":8,"key":"Block Potion"},{"floor":14,"key":"Explosive Potion"},{"floor":24,"key":"Dexterity Potion"},{"floor":28,"key":"Fire Potion"},{"floor":33,"key":"LiquidBronze"},{"floor":35,"key":"BloodPotion"},{"floor":39,"key":"GamblersBrew"}],"is_trial":false,"path_per_floor":["M","M","M","?","$","R","?","M","T","R","M","M","$","M","R","B",null,"M","?","$","?","$","R","E","M","T","R","M","E","M","$","R","B",null,"M","M","?","$","M","E"],"character_chosen":"IRONCLAD","items_purchased":["True Grit","Power Through","Disarm"],"campfire_rested":1,"item_purchase_floors":[13,13,31],"current_hp_per_floor":[70,68,74,74,74,74,74,61,61,61,63,64,64,59,59,41,72,74,74,74,74,74,74,27,18,18,42,57,58,60,60,60,31,69,60,34,34,34,47,0],"gold":17,"neow_bonus":"TEN_PERCENT_HP_BONUS","is_prod":false,"is_daily":false,"chose_seed":false,"campfire_upgraded":5,"win_rate":0,"timestamp":1541543052,"path_taken":["M","M","M","?","?","R","?","M","T","R","?","M","$","M","R","BOSS","M","?","$","?","$","R","E","M","T","R","M","E","M","?","R","BOSS","M","M","?","?","M","E"],"build_version":"2018-11-05","purchased_purges":3,"victory":false,"max_hp_per_floor":[82,82,82,82,82,82,82,82,82,82,82,82,82,82,82,82,82,82,82,82,82,82,82,82,82,82,82,82,82,82,82,82,82,82,82,82,82,82,82,82],"card_choices":[{"not_picked":["Wild Strike","Perfected Strike"],"picked":"Body Slam","floor":1},{"not_picked":["Sever Soul","Infernal Blade"],"picked":"Shrug It Off","floor":2},{"not_picked":["Searing Blow","Havoc"],"picked":"Shrug It Off","floor":3},{"not_picked":["Heavy Blade","Rage"],"picked":"Juggernaut","floor":8},{"not_picked":["Infernal Blade","Cleave"],"picked":"Ghostly Armor","floor":11},{"not_picked":["Perfected Strike","Sever Soul"],"picked":"Entrench","floor":12},{"not_picked":["Clothesline","Pommel Strike"],"picked":"Shockwave","floor":14},{"not_picked":["Brutality","Demon Form"],"picked":"Offering","floor":16},{"not_picked":["Bloodletting","Hemokinesis"],"picked":"Carnage+1","floor":18},{"not_picked":["Havoc+1","True Grit"],"picked":"Evolve","floor":24},{"not_picked":["Sever Soul","Iron Wave"],"picked":"True Grit","floor":25},{"not_picked":["Cleave+1","Pommel Strike","Thunderclap"],"picked":"SKIP","floor":28},{"not_picked":["Perfected Strike+1","Flex","Reckless Charge"],"picked":"SKIP","floor":29},{"not_picked":["Fiend Fire","Limit Break"],"picked":"Impervious","floor":33},{"not_picked":["Sentinel+1","Wild Strike"],"picked":"Body Slam","floor":35},{"not_picked":["Warcry","Twin Strike+1"],"picked":"True Grit","floor":36},{"not_picked":["Pommel Strike","Sever Soul"],"picked":"Battle Trance","floor":39}],"player_experience":615877,"relics_obtained":[{"floor":9,"key":"Bird Faced Urn"},{"floor":24,"key":"Girya"},{"floor":26,"key":"Mummified Hand"},{"floor":29,"key":"Dodecahedron"}],"event_choices":[{"damage_healed":0,"gold_gain":0,"player_choice":"Upgraded","damage_taken":0,"max_hp_gain":0,"max_hp_loss":0,"event_name":"Upgrade Shrine","floor":4,"gold_loss":0,"cards_upgraded":["Body Slam"]},{"damage_healed":0,"gold_gain":150,"player_choice":"AGREE","damage_taken":0,"max_hp_gain":0,"max_hp_loss":0,"event_name":"Liars Game","floor":7,"gold_loss":0,"cards_obtained":["Doubt"]},{"damage_healed":0,"gold_gain":0,"player_choice":"Read","damage_taken":0,"max_hp_gain":0,"max_hp_loss":0,"event_name":"The Library","floor":19,"gold_loss":0,"cards_obtained":["Battle Trance"]},{"damage_healed":0,"gold_gain":0,"player_choice":"Paid Fearfully","damage_taken":0,"max_hp_gain":0,"max_hp_loss":0,"event_name":"Masked Bandits","floor":21,"gold_loss":49},{"damage_healed":0,"gold_gain":0,"player_choice":"Paid","damage_taken":0,"relics_obtained":["Red Mask"],"max_hp_gain":0,"max_hp_loss":0,"event_name":"Tomb of Lord Red Mask","floor":37,"gold_loss":134}],"is_beta":true,"boss_relics":[{"not_picked":["Fusion Hammer","Eternal Feather"],"picked":"Velvet Choker"},{"not_picked":["Runic Cube","Orrery"],"picked":"Lizard Tail"}],"items_purged_floors":[5,13,20],"is_endless":false,"potions_floor_spawned":[2,8,11,14,16,24,28,33,35,39],"killed_by":"Giant Head","ascension_level":20}