{"gold_per_floor":[119,69,83,158,175,175,175,206,231,231,246,258,42,99,99,204,204,218,218,318,335,367,367,367,367,367,385,405,433,447,479,479,584,584,596,596,606,606,49,49,76,76,76,108,126,140,167,178,178,178,178,178,21,53,53],"floor_reached":55,"playtime":10117,"items_purged":["Strike_B","Strike_B"],"score":909,"play_id":"34e55582-8989-43e8-b852-90581b78a6d7","local_time":"20190305194401","is_ascension_mode":true,"campfire_choices":[{"floor":6.0,"key":"RECALL"},{"data":"Defragment","floor":10.0,"key":"SMITH"},{"floor":15.0,"key":"REST"},{"floor":23.0,"key":"REST"},{"floor":25.0,"key":"REST"},{"data":"Creative AI","floor":32.0,"key":"SMITH"},{"data":"Creative AI","floor":40.0,"key":"SMITH"},{"data":"Consume","floor":42.0,"key":"SMITH"},{"data":"Capacitor","floor":49,"key":"SMITH"},{"data":"Capacitor","floor":52,"key":"SMITH"}],"neow_cost":"NONE","seed_source_timestamp":0,"circlet_count":0,"master_deck":["Strike_B","Defend_B","Defend_B","Defend_B","Zap","BootSequence","Loop","Sunder","Sunder","Force Field","Defragment+1","Ball Lightning+1","Cold Snap","White Noise","Capacitor+1","Creative AI+1","FTL","Electrodynamics","Conserve Battery","Necronomicurse","Cold Snap+1","Defragment+1","Go for the Eyes+1","Machine Learning","Defragment+1","Auto Shields+1","Creative AI+1","White Noise+1","Turbo","Glacier","Capacitor+1","Self Repair","Storm","Consume+1","Chaos+1","Cold Snap","Skim+1","Cold Snap","Coolheaded+1","Heatsinks","Storm","Force Field+1"],"special_seed":0,"relics":["Orrery","Orichalcum","Kunai","Nuclear Battery","Necronomicon","Red Mask","Meat on the Bone","The Courier","Mummified Hand","Cursed Key","Torii","Whetstone","Toxic Egg 2","Oddly Smooth Stone","Pear"],"potions_floor_usage":[47,50,55,55],"damage_taken":[{"damage":2.0,"enemies":"2 Louse","floor":1.0,"turns":3.0},{"damage":0.0,"enemies":"Small Slimes","floor":3.0,"turns":2.0},{"damage":1.0,"enemies":"Cultist","floor":5.0,"turns":3.0},{"damage":14.0,"enemies":"Gremlin Nob","floor":8.0,"turns":4.0},{"damage":5.0,"enemies":"Exordium Thugs","floor":11.0,"turns":4.0},{"damage":7.0,"enemies":"Blue Slaver","floor":12.0,"turns":3.0},{"damage":5.0,"enemies":"Lagavulin Event","floor":14.0,"turns":7.0},{"damage":42.0,"enemies":"Slime Boss","floor":16.0,"turns":11.0},{"damage":0.0,"enemies":"3 Byrds","floor":18.0,"turns":4.0},{"damage":25.0,"enemies":"2 Thieves","floor":21.0,"turns":3.0},{"damage":27.0,"enemies":"Masked Bandits","floor":22.0,"turns":4.0},{"damage":8.0,"enemies":"Shelled Parasite and Fungi","floor":27.0,"turns":6.0},{"damage":16.0,"enemies":"Snake Plant","floor":28.0,"turns":5.0},{"damage":8.0,"enemies":"Slavers","floor":29.0,"turns":5.0},{"damage":0.0,"enemies":"Cultist and Chosen","floor":30.0,"turns":4.0},{"damage":9.0,"enemies":"Book of Stabbing","floor":31.0,"turns":6.0},{"damage":25.0,"enemies":"Collector","floor":33.0,"turns":7.0},{"damage":0.0,"enemies":"3 Shapes","floor":35.0,"turns":4.0},{"damage":4.0,"enemies":"Orb Walker","floor":37.0,"turns":4.0},{"damage":0.0,"enemies":"Giant Head","floor":41.0,"turns":7.0},{"damage":7.0,"enemies":"Reptomancer","floor":44.0,"turns":5.0},{"damage":26.0,"enemies":"3 Darklings","floor":45.0,"turns":4.0},{"damage":0.0,"enemies":"Sphere and 2 Shapes","floor":46.0,"turns":6.0},{"damage":1,"enemies":"Nemesis","floor":47,"turns":5},{"damage":0,"enemies":"Writhing Mass","floor":48,"turns":3},{"damage":2,"enemies":"Donu and Deca","floor":50,"turns":4},{"damage":30,"enemies":"Shield and Spear","floor":54,"turns":5},{"damage":77,"enemies":"The Heart","floor":55,"turns":5}],"seed_played":"2356236386446548998","potions_obtained":[{"floor":1.0,"key":"LiquidBronze"},{"floor":7.0,"key":"AttackPotion"},{"floor":7.0,"key":"Explosive Potion"},{"floor":8.0,"key":"FocusPotion"},{"floor":11.0,"key":"AttackPotion"},{"floor":22.0,"key":"GamblersBrew"},{"floor":27.0,"key":"Ancient Potion"},{"floor":28.0,"key":"Energy Potion"},{"floor":30.0,"key":"Dexterity Potion"},{"floor":31.0,"key":"FearPotion"},{"floor":33.0,"key":"Ancient Potion"},{"floor":37.0,"key":"EssenceOfSteel"},{"floor":45.0,"key":"Dexterity Potion"},{"floor":46,"key":"EssenceOfSteel"},{"floor":48,"key":"Swift Potion"}],"is_trial":false,"path_per_floor":["M","?","M","?","M","R","?","E","T","R","M","M","$","?","R","B",null,"M","?","?","M","?","R","?","R","T","M","M","E","M","E","R","B",null,"M","?","M","?","$","R","E","R","T","E","M","M","E","M","R","B",null,"R","$","E","B"],"character_chosen":"DEFECT","items_purchased":["Creative AI","Glacier","Capacitor","Self Repair","Storm","Torii","Coolheaded+1","Heatsinks","Storm"],"campfire_rested":3,"item_purchase_floors":[13,39,39,39,39,39,53,53,53],"current_hp_per_floor":[73,73,73,62,61,61,61,47,47,47,42,35,35,30,52,10,75,75,59,59,34,7,29,29,51,51,43,39,43,43,46,46,33,75,75,75,71,71,71,71,75,75,75,75,56,63,69,75,75,75,75,75,75,62,0],"gold":53,"neow_bonus":"BOSS_RELIC","is_prod":false,"is_daily":false,"chose_seed":false,"campfire_upgraded":6,"win_rate":0,"timestamp":1551833041,"path_taken":["M","?","M","?","M","R","?","E","T","R","M","?","?","?","R","BOSS","M","?","?","?","?","R","?","R","T","M","?","E","?","E","R","BOSS","M","?","?","?","$","R","E","R","T","E","?","M","E","M","R","BOSS","R","$","E","BOSS"],"build_version":"2019-01-23","purchased_purges":2,"victory":false,"max_hp_per_floor":[75,75,75,75,75,75,75,75,75,75,75,75,75,75,75,75,75,75,75,75,75,75,75,75,75,75,75,75,75,75,75,75,75,75,75,75,75,75,75,75,75,75,75,75,75,75,75,75,75,75,75,75,75,85,85],"card_choices":[{"not_picked":["Redo","Steam Power"],"picked":"BootSequence","floor":0.0},{"not_picked":["Steam Power","Auto Shields"],"picked":"Loop","floor":0.0},{"not_picked":["Coolheaded","Rip and Tear"],"picked":"Sunder","floor":0.0},{"not_picked":["Barrage","Redo"],"picked":"Sunder","floor":0.0},{"not_picked":["Reprogram","Hello World"],"picked":"Force Field","floor":0.0},{"not_picked":["BootSequence","Tempest"],"picked":"Defragment","floor":1.0},{"not_picked":["Beam Cell","Auto Shields"],"picked":"Ball Lightning","floor":3.0},{"not_picked":["Leap","Turbo"],"picked":"Cold Snap","floor":5.0},{"not_picked":["Redo","Sunder"],"picked":"White Noise","floor":8.0},{"not_picked":["Streamline","Rebound"],"picked":"Capacitor","floor":11.0},{"not_picked":["Sweeping Beam","Redo","Chaos"],"picked":"SKIP","floor":12.0},{"not_picked":["Sweeping Beam","Scrape"],"picked":"FTL","floor":14.0},{"not_picked":["Multi-Cast","Meteor Strike"],"picked":"Electrodynamics","floor":16.0},{"not_picked":["Rebound","Auto Shields"],"picked":"Conserve Battery","floor":18.0},{"not_picked":["Skim","Rebound+1"],"picked":"Cold Snap+1","floor":21.0},{"not_picked":["Turbo","Leap"],"picked":"Defragment+1","floor":27.0},{"not_picked":["Rebound","Undo"],"picked":"Go for the Eyes","floor":28.0},{"not_picked":["Turbo+1","Reprogram"],"picked":"Machine Learning","floor":29.0},{"not_picked":["Chill+1","Lockon+1"],"picked":"Defragment+1","floor":30.0},{"not_picked":["Aggregate","Turbo"],"picked":"Auto Shields+1","floor":31.0},{"not_picked":["Thunder Strike","Core Surge"],"picked":"Creative AI","floor":33.0},{"not_picked":["Capacitor","Rebound"],"picked":"White Noise+1","floor":35.0},{"not_picked":["Rebound+1","Ball Lightning+1","Genetic Algorithm"],"picked":"SKIP","floor":37.0},{"not_picked":["Ball Lightning+1","Force Field"],"picked":"Consume","floor":41.0},{"not_picked":["Stack","Melter+1"],"picked":"Chaos+1","floor":44.0},{"not_picked":["Compile Driver+1","Consume+1"],"picked":"Cold Snap","floor":45.0},{"not_picked":["Barrage+1","Gash+1"],"picked":"Skim+1","floor":46},{"not_picked":["Ball Lightning+1","Multi-Cast+1","Barrage"],"picked":"SKIP","floor":47},{"not_picked":["Leap+1","Steam+1"],"picked":"Cold Snap","floor":48},{"not_picked":["Conserve Battery+1","Turbo+1"],"picked":"Force Field+1","floor":54}],"player_experience":249067,"relics_obtained":[{"floor":8.0,"key":"Orichalcum"},{"floor":14.0,"key":"Kunai"},{"floor":19.0,"key":"Necronomicon"},{"floor":22.0,"key":"Red Mask"},{"floor":26.0,"key":"Meat on the Bone"},{"floor":29.0,"key":"The Courier"},{"floor":31.0,"key":"Mummified Hand"},{"floor":41.0,"key":"Whetstone"},{"floor":44.0,"key":"Toxic Egg 2"},{"floor":47,"key":"Oddly Smooth Stone"},{"floor":54,"key":"Pear"}],"event_choices":[{"cards_removed":["Dualcast"],"damage_healed":0.0,"max_hp_gain":0.0,"max_hp_loss":0.0,"gold_gain":0.0,"event_name":"The Cleric","player_choice":"Card Removal","floor":2.0,"gold_loss":50.0,"damage_taken":0.0},{"damage_healed":0.0,"max_hp_gain":0.0,"max_hp_loss":0.0,"gold_gain":75.0,"event_name":"World of Goop","player_choice":"Gather Gold","floor":4.0,"gold_loss":0.0,"damage_taken":11.0},{"damage_healed":0.0,"max_hp_gain":0.0,"max_hp_loss":0.0,"gold_gain":0.0,"event_name":"Lab","player_choice":"Got Potions","floor":7.0,"gold_loss":0.0,"damage_taken":0.0},{"damage_healed":0.0,"max_hp_gain":0.0,"max_hp_loss":0.0,"gold_gain":0.0,"event_name":"Dead Adventurer","player_choice":"Searched \u00272\u0027 times","floor":14.0,"gold_loss":0.0,"damage_taken":0.0},{"damage_healed":0.0,"max_hp_gain":0.0,"max_hp_loss":0.0,"gold_gain":0.0,"event_name":"Cursed Tome","player_choice":"Obtained Book","floor":19.0,"gold_loss":0.0,"damage_taken":16.0},{"damage_healed":0.0,"max_hp_gain":0.0,"max_hp_loss":0.0,"gold_gain":100.0,"event_name":"Golden Shrine","player_choice":"Pray","floor":20.0,"gold_loss":0.0,"damage_taken":0.0},{"damage_healed":0.0,"max_hp_gain":0.0,"max_hp_loss":0.0,"gold_gain":0.0,"event_name":"Masked Bandits","player_choice":"Fought Bandits","floor":22.0,"gold_loss":0.0,"damage_taken":0.0},{"cards_removed":["Strike_B"],"damage_healed":0.0,"max_hp_gain":0.0,"max_hp_loss":0.0,"gold_gain":0.0,"event_name":"Wheel of Change","player_choice":"Card Removal","floor":24.0,"gold_loss":0.0,"damage_taken":0.0},{"damage_healed":0.0,"max_hp_gain":0.0,"max_hp_loss":0.0,"gold_gain":0.0,"event_name":"SecretPortal","player_choice":"Ignored","floor":36.0,"gold_loss":0.0,"damage_taken":0.0},{"damage_healed":0.0,"max_hp_gain":0.0,"max_hp_loss":0.0,"gold_gain":0.0,"cards_transformed":["Defend_B"],"event_name":"Transmorgrifier","player_choice":"Transformed","floor":38.0,"gold_loss":0.0,"damage_taken":0.0,"cards_obtained":["Turbo"]}],"is_beta":false,"boss_relics":[{"not_picked":["Runic Pyramid","Lizard Tail"],"picked":"Nuclear Battery"},{"not_picked":["Black Star","Calling Bell"],"picked":"Cursed Key"}],"items_purged_floors":[13,39],"is_endless":false,"potions_floor_spawned":[1,8,11,22,27,28,30,31,33,37,45,46,48],"killed_by":"The Heart","ascension_level":1}