{"gold_per_floor":[116,116,41,216,234,278,278,311,311,326,345,369,369,61,61,191,191,191,191,91,91,1,1,1,1,1,1,1,1,1,1,1,1,1,1,1,1,1,0,0,0,0,0,0,0,0,0,0],"floor_reached":48,"playtime":5082,"items_purged":["Dualcast","Doubt"],"score":649,"play_id":"c4103ec2-33a8-4ffd-b876-ccdb2667868b","local_time":"20190316110716","is_ascension_mode":true,"campfire_choices":[{"floor":13.0,"key":"REST"},{"floor":15.0,"key":"RECALL"},{"data":"Creative AI","floor":24.0,"key":"SMITH"},{"data":"Echo Form","floor":32.0,"key":"SMITH"},{"data":"Capacitor","floor":41,"key":"SMITH"}],"neow_cost":"NONE","seed_source_timestamp":0,"circlet_count":0,"master_deck":["Strike_B","Strike_B+1","Strike_B","Defend_B","Defend_B","Defend_B","Defend_B","Zap","White Noise","Coolheaded","Defragment","Steam","Go for the Eyes","BootSequence","Sunder","Echo Form+1","Creative AI+1","Chill","Cold Snap","Force Field+1","Capacitor+1","Chill+1","Sunder+1","Reboot","Purity","Dark Shackles","Coolheaded+1"],"special_seed":0,"relics":["Cracked Core","NeowsBlessing","Golden Idol","Shuriken","Bag of Preparation","Bird Faced Urn","Ectoplasm","MawBank","Centennial Puzzle","Kunai","Runic Dome","Girya","Red Mask","Frozen Egg 2","Anchor"],"potions_floor_usage":[42,42,45,48],"damage_taken":[{"damage":0.0,"enemies":"Small Slimes","floor":1.0,"turns":1.0},{"damage":0.0,"enemies":"Cultist","floor":5.0,"turns":1.0},{"damage":0.0,"enemies":"Lagavulin","floor":6.0,"turns":1.0},{"damage":33.0,"enemies":"Gremlin Nob","floor":8.0,"turns":5.0},{"damage":0.0,"enemies":"2 Louse","floor":10.0,"turns":3.0},{"damage":16.0,"enemies":"Lots of Slimes","floor":11.0,"turns":4.0},{"damage":1.0,"enemies":"Looter","floor":12.0,"turns":3.0},{"damage":29.0,"enemies":"Slime Boss","floor":16.0,"turns":8.0},{"damage":14.0,"enemies":"Chosen","floor":18.0,"turns":5.0},{"damage":16.0,"enemies":"3 Byrds","floor":21.0,"turns":4.0},{"damage":15.0,"enemies":"Gremlin Leader","floor":23.0,"turns":9.0},{"damage":0.0,"enemies":"Cultist and Chosen","floor":25.0,"turns":8.0},{"damage":18.0,"enemies":"Chosen and Byrds","floor":28.0,"turns":7.0},{"damage":9.0,"enemies":"Snake Plant","floor":29.0,"turns":8.0},{"damage":19.0,"enemies":"Book of Stabbing","floor":30.0,"turns":6.0},{"damage":19.0,"enemies":"Snecko","floor":31.0,"turns":8.0},{"damage":16.0,"enemies":"Champ","floor":33.0,"turns":8.0},{"damage":2.0,"enemies":"Orb Walker","floor":35.0,"turns":5.0},{"damage":14.0,"enemies":"Mind Bloom Boss Battle","floor":37.0,"turns":9.0},{"damage":19,"enemies":"3 Shapes","floor":38,"turns":4},{"damage":0,"enemies":"Giant Head","floor":40,"turns":10},{"damage":39,"enemies":"Writhing Mass","floor":42,"turns":7},{"damage":26,"enemies":"Spire Growth","floor":44,"turns":8},{"damage":0,"enemies":"Sphere and 2 Shapes","floor":45,"turns":8},{"damage":63,"enemies":"Transient","floor":47,"turns":5},{"damage":40,"enemies":"Reptomancer","floor":48,"turns":2}],"seed_played":"-530617309244271702","potions_obtained":[{"floor":1.0,"key":"Dexterity Potion"},{"floor":5.0,"key":"AttackPotion"},{"floor":6.0,"key":"Strength Potion"},{"floor":10.0,"key":"Dexterity Potion"},{"floor":16.0,"key":"AttackPotion"},{"floor":19.0,"key":"Energy Potion"},{"floor":19.0,"key":"Explosive Potion"},{"floor":23.0,"key":"PowerPotion"},{"floor":25.0,"key":"Energy Potion"},{"floor":30.0,"key":"Block Potion"},{"floor":31.0,"key":"SkillPotion"},{"floor":33.0,"key":"Energy Potion"},{"floor":37,"key":"SteroidPotion"},{"floor":38,"key":"Weak Potion"},{"floor":40,"key":"Poison Potion"},{"floor":45,"key":"FocusPotion"}],"is_trial":false,"path_per_floor":["M","?","$","?","M","E","?","E","T","M","M","M","R","$","R","B",null,"M","?","$","M","?","E","R","M","T","$","M","M","E","M","R","B",null,"M","?","?","M","?","E","R","M","T","M","M","?","M","E"],"character_chosen":"DEFECT","items_purchased":["Bird Faced Urn"],"campfire_rested":1,"item_purchase_floors":[14],"current_hp_per_floor":[75,69,69,69,69,69,69,36,36,36,20,19,39,39,39,18,69,61,61,61,53,53,56,56,69,69,69,61,69,69,66,66,69,69,69,59,69,56,56,69,69,44,44,50,69,69,20,0],"gold":0,"neow_bonus":"THREE_ENEMY_KILL","is_prod":false,"is_daily":false,"chose_seed":false,"campfire_upgraded":3,"win_rate":0,"timestamp":1552748836,"path_taken":["M","?","$","?","M","E","?","E","T","M","?","M","R","$","R","BOSS","M","?","$","?","?","E","R","?","T","$","M","M","E","M","R","BOSS","M","?","?","M","?","E","R","M","T","M","M","?","?","E"],"build_version":"2019-01-23","purchased_purges":2,"victory":false,"max_hp_per_floor":[75,69,69,69,69,69,69,69,69,69,69,69,69,69,69,69,69,69,69,69,69,69,69,69,69,69,69,69,69,69,69,69,69,69,69,69,69,69,69,69,69,69,69,69,69,69,69,69],"card_choices":[{"not_picked":["Auto Shields","Conserve Battery"],"picked":"White Noise","floor":1.0},{"not_picked":["Heatsinks","Barrage"],"picked":"Coolheaded","floor":5.0},{"not_picked":["Go for the Eyes","Force Field"],"picked":"Defragment","floor":6.0},{"not_picked":["Streamline","Genetic Algorithm"],"picked":"Go for the Eyes","floor":8.0},{"not_picked":["Compile Driver","Redo"],"picked":"BootSequence","floor":10.0},{"not_picked":["Cold Snap","Leap"],"picked":"Sunder","floor":11.0},{"not_picked":["Compile Driver","Steam Power"],"picked":"Echo Form","floor":12.0},{"not_picked":["Biased Cognition","Electrodynamics"],"picked":"Creative AI","floor":16.0},{"not_picked":["Hologram","Beam Cell+1"],"picked":"Chill","floor":18.0},{"not_picked":["Reinforced Body","Melter"],"picked":"Cold Snap","floor":21.0},{"not_picked":["Sweeping Beam+1","Beam Cell"],"picked":"Force Field+1","floor":23.0},{"not_picked":["Go for the Eyes","Beam Cell"],"picked":"Capacitor","floor":25.0},{"not_picked":["Rebound","Leap","Sunder"],"picked":"SKIP","floor":28.0},{"not_picked":["Ball Lightning","Hyperbeam","Stack+1"],"picked":"SKIP","floor":29.0},{"not_picked":["Heatsinks","Leap"],"picked":"Chill+1","floor":30.0},{"not_picked":["Compile Driver","Chill"],"picked":"Sunder+1","floor":31.0},{"not_picked":["Multi-Cast","Rainbow"],"picked":"Reboot","floor":33.0},{"not_picked":["Conserve Battery","Scrape","Chill+1"],"picked":"SKIP","floor":35.0},{"not_picked":["Secret Weapon","Magnetism"],"picked":"Purity","floor":36.0},{"not_picked":["Mayhem","Thinking Ahead"],"picked":"Dark Shackles","floor":36.0},{"not_picked":["Leap","Streamline+1","Compile Driver"],"picked":"SKIP","floor":38},{"not_picked":["Redo","Steam+1","Rip and Tear"],"picked":"SKIP","floor":40},{"not_picked":["Heatsinks+1","Streamline+1"],"picked":"Coolheaded+1","floor":42},{"not_picked":["Turbo","Reprogram+1","Rebound"],"picked":"SKIP","floor":44},{"not_picked":["Cold Snap+1","Meteor Strike","Barrage"],"picked":"SKIP","floor":45},{"not_picked":["Streamline+1","Barrage","Rebound"],"picked":"SKIP","floor":47}],"player_experience":305745,"relics_obtained":[{"floor":6.0,"key":"Shuriken"},{"floor":8.0,"key":"Bag of Preparation"},{"floor":23.0,"key":"MawBank"},{"floor":26.0,"key":"Centennial Puzzle"},{"floor":30.0,"key":"Kunai"},{"floor":37,"key":"Girya"},{"floor":40,"key":"Frozen Egg 2"},{"floor":43,"key":"Anchor"}],"event_choices":[{"damage_healed":0.0,"max_hp_gain":0.0,"max_hp_loss":6.0,"gold_gain":0.0,"event_name":"Golden Idol","player_choice":"Lose Max HP","floor":2.0,"gold_loss":0.0,"damage_taken":0.0,"relics_obtained":["Golden Idol"]},{"damage_healed":0.0,"max_hp_gain":0.0,"max_hp_loss":0.0,"gold_gain":175.0,"event_name":"Liars Game","player_choice":"AGREE","floor":4.0,"gold_loss":0.0,"damage_taken":0.0,"cards_obtained":["Doubt"]},{"damage_healed":0.0,"max_hp_gain":0.0,"max_hp_loss":0.0,"gold_gain":0.0,"event_name":"Match and Keep!","player_choice":"1 cards matched","floor":7.0,"gold_loss":0.0,"damage_taken":0.0,"cards_obtained":["Steam"]},{"damage_healed":0.0,"max_hp_gain":0.0,"max_hp_loss":0.0,"gold_gain":0.0,"event_name":"Lab","player_choice":"Got Potions","floor":19.0,"gold_loss":0.0,"damage_taken":0.0},{"cards_removed":["Strike_B"],"damage_healed":0.0,"max_hp_gain":0.0,"max_hp_loss":0.0,"gold_gain":0.0,"event_name":"Designer","player_choice":"Upgrade and Remove","floor":22.0,"gold_loss":90.0,"damage_taken":0.0,"cards_upgraded":["Strike_B"]},{"damage_healed":0.0,"max_hp_gain":0.0,"max_hp_loss":0.0,"gold_gain":0.0,"event_name":"SensoryStone","player_choice":"Memory 3","floor":36.0,"gold_loss":0.0,"damage_taken":10.0},{"damage_healed":0.0,"max_hp_gain":0.0,"max_hp_loss":0.0,"gold_gain":0.0,"event_name":"MindBloom","player_choice":"Fight","floor":37.0,"gold_loss":0.0,"damage_taken":0.0},{"damage_healed":0,"gold_gain":0,"player_choice":"Paid","damage_taken":0,"relics_obtained":["Red Mask"],"max_hp_gain":0,"max_hp_loss":0,"event_name":"Tomb of Lord Red Mask","floor":39,"gold_loss":1},{"damage_healed":0,"gold_gain":0,"player_choice":"Ignored","damage_taken":0,"max_hp_gain":0,"max_hp_loss":0,"event_name":"The Moai Head","floor":46,"gold_loss":0}],"is_beta":false,"boss_relics":[{"not_picked":["Inserter","Orrery"],"picked":"Ectoplasm"},{"not_picked":["Snecko Eye","Calling Bell"],"picked":"Runic Dome"}],"items_purged_floors":[3,20],"is_endless":false,"potions_floor_spawned":[1,5,6,10,16,23,25,30,31,33,37,38,40,45],"killed_by":"Reptomancer","ascension_level":3}