{"gold_per_floor":[118,130,144,159,60,92,92,123,146,78,78,78,34,47,47,121,121,137,37,37,37],"floor_reached":21,"playtime":1372,"items_purged":["Strike_G","Strike_G"],"score":350,"play_id":"edcb5a44-6233-43c3-9241-d2c1f0fe8321","local_time":"20190214001831","is_ascension_mode":true,"campfire_choices":[{"data":"Envenom","floor":7,"key":"SMITH"},{"data":"Terror","floor":11,"key":"SMITH"},{"floor":15,"key":"REST"}],"neow_cost":"NONE","seed_source_timestamp":8169085100152,"circlet_count":0,"master_deck":["AscendersBane","Defend_G","Defend_G","Defend_G","Defend_G","Defend_G","Strike_G","Strike_G","Strike_G","Survivor","Neutralize","Terror+1","Riddle With Holes","Flying Knee","Envenom+1","Bane","Slice","Deadly Poison","Cloak And Dagger","Envenom","PiercingWail"],"relics":["Ring of the Serpent","NeowsBlessing","Blue Candle","Orichalcum","Bag of Marbles","MawBank"],"potions_floor_usage":[6,8,16,20,21],"damage_taken":[{"damage":0,"enemies":"Cultist","floor":1,"turns":1},{"damage":0,"enemies":"Small Slimes","floor":2,"turns":1},{"damage":0,"enemies":"2 Louse","floor":3,"turns":1},{"damage":0,"enemies":"Exordium Wildlife","floor":4,"turns":3},{"damage":30,"enemies":"3 Sentries","floor":6,"turns":6},{"damage":3,"enemies":"Lagavulin","floor":8,"turns":5},{"damage":4,"enemies":"Red Slaver","floor":14,"turns":3},{"damage":11,"enemies":"Hexaghost","floor":16,"turns":7},{"damage":25,"enemies":"Shell Parasite","floor":18,"turns":5},{"damage":0,"enemies":"3 Byrds","floor":20,"turns":2},{"damage":16,"enemies":"Centurion and Healer","floor":21,"turns":5}],"seed_played":"221538710954721503","potions_obtained":[{"floor":3,"key":"AttackPotion"},{"floor":6,"key":"Block Potion"},{"floor":8,"key":"SmokeBomb"},{"floor":18,"key":"PowerPotion"}],"is_trial":false,"path_per_floor":["M","M","M","M","$","E","R","E","T","?","R","?","$","M","R","B",null,"M","$","M","M"],"character_chosen":"THE_SILENT","items_purchased":["Bane","Poison Potion"],"campfire_rested":1,"item_purchase_floors":[5,13],"current_hp_per_floor":[59,59,59,59,59,29,29,26,26,26,26,21,21,17,36,25,56,31,31,31,15],"gold":37,"neow_bonus":"THREE_ENEMY_KILL","is_prod":false,"is_daily":false,"chose_seed":false,"campfire_upgraded":2,"win_rate":0,"timestamp":1550132311,"path_taken":["M","M","M","?","$","E","R","E","T","?","R","?","?","M","R","BOSS","M","$","M","M"],"build_version":"2019-01-23","purchased_purges":2,"victory":false,"max_hp_per_floor":[66,66,66,66,66,66,66,66,66,66,66,66,66,66,66,66,66,66,66,66,66],"card_choices":[{"not_picked":["Acrobatics","Deflect"],"picked":"Terror","floor":1},{"not_picked":["Outmaneuver","Terror"],"picked":"Riddle With Holes","floor":2},{"not_picked":["Setup","Blade Dance"],"picked":"Flying Knee","floor":3},{"not_picked":["Slice","Deadly Poison"],"picked":"Envenom","floor":4},{"not_picked":["Distraction","Sucker Punch"],"picked":"Slice","floor":6},{"not_picked":["Dagger Throw","Terror"],"picked":"Deadly Poison","floor":8},{"not_picked":["Choke","Accuracy"],"picked":"Cloak And Dagger","floor":14},{"not_picked":["Storm of Steel","Wraith Form v2"],"picked":"Envenom","floor":16},{"not_picked":["Dodge and Roll","Terror"],"picked":"PiercingWail","floor":18}],"player_experience":526837,"relics_obtained":[{"floor":6,"key":"Blue Candle"},{"floor":8,"key":"Orichalcum"},{"floor":9,"key":"Bag of Marbles"}],"event_choices":[{"damage_healed":0,"gold_gain":0,"player_choice":"Left Gold","damage_taken":0,"max_hp_gain":0,"max_hp_loss":0,"event_name":"World of Goop","floor":10,"gold_loss":68},{"damage_healed":0,"gold_gain":0,"player_choice":"Success","damage_taken":5,"relics_obtained":["MawBank"],"max_hp_gain":0,"max_hp_loss":0,"event_name":"Scrap Ooze","floor":12,"gold_loss":0}],"is_beta":false,"boss_relics":[{"not_picked":["Astrolabe","Runic Dome"],"picked":"Ring of the Serpent"}],"items_purged_floors":[5,19],"is_endless":false,"potions_floor_spawned":[3,6,8,18],"killed_by":"Centurion and Healer","ascension_level":17}