{"gold_per_floor":[117,117,134,148,163,163,163,183,208,237,237,247,247,247,247,347,347,363,363],"floor_reached":19,"playtime":1631,"items_purged":[],"score":169,"play_id":"bfe32aed-1035-4055-b634-f8e21d0a58fe","local_time":"20190314211220","is_ascension_mode":false,"campfire_choices":[{"data":"Carnage","floor":6.0,"key":"SMITH"},{"floor":11.0,"key":"REST"},{"data":"Thunderclap","floor":13.0,"key":"SMITH"},{"data":"Bash","floor":15.0,"key":"SMITH"}],"neow_cost":"NONE","seed_source_timestamp":0,"circlet_count":0,"master_deck":["Strike_R+1","Strike_R","Strike_R","Strike_R+1","Strike_R+1","Defend_R","Defend_R","Defend_R","Defend_R","Bash+1","Thunderclap+1","Shrug It Off","Carnage+1","Pummel","Whirlwind","Anger","Anger","Demon Form","Metallicize+1"],"special_seed":0,"relics":["Burning Blood","Bag of Preparation","Pen Nib","Juzu Bracelet","Bottled Lightning","Black Star"],"potions_floor_usage":[],"damage_taken":[{"damage":5.0,"enemies":"Jaw Worm","floor":1.0,"turns":6.0},{"damage":1.0,"enemies":"Cultist","floor":3.0,"turns":3.0},{"damage":0.0,"enemies":"Small Slimes","floor":4.0,"turns":4.0},{"damage":2.0,"enemies":"Looter","floor":5.0,"turns":2.0},{"damage":14.0,"enemies":"3 Louse","floor":8.0,"turns":2.0},{"damage":8.0,"enemies":"Gremlin Nob","floor":10.0,"turns":3.0},{"damage":4.0,"enemies":"Exordium Thugs","floor":12.0,"turns":5.0},{"damage":32.0,"enemies":"Hexaghost","floor":16.0,"turns":7.0},{"damage":30,"enemies":"Spheric Guardian","floor":18,"turns":4},{"damage":56,"enemies":"Masked Bandits","floor":19,"turns":4}],"seed_played":"7367364748482407314","potions_obtained":[{"floor":4.0,"key":"GamblersBrew"},{"floor":5.0,"key":"EssenceOfSteel"},{"floor":12.0,"key":"BloodPotion"},{"floor":16.0,"key":"GamblersBrew"}],"is_trial":false,"path_per_floor":["M","?","M","M","M","R","?","M","T","E","R","M","R","T","R","B",null,"M","?"],"character_chosen":"IRONCLAD","items_purchased":[],"campfire_rested":1,"item_purchase_floors":[],"current_hp_per_floor":[80,80,80,80,80,80,64,56,56,54,78,80,80,80,80,54,80,56,0],"gold":363,"neow_bonus":"RANDOM_COMMON_RELIC","is_prod":false,"is_daily":false,"chose_seed":false,"campfire_upgraded":3,"win_rate":0.0,"timestamp":1552597940,"path_taken":["M","?","?","M","M","R","?","M","T","E","R","M","R","?","R","BOSS","M","?"],"build_version":"2019-01-23","purchased_purges":0,"victory":false,"max_hp_per_floor":[80,80,80,80,80,80,80,80,80,80,80,80,80,80,80,80,80,80,80],"card_choices":[{"not_picked":["Shrug It Off","Blood for Blood"],"picked":"Thunderclap","floor":1.0},{"not_picked":["Perfected Strike","Wild Strike"],"picked":"Shrug It Off","floor":3.0},{"not_picked":["Anger","Clothesline"],"picked":"Carnage","floor":4.0},{"not_picked":["Seeing Red","Wild Strike"],"picked":"Pummel","floor":5.0},{"not_picked":["Thunderclap","Brutality"],"picked":"Whirlwind","floor":8.0},{"not_picked":["Twin Strike","Body Slam"],"picked":"Anger","floor":10.0},{"not_picked":["Carnage","Twin Strike"],"picked":"Anger","floor":12.0},{"not_picked":["Bludgeon","Berserk"],"picked":"Demon Form","floor":16.0},{"not_picked":["Shockwave+1","Warcry"],"picked":"Metallicize+1","floor":18}],"player_experience":12265,"relics_obtained":[{"floor":9.0,"key":"Pen Nib"},{"floor":10.0,"key":"Juzu Bracelet"},{"floor":14.0,"key":"Bottled Lightning"}],"event_choices":[{"damage_healed":0.0,"max_hp_gain":0.0,"max_hp_loss":0.0,"gold_gain":0.0,"event_name":"Upgrade Shrine","player_choice":"Upgraded","floor":2.0,"gold_loss":0.0,"damage_taken":0.0,"cards_upgraded":["Strike_R"]},{"damage_healed":0.0,"max_hp_gain":0.0,"max_hp_loss":0.0,"gold_gain":0.0,"event_name":"Shining Light","player_choice":"Entered Light","floor":7.0,"gold_loss":0.0,"damage_taken":16.0,"cards_upgraded":["Strike_R","Strike_R"]},{"damage_healed":0,"gold_gain":0,"player_choice":"Fought Bandits","damage_taken":0,"max_hp_gain":0,"max_hp_loss":0,"event_name":"Masked Bandits","floor":19,"gold_loss":0}],"is_beta":false,"boss_relics":[{"not_picked":["Lizard Tail","Eternal Feather"],"picked":"Black Star"}],"items_purged_floors":[],"is_endless":false,"potions_floor_spawned":[4,5,12,16],"killed_by":"Masked Bandits","ascension_level":0}