{"gold_per_floor":[17,28,203,221,221,221,246,246,246,286,360,426,4,28,28,149,149,167,192,205,130,144,187,187,208,208,208,168,189,230,254,254,378,378,393,393,89,422,422,422,435,450,450,463,474,4,20,33,33,33],"floor_reached":50,"playtime":3222,"items_purged":["Doubt","Pain","Shame"],"score":598,"play_id":"a815309a-0754-4bf3-acd6-56d974685563","local_time":"20190317231726","is_ascension_mode":true,"campfire_choices":[{"data":"PiercingWail","floor":6,"key":"SMITH"},{"floor":15,"key":"REST"},{"floor":24,"key":"REST"},{"floor":32,"key":"REST"},{"data":"Shame","floor":40,"key":"PURGE"},{"data":"Parasite","floor":49,"key":"PURGE"}],"neow_cost":"NO_GOLD","seed_source_timestamp":327368272353896,"circlet_count":0,"master_deck":["Defend_G+1","Defend_G","Defend_G","Strike_G","Strike_G","Strike_G","Survivor","Neutralize","Slice","All Out Attack","PiercingWail+1","Crippling Poison+1","Underhanded Strike","Outmaneuver","Acrobatics","Terror+1","Blade Dance+1","Deadly Poison+1","Blind+1","Escape Plan+1","Adrenaline+1","Backflip+1","Cloak And Dagger+1","Tactician+1","Leg Sweep+1","Blur+1","Ghostly+1","Ghostly+1","Ghostly+1","Ghostly+1","Ghostly+1","Dodge and Roll+1","Heel Hook","Dagger Spray","Unload","Well Laid Plans","Thinking Ahead+1","Deflect+1","Heel Hook+1","Noxious Fumes","Secret Technique+1","Infinite Blades"],"relics":["Ring of the Serpent","Blue Candle","Toxic Egg 2","Strawberry","Tiny Chest","Ornamental Fan","Smiling Mask","Tingsha","Shuriken","Calling Bell","War Paint","Mummified Hand","Bird Faced Urn","Peace Pipe","Gremlin Horn","Meat on the Bone"],"potions_floor_usage":[4,10,12,16,23,25,30,33,35,48,50],"damage_taken":[{"damage":0,"enemies":"Small Slimes","floor":1,"turns":3},{"damage":0,"enemies":"2 Louse","floor":2,"turns":2},{"damage":4,"enemies":"Jaw Worm","floor":4,"turns":4},{"damage":0,"enemies":"Large Slime","floor":7,"turns":6},{"damage":8,"enemies":"3 Sentries","floor":10,"turns":7},{"damage":35,"enemies":"Lagavulin Event","floor":11,"turns":6},{"damage":25,"enemies":"Lagavulin","floor":12,"turns":6},{"damage":0,"enemies":"Blue Slaver","floor":14,"turns":4},{"damage":21,"enemies":"Slime Boss","floor":16,"turns":11},{"damage":18,"enemies":"Shell Parasite","floor":18,"turns":5},{"damage":0,"enemies":"3 Byrds","floor":19,"turns":5},{"damage":2,"enemies":"Centurion and Healer","floor":20,"turns":5},{"damage":3,"enemies":"Shelled Parasite and Fungi","floor":22,"turns":4},{"damage":40,"enemies":"Gremlin Leader","floor":23,"turns":8},{"damage":10,"enemies":"Chosen and Byrds","floor":25,"turns":6},{"damage":0,"enemies":"Snake Plant","floor":29,"turns":6},{"damage":10,"enemies":"Book of Stabbing","floor":30,"turns":7},{"damage":7,"enemies":"Shelled Parasite and Fungi","floor":31,"turns":5},{"damage":22,"enemies":"Collector","floor":33,"turns":9},{"damage":11,"enemies":"Orb Walker","floor":35,"turns":5},{"damage":7,"enemies":"3 Darklings","floor":41,"turns":4},{"damage":1,"enemies":"Transient","floor":42,"turns":5},{"damage":8,"enemies":"Jaw Worm Horde","floor":44,"turns":5},{"damage":17,"enemies":"Spire Growth","floor":45,"turns":6},{"damage":0,"enemies":"Maw","floor":47,"turns":7},{"damage":27,"enemies":"Writhing Mass","floor":48,"turns":6},{"damage":34,"enemies":"Donu and Deca","floor":50,"turns":7}],"seed_played":"4383509532367028559","potions_obtained":[{"floor":1,"key":"EssenceOfSteel"},{"floor":2,"key":"SkillPotion"},{"floor":11,"key":"LiquidBronze"},{"floor":14,"key":"EssenceOfSteel"},{"floor":16,"key":"Ancient Potion"},{"floor":20,"key":"Ancient Potion"},{"floor":23,"key":"AttackPotion"},{"floor":28,"key":"FairyPotion"},{"floor":28,"key":"Strength Potion"},{"floor":35,"key":"Fruit Juice"},{"floor":45,"key":"Energy Potion"},{"floor":47,"key":"Regen Potion"}],"is_trial":false,"path_per_floor":["M","M","?","M","?","R","M","?","T","E","?","E","$","M","R","B",null,"M","M","M","?","M","E","R","M","T","?","?","M","E","M","R","B",null,"M","T","$","?","?","R","M","M","T","M","M","$","M","M","R","B"],"character_chosen":"THE_SILENT","items_purchased":["Blind+1","Ornamental Fan","Well Laid Plans","Thinking Ahead+1","Secret Technique+1","Meat on the Bone"],"campfire_rested":3,"item_purchase_floors":[13,13,37,37,46,46],"current_hp_per_floor":[70,70,70,66,65,65,65,65,65,57,29,4,4,4,25,4,72,54,54,52,52,49,9,30,20,20,20,20,20,10,3,13,3,36,30,30,30,30,30,30,25,26,26,20,5,5,21,27,27,0],"gold":33,"neow_bonus":"TRANSFORM_TWO_CARDS","is_prod":false,"is_daily":false,"chose_seed":false,"campfire_upgraded":1,"win_rate":0,"timestamp":1552832246,"path_taken":["M","M","?","M","?","R","?","?","T","E","?","E","$","M","R","BOSS","M","M","M","?","M","E","R","M","T","?","?","M","E","M","R","BOSS","M","?","$","?","?","R","M","?","T","M","M","$","M","M","R","BOSS"],"build_version":"2019-01-23","purchased_purges":3,"victory":false,"max_hp_per_floor":[70,70,70,70,65,65,65,65,65,65,72,72,72,72,72,72,72,72,72,72,72,72,72,72,72,72,36,36,36,36,36,36,36,36,41,41,41,41,41,41,41,41,41,41,41,41,41,41,38,38],"card_choices":[{"not_picked":["Escape Plan","Blade Dance"],"picked":"PiercingWail","floor":1},{"not_picked":["Reflex","PiercingWail"],"picked":"Crippling Poison","floor":2},{"not_picked":["Flying Knee","Cloak And Dagger"],"picked":"Underhanded Strike","floor":4},{"not_picked":["Slice","Dagger Throw"],"picked":"Outmaneuver","floor":7},{"not_picked":["Deadly Poison","Quick Slash"],"picked":"Terror","floor":10},{"not_picked":["Sucker Punch","Infinite Blades"],"picked":"Blade Dance+1","floor":11},{"not_picked":["Bane","Calculated Gamble+1"],"picked":"Deadly Poison+1","floor":12},{"not_picked":["Acrobatics+1","Die Die Die"],"picked":"Escape Plan+1","floor":14},{"not_picked":["After Image","Phantasmal Killer+1"],"picked":"Adrenaline+1","floor":16},{"not_picked":["Blade Dance+1","Acrobatics+1"],"picked":"Backflip+1","floor":18},{"not_picked":["Outmaneuver+1","PiercingWail+1"],"picked":"Cloak And Dagger+1","floor":19},{"not_picked":["Outmaneuver+1","Terror+1"],"picked":"Tactician+1","floor":20},{"not_picked":["Underhanded Strike","Sucker Punch","Slice"],"picked":"SKIP","floor":22},{"not_picked":["Caltrops","Outmaneuver+1"],"picked":"Leg Sweep+1","floor":23},{"not_picked":["Venomology+1","Endless Agony"],"picked":"Blur+1","floor":25},{"not_picked":["Deflect+1","Reflex+1"],"picked":"Dodge and Roll+1","floor":29},{"not_picked":["Prepared+1","Quick Slash"],"picked":"Heel Hook","floor":30},{"not_picked":["Bane","Outmaneuver+1"],"picked":"Dagger Spray","floor":31},{"not_picked":["Wraith Form v2","Venomology+1"],"picked":"Unload","floor":33},{"not_picked":["Setup+1","Flying Knee+1","Sucker Punch"],"picked":"SKIP","floor":35},{"not_picked":["Terror+1","All Out Attack+1","Prepared+1"],"picked":"SKIP","floor":41},{"not_picked":["Blur+1","Dagger Spray+1"],"picked":"Deflect+1","floor":42},{"not_picked":["Finisher+1","Flying Knee"],"picked":"Heel Hook+1","floor":44},{"not_picked":["Underhanded Strike+1","Acrobatics+1"],"picked":"Noxious Fumes","floor":45},{"not_picked":["Backflip+1","Endless Agony"],"picked":"Infinite Blades","floor":47},{"not_picked":["Deadly Poison+1","Slice+1","Unload"],"picked":"SKIP","floor":48}],"player_experience":546252,"relics_obtained":[{"floor":9,"key":"Blue Candle"},{"floor":10,"key":"Toxic Egg 2"},{"floor":11,"key":"Strawberry"},{"floor":12,"key":"Tiny Chest"},{"floor":23,"key":"Smiling Mask"},{"floor":26,"key":"Tingsha"},{"floor":30,"key":"Shuriken"},{"floor":34,"key":"War Paint"},{"floor":34,"key":"Mummified Hand"},{"floor":34,"key":"Bird Faced Urn"},{"floor":36,"key":"Peace Pipe"},{"floor":43,"key":"Gremlin Horn"}],"event_choices":[{"damage_healed":0,"gold_gain":175,"player_choice":"AGREE","damage_taken":0,"max_hp_gain":0,"max_hp_loss":0,"event_name":"Liars Game","floor":3,"gold_loss":0,"cards_obtained":["Doubt"]},{"damage_healed":0,"gold_gain":0,"player_choice":"Lose Max HP","damage_taken":0,"relics_obtained":["Golden Idol"],"max_hp_gain":0,"max_hp_loss":5,"event_name":"Golden Idol","floor":5,"gold_loss":0},{"damage_healed":0,"gold_gain":0,"cards_transformed":["Strike_G"],"player_choice":"Change","damage_taken":0,"max_hp_gain":0,"max_hp_loss":0,"event_name":"Living Wall","floor":8,"gold_loss":0,"cards_obtained":["Acrobatics"]},{"damage_healed":0,"gold_gain":0,"player_choice":"Searched \u00272\u0027 times","damage_taken":0,"max_hp_gain":0,"max_hp_loss":0,"event_name":"Dead Adventurer","floor":11,"gold_loss":0},{"cards_removed":["Defend_G"],"damage_healed":0,"gold_gain":0,"player_choice":"Gave Gold","damage_taken":0,"max_hp_gain":0,"max_hp_loss":0,"event_name":"Beggar","floor":21,"gold_loss":75},{"damage_healed":0,"gold_gain":0,"player_choice":"Became a Ghost","damage_taken":0,"max_hp_gain":0,"max_hp_loss":36,"event_name":"Ghosts","floor":27,"gold_loss":0,"cards_obtained":["Ghostly","Ghostly","Ghostly","Ghostly","Ghostly"]},{"damage_healed":0,"gold_gain":0,"player_choice":"Bought 3 Potions","damage_taken":0,"max_hp_gain":0,"max_hp_loss":0,"event_name":"The Woman in Blue","floor":28,"gold_loss":0},{"damage_healed":0,"gold_gain":333,"player_choice":"Gave Idol","damage_taken":0,"max_hp_gain":0,"max_hp_loss":0,"event_name":"The Moai Head","floor":38,"relics_lost":["Golden Idol"],"gold_loss":0},{"damage_healed":0,"gold_gain":0,"player_choice":"Ignored","damage_taken":0,"max_hp_gain":0,"max_hp_loss":0,"event_name":"Mysterious Sphere","floor":39,"gold_loss":0}],"is_beta":false,"boss_relics":[{"not_picked":["Runic Dome","Astrolabe"],"picked":"Ring of the Serpent"},{"not_picked":["Pandora\u0027s Box","White Beast Statue"],"picked":"Calling Bell"}],"items_purged_floors":[13,37,46],"is_endless":false,"potions_floor_spawned":[1,2,11,14,16,20,23,29,35,45,47],"killed_by":"Donu and Deca","ascension_level":1}