{"gold_per_floor":[109,128,128,144,165,205,205,236,236,260,260],"floor_reached":11,"playtime":1072,"items_purged":[],"score":160,"play_id":"f5f8c97b-bdd1-412f-99d9-a3dc492dc28e","local_time":"20190127125308","is_ascension_mode":true,"campfire_choices":[],"neow_cost":"NONE","seed_source_timestamp":4195598840984,"circlet_count":0,"master_deck":["Defend_G","Defend_G","Defend_G","Defend_G","Defend_G","Strike_G","Strike_G","Strike_G","Strike_G","Strike_G","Survivor","Neutralize","After Image","Blade Dance","Calculated Gamble","PiercingWail","Infinite Blades","Envenom","Leg Sweep"],"relics":["Ring of the Snake","Golden Idol","Tough Bandages","Shovel","Ice Cream"],"potions_floor_usage":[6,6,8,8,8],"damage_taken":[{"damage":0,"enemies":"Jaw Worm","floor":1,"turns":5},{"damage":0,"enemies":"Small Slimes","floor":2,"turns":4},{"damage":0,"enemies":"Cultist","floor":4,"turns":4},{"damage":0,"enemies":"3 Louse","floor":5,"turns":5},{"damage":10,"enemies":"Lagavulin","floor":6,"turns":8},{"damage":0,"enemies":"3 Sentries","floor":8,"turns":5},{"damage":0,"enemies":"Blue Slaver","floor":10,"turns":5},{"damage":55,"enemies":"Gremlin Nob","floor":11,"turns":5}],"seed_played":"9185733055343116051","potions_obtained":[{"floor":1,"key":"PowerPotion"},{"floor":2,"key":"GhostInAJar"},{"floor":4,"key":"SpeedPotion"},{"floor":5,"key":"AttackPotion"},{"floor":7,"key":"Explosive Potion"},{"floor":7,"key":"SkillPotion"}],"is_trial":false,"path_per_floor":["M","M","?","M","M","E","?","E","T","M","E"],"character_chosen":"THE_SILENT","items_purchased":[],"campfire_rested":0,"item_purchase_floors":[],"current_hp_per_floor":[63,63,63,63,63,53,53,53,53,53,0],"gold":260,"neow_bonus":"ONE_RANDOM_RARE_CARD","is_prod":false,"is_daily":false,"chose_seed":false,"campfire_upgraded":0,"win_rate":0,"timestamp":1548622388,"path_taken":["M","M","?","M","M","E","?","E","T","?","E"],"build_version":"2019-01-23","purchased_purges":0,"victory":false,"max_hp_per_floor":[70,70,65,65,65,65,65,65,65,65,65],"card_choices":[{"not_picked":["Reflex","Slice"],"picked":"Blade Dance","floor":1},{"not_picked":["Outmaneuver","Underhanded Strike"],"picked":"Calculated Gamble","floor":2},{"not_picked":["Quick Slash","Prepared"],"picked":"PiercingWail","floor":4},{"not_picked":["Blur","Terror"],"picked":"Infinite Blades","floor":5},{"not_picked":["Escape Plan","Tactician"],"picked":"Envenom","floor":6},{"not_picked":["Sucker Punch","Underhanded Strike"],"picked":"Leg Sweep","floor":8},{"not_picked":["Bane","Blade Dance","Finisher"],"picked":"SKIP","floor":10}],"player_experience":321754,"relics_obtained":[{"floor":6,"key":"Tough Bandages"},{"floor":8,"key":"Shovel"},{"floor":9,"key":"Ice Cream"}],"event_choices":[{"damage_healed":0,"gold_gain":0,"player_choice":"Lose Max HP","damage_taken":0,"relics_obtained":["Golden Idol"],"max_hp_gain":0,"max_hp_loss":5,"event_name":"Golden Idol","floor":3,"gold_loss":0},{"damage_healed":0,"gold_gain":0,"player_choice":"Got Potions","damage_taken":0,"max_hp_gain":0,"max_hp_loss":0,"event_name":"Lab","floor":7,"gold_loss":0}],"is_beta":false,"boss_relics":[],"items_purged_floors":[],"is_endless":false,"potions_floor_spawned":[1,2,4,5],"killed_by":"Gremlin Nob","ascension_level":9}