{"path_per_floor":["M","?","$","M","M","E","R","?","T","R","M","R","$","?","R","B",null,"M","?","$","M","?","R","E","R","T","M","E","M","?","?","R","B",null,"M","M","?","M","M","R","E","?","T","?","T","$","$","M","R","B"],"character_chosen":"IRONCLAD","items_purchased":["Membership Card","Ancient Tea Set","Shrug It Off","Anchor","Finesse"],"gold_per_floor":[218,218,22,39,54,86,86,150,150,150,168,168,10,38,38,137,137,151,76,16,31,31,31,60,60,60,80,109,121,36,36,36,138,138,152,169,223,242,262,262,290,290,368,368,391,192,11,31,31,31],"floor_reached":51,"campfire_rested":1,"playtime":3614,"current_hp_per_floor":[69,62,62,68,71,64,64,44,44,44,44,44,44,38,62,27,67,65,65,65,60,60,60,51,51,51,56,58,59,59,59,59,63,76,80,80,80,80,80,80,80,80,90,90,97,97,97,91,91,47],"items_purged":["Strike_R","Pain","Pain"],"gold":31,"score":773,"play_id":"54956220-4df3-400e-b9d8-a8cc08b89cb4","is_prod":false,"is_daily":false,"is_ascension_mode":true,"campfire_upgraded":8,"path_taken":["M","?","$","M","M","E","R","?","T","R","M","R","$","?","R","BOSS","M","?","$","M","?","R","E","R","T","?","E","M","?","?","R","BOSS","M","?","?","?","M","R","E","?","T","?","?","?","$","M","R","BOSS"],"build_version":"2018-02-15-PROD1","purchased_purges":3,"victory":true,"master_deck":["Strike_R","Defend_R","Defend_R","Defend_R","Defend_R","Bash+1","Shrug It Off+1","Headbutt","Uppercut+1","Inflame+1","Whirlwind+1","Shrug It Off","Limit Break+1","Offering+1","Armaments+1","Shrug It Off+1","Double Tap+1","Shrug It Off+1","Heavy Blade+1","Impervious","Headbutt","Finesse","True Grit+1"],"max_hp_per_floor":[80,80,80,80,80,80,80,80,80,80,80,80,80,80,80,80,80,80,80,80,80,80,80,80,80,80,80,80,80,80,80,80,80,80,80,80,80,80,80,80,80,80,90,90,97,97,97,97,97,97],"relics":["Burning Blood","Membership Card","Whetstone","Bag of Marbles","Calipers","Ancient Tea Set","Odd Mushroom","Sozu","Lantern","Frozen Eye","Vajra","Blood Vial","Cursed Key","Gambling Chip","Orichalcum","Pear","Strawberry","Anchor"],"card_choices":[{"not_picked":["Flame Barrier","Headbutt"],"picked":"Shrug It Off"},{"not_picked":["Combust","Thunderclap"],"picked":"Headbutt"},{"not_picked":["Seeing Red","Body Slam"],"picked":"Uppercut"},{"not_picked":["Havoc","Sentinel"],"picked":"Inflame"},{"not_picked":["Pommel Strike","Clothesline"],"picked":"Whirlwind"},{"not_picked":["Flex","Fire Breathing"],"picked":"Limit Break"},{"not_picked":["Brutality","Fiend Fire"],"picked":"Offering"},{"not_picked":["Clothesline","Headbutt"],"picked":"Armaments"},{"not_picked":["Spot Weakness","Cleave"],"picked":"Shrug It Off"},{"not_picked":["Twin Strike","Armaments"],"picked":"Double Tap"},{"not_picked":["Bludgeon","Searing Blow"],"picked":"Shrug It Off"},{"not_picked":["Barricade","Immolate"],"picked":"Impervious"},{"not_picked":["Anger","Infernal Blade"],"picked":"Headbutt"},{"not_picked":["Flex","Flame Barrier"],"picked":"True Grit"}],"player_experience":260047,"potions_floor_usage":[6,6,14,16],"damage_taken":[{"damage":9,"enemies":"2 Louse","floor":1,"turns":2},{"damage":0,"enemies":"Cultist","floor":4,"turns":4},{"damage":3,"enemies":"Small Slimes","floor":5,"turns":4},{"damage":13,"enemies":"3 Sentries","floor":6,"turns":8},{"damage":26,"enemies":"3 Sentries","floor":8,"turns":8},{"damage":6,"enemies":"Looter","floor":11,"turns":2},{"damage":12,"enemies":"The Mushroom Lair","floor":14,"turns":3},{"damage":41,"enemies":"Hexaghost","floor":16,"turns":7},{"damage":8,"enemies":"Chosen","floor":18,"turns":3},{"damage":11,"enemies":"Spheric Guardian","floor":21,"turns":4},{"damage":15,"enemies":"Book of Stabbing","floor":24,"turns":5},{"damage":1,"enemies":"Centurion and Healer","floor":27,"turns":3},{"damage":4,"enemies":"Slavers","floor":28,"turns":1},{"damage":5,"enemies":"Snake Plant","floor":29,"turns":2},{"damage":4,"enemies":"Champ","floor":33,"turns":6},{"damage":4,"enemies":"3 Darklings","floor":35,"turns":4},{"damage":4,"enemies":"Orb Walker","floor":36,"turns":2},{"damage":0,"enemies":"Mysterious Sphere","floor":37,"turns":3},{"damage":0,"enemies":"4 Shapes","floor":38,"turns":1},{"damage":4,"enemies":"Maw","floor":39,"turns":4},{"damage":0,"enemies":"Nemesis","floor":41,"turns":1},{"damage":12,"enemies":"Sphere and 2 Shapes","floor":48,"turns":5},{"damage":52,"enemies":"Donu and Deca","floor":50,"turns":7}],"event_choices":[{"event_name":"Golden Wing","player_choice":"Card Removal","floor":2,"damage_taken":0},{"event_name":"Dead Adventurer","player_choice":"Searched \u00272\u0027 times","floor":8,"damage_taken":0},{"event_name":"Mushrooms","player_choice":"Fought Mushrooms","floor":14,"damage_taken":0},{"event_name":"Beggar","player_choice":"Gave Gold","floor":19,"damage_taken":0},{"event_name":"Drug Dealer","player_choice":"Ignored","floor":22,"damage_taken":0},{"event_name":"Addict","player_choice":"Obtained Relic","floor":30,"damage_taken":0},{"event_name":"The Library","player_choice":"Read","floor":31,"damage_taken":0},{"event_name":"Mysterious Sphere","player_choice":"Fight","floor":37,"damage_taken":0},{"event_name":"Bonfire Elementals","player_choice":"BASIC","floor":42,"damage_taken":0},{"event_name":"Tomb of Lord Red Mask","player_choice":"Ignored","floor":44,"damage_taken":0}],"boss_relics":[{"not_picked":["Calling Bell","Pandora\u0027s Box"],"picked":"Sozu"},{"not_picked":["Mark of Pain","Eternal Feather"],"picked":"Cursed Key"}],"potions_floor_spawned":[1,5,6,8,14,28,29,33,37,38,39],"seed_played":"563757227410452176","ascension_level":6,"is_trial":false}