{"gold_per_floor":[109,128,143,318,268,295,270,270],"floor_reached":8,"playtime":479,"items_purged":[],"score":59,"play_id":"7718a22a-e488-4f7f-9521-df5302b8f869","local_time":"20190314165713","is_ascension_mode":true,"campfire_choices":[],"neow_cost":"NONE","seed_source_timestamp":78290544348162,"circlet_count":0,"master_deck":["Strike_R","Strike_R","Strike_R","Strike_R","Strike_R","Defend_R","Defend_R","Defend_R","Defend_R","Bash","True Grit","Reaper","Flame Barrier"],"relics":["Burning Blood","NeowsBlessing","Blood Vial"],"potions_floor_usage":[6,8],"damage_taken":[{"damage":0,"enemies":"Cultist","floor":1,"turns":1},{"damage":0,"enemies":"2 Louse","floor":2,"turns":1},{"damage":0,"enemies":"Small Slimes","floor":3,"turns":1},{"damage":70,"enemies":"3 Sentries","floor":6,"turns":16},{"damage":49,"enemies":"Gremlin Nob","floor":8,"turns":4}],"seed_played":"3231772290030789501","potions_obtained":[{"floor":2,"key":"SkillPotion"},{"floor":6,"key":"Explosive Potion"}],"is_trial":false,"path_per_floor":["M","M","M","?","?","E","?","E"],"character_chosen":"IRONCLAD","items_purchased":[],"campfire_rested":0,"item_purchase_floors":[],"current_hp_per_floor":[80,80,80,80,80,28,28,0],"gold":270,"neow_bonus":"THREE_ENEMY_KILL","is_prod":false,"is_daily":false,"chose_seed":false,"campfire_upgraded":0,"win_rate":0,"timestamp":1552597033,"path_taken":["M","M","M","?","?","E","?","E"],"build_version":"2019-01-23","purchased_purges":0,"victory":false,"max_hp_per_floor":[80,80,80,80,80,80,80,80],"card_choices":[{"not_picked":["Armaments","Cleave"],"picked":"True Grit","floor":1},{"not_picked":["Flex","Wild Strike","Thunderclap"],"picked":"SKIP","floor":2},{"not_picked":["Carnage","Dropkick"],"picked":"Reaper","floor":3},{"not_picked":["Burning Pact","Clash"],"picked":"Flame Barrier","floor":6}],"player_experience":300041,"relics_obtained":[{"floor":6,"key":"Blood Vial"}],"event_choices":[{"damage_healed":0,"gold_gain":175,"player_choice":"AGREE","damage_taken":0,"max_hp_gain":0,"max_hp_loss":0,"event_name":"Liars Game","floor":4,"gold_loss":0,"cards_obtained":["Doubt"]},{"cards_removed":["Doubt"],"damage_healed":0,"gold_gain":0,"player_choice":"Card Removal","damage_taken":0,"max_hp_gain":0,"max_hp_loss":0,"event_name":"The Cleric","floor":5,"gold_loss":50},{"damage_healed":0,"gold_gain":0,"player_choice":"Left Gold","damage_taken":0,"max_hp_gain":0,"max_hp_loss":0,"event_name":"World of Goop","floor":7,"gold_loss":25}],"is_beta":false,"boss_relics":[],"items_purged_floors":[],"is_endless":false,"potions_floor_spawned":[2,6],"killed_by":"Gremlin Nob","ascension_level":1}