{"gold_per_floor":[113,113,113,113,132,165,183,183,183,183,200,213,213,223,223,320,320,338,350,361,35,52,52,52,81,81,81,6,6,6,105,105,208,208,227,227,237,254,274,274,183,183,253,267,286,286,301,327,327,327],"floor_reached":51,"playtime":2362,"items_purged":["Defend_G","Defend_G"],"score":749,"play_id":"dfe6f0b2-ab84-4cf1-abe5-f2c02189a138","local_time":"20190101233826","is_ascension_mode":false,"campfire_choices":[{"data":"Neutralize","floor":8,"key":"SMITH"},{"data":"Backstab","floor":10,"key":"SMITH"},{"data":"Dash","floor":13,"key":"SMITH"},{"data":"Survivor","floor":15,"key":"SMITH"},{"data":"Adrenaline","floor":23,"key":"SMITH"},{"data":"Cloak And Dagger","floor":29,"key":"SMITH"},{"data":"Infinite Blades","floor":32,"key":"SMITH"},{"data":"Envenom","floor":40,"key":"SMITH"},{"data":"Accuracy","floor":46,"key":"SMITH"},{"floor":49,"key":"REST"}],"neow_cost":"CURSE","seed_source_timestamp":1052737144789776,"circlet_count":0,"master_deck":["Defend_G","Strike_G","Survivor+1","Neutralize+1","Dagger Throw","Infinite Blades+1","Distraction","Well Laid Plans","Backstab+1","Dash+1","Cloak And Dagger+1","Adrenaline+1","Slice","Accuracy+1","Outmaneuver","Dagger Spray","Leg Sweep","Cloak And Dagger+1","Envenom+1","Blade Dance","Calculated Gamble","Accuracy+1","Accuracy+1","Blade Dance+1"],"relics":["Ring of the Snake","Singing Bowl","Mango","Lantern","WristBlade","Ninja Scroll","Bottled Tornado","Tough Bandages","Smiling Mask","Empty Cage","Mercury Hourglass","GremlinMask","Darkstone Periapt","Letter Opener"],"potions_floor_usage":[12,14,19,20,33,38,44,48,50,50],"damage_taken":[{"damage":0,"enemies":"Cultist","floor":1,"turns":4},{"damage":0,"enemies":"Jaw Worm","floor":5,"turns":3},{"damage":13,"enemies":"Lagavulin","floor":6,"turns":7},{"damage":0,"enemies":"Small Slimes","floor":7,"turns":2},{"damage":0,"enemies":"Red Slaver","floor":11,"turns":2},{"damage":4,"enemies":"Gremlin Gang","floor":12,"turns":3},{"damage":1,"enemies":"Exordium Thugs","floor":14,"turns":4},{"damage":27,"enemies":"The Guardian","floor":16,"turns":15},{"damage":0,"enemies":"Chosen","floor":18,"turns":3},{"damage":1,"enemies":"2 Thieves","floor":19,"turns":5},{"damage":5,"enemies":"Shelled Parasite and Fungi","floor":20,"turns":5},{"damage":3,"enemies":"Snake Plant","floor":22,"turns":5},{"damage":0,"enemies":"Slavers","floor":25,"turns":4},{"damage":50,"enemies":"Champ","floor":33,"turns":10},{"damage":6,"enemies":"3 Darklings","floor":35,"turns":3},{"damage":7,"enemies":"Orb Walker","floor":37,"turns":2},{"damage":0,"enemies":"Jaw Worm Horde","floor":38,"turns":3},{"damage":13,"enemies":"4 Shapes","floor":39,"turns":2},{"damage":0,"enemies":"Transient","floor":44,"turns":5},{"damage":18,"enemies":"Jaw Worm Horde","floor":45,"turns":3},{"damage":25,"enemies":"3 Darklings","floor":47,"turns":4},{"damage":18,"enemies":"Nemesis","floor":48,"turns":5},{"damage":38,"enemies":"Awakened One","floor":50,"turns":9}],"seed_played":"-5149928252777620927","potions_obtained":[{"floor":5,"key":"Explosive Potion"},{"floor":11,"key":"FearPotion"},{"floor":14,"key":"GamblersBrew"},{"floor":16,"key":"Weak Potion"},{"floor":18,"key":"Regen Potion"},{"floor":25,"key":"PowerPotion"},{"floor":37,"key":"Regen Potion"},{"floor":38,"key":"SkillPotion"},{"floor":39,"key":"Fire Potion"},{"floor":45,"key":"EssenceOfSteel"},{"floor":47,"key":"PowerPotion"}],"is_trial":false,"path_per_floor":["M","?","?","?","M","E","M","R","T","R","M","M","R","M","R","B",null,"M","M","M","$","M","R","?","E","T","?","?","R","$","?","R","B",null,"M","?","M","M","M","R","$","?","T","M","M","R","M","E","R","B",null],"character_chosen":"THE_SILENT","items_purchased":["Ninja Scroll","Accuracy"],"campfire_rested":1,"item_purchase_floors":[21,41],"current_hp_per_floor":[70,70,63,63,63,64,64,64,64,64,66,62,62,61,61,34,86,86,86,81,81,80,80,80,80,80,80,80,80,80,80,80,30,88,82,82,77,88,75,75,75,75,75,75,59,59,34,18,46,8],"gold":327,"neow_bonus":"TRANSFORM_TWO_CARDS","is_prod":false,"is_daily":false,"chose_seed":false,"campfire_upgraded":9,"win_rate":0,"timestamp":1546353506,"path_taken":["M","?","?","?","M","E","?","R","T","R","M","?","R","?","R","BOSS","M","M","?","$","M","R","?","E","T","?","?","R","$","?","R","BOSS","M","?","?","M","M","R","$","?","T","M","M","R","M","E","R","BOSS"],"build_version":"2018-12-20","purchased_purges":2,"victory":true,"max_hp_per_floor":[70,70,70,70,70,84,84,84,84,84,86,86,86,86,86,86,86,86,86,86,86,88,88,88,88,88,88,88,88,88,88,88,88,88,88,88,90,92,92,92,92,92,92,92,94,94,94,96,96,96],"card_choices":[{"not_picked":["Acrobatics","Dagger Throw"],"picked":"Distraction","floor":1},{"not_picked":["Quick Slash","Blade Dance"],"picked":"Well Laid Plans","floor":5},{"not_picked":["Underhanded Strike","Grand Finale"],"picked":"Backstab","floor":6},{"not_picked":["Sucker Punch","Leg Sweep"],"picked":"Dash","floor":7},{"not_picked":["Masterful Stab","Bane","Deflect"],"picked":"Singing Bowl","floor":11},{"not_picked":["Prepared","Dodge and Roll"],"picked":"Leg Sweep","floor":12},{"not_picked":["Slice","Caltrops"],"picked":"Cloak And Dagger","floor":14},{"not_picked":["Grand Finale","After Image"],"picked":"Adrenaline","floor":16},{"not_picked":["Crippling Poison","Bane"],"picked":"Slice","floor":18},{"not_picked":["Bane","Deflect"],"picked":"Accuracy+1","floor":19},{"not_picked":["Caltrops","Prepared+1"],"picked":"Outmaneuver","floor":20},{"not_picked":["Bane","Dodge and Roll","Riddle With Holes"],"picked":"Singing Bowl","floor":22},{"not_picked":["Bullet Time","Blade Dance"],"picked":"Cloak And Dagger+1","floor":25},{"not_picked":["Unload","Burst"],"picked":"Envenom","floor":33},{"not_picked":["Slice","Bane"],"picked":"Blade Dance","floor":35},{"not_picked":["Concentrate","Reflex+1","Leg Sweep"],"picked":"Singing Bowl","floor":37},{"not_picked":["Underhanded Strike+1","PiercingWail","Blade Dance"],"picked":"Singing Bowl","floor":38},{"not_picked":["All Out Attack+1","Backflip"],"picked":"Calculated Gamble","floor":39},{"not_picked":["Skewer+1","Deflect"],"picked":"Accuracy+1","floor":44},{"not_picked":["Blur","Underhanded Strike","Cloak And Dagger+1"],"picked":"Singing Bowl","floor":45},{"not_picked":["Flying Knee+1","Blur"],"picked":"Blade Dance+1","floor":47},{"not_picked":["Setup+1","Dodge and Roll","Blade Dance+1"],"picked":"Singing Bowl","floor":48}],"player_experience":276966,"relics_obtained":[{"floor":6,"key":"Mango"},{"floor":9,"key":"Lantern"},{"floor":25,"key":"Bottled Tornado"},{"floor":26,"key":"Tough Bandages"},{"floor":43,"key":"Darkstone Periapt"},{"floor":48,"key":"Letter Opener"}],"event_choices":[{"cards_removed":["Doubt"],"damage_healed":0,"gold_gain":0,"player_choice":"Forget","damage_taken":0,"max_hp_gain":0,"max_hp_loss":0,"event_name":"Living Wall","floor":2,"gold_loss":0},{"damage_healed":0,"gold_gain":0,"player_choice":"Success","damage_taken":7,"relics_obtained":["Singing Bowl"],"max_hp_gain":0,"max_hp_loss":0,"event_name":"Scrap Ooze","floor":3,"gold_loss":0},{"cards_removed":["Strike_G"],"damage_healed":0,"gold_gain":0,"player_choice":"Purged","damage_taken":0,"max_hp_gain":0,"max_hp_loss":0,"event_name":"Purifier","floor":4,"gold_loss":0},{"damage_healed":0,"gold_gain":0,"cards_transformed":["Defend_G","Strike_G"],"player_choice":"Became Test Subject","damage_taken":0,"max_hp_gain":0,"max_hp_loss":0,"event_name":"Drug Dealer","floor":24,"gold_loss":0,"cards_obtained":["Dagger Spray","Leg Sweep"]},{"damage_healed":0,"gold_gain":0,"player_choice":"Stole Relic","damage_taken":0,"relics_obtained":["Smiling Mask"],"max_hp_gain":0,"max_hp_loss":0,"event_name":"Addict","floor":27,"gold_loss":0,"cards_obtained":["Shame"]},{"cards_removed":["Shame"],"damage_healed":0,"gold_gain":0,"player_choice":"Gave Gold","damage_taken":0,"max_hp_gain":0,"max_hp_loss":0,"event_name":"Beggar","floor":28,"gold_loss":75},{"damage_healed":0,"gold_gain":99,"player_choice":"Stole From Cult","damage_taken":0,"max_hp_gain":0,"max_hp_loss":0,"event_name":"Nest","floor":31,"gold_loss":0},{"damage_healed":0,"gold_gain":0,"player_choice":"Gave Potion","damage_taken":0,"relics_obtained":["Mercury Hourglass"],"max_hp_gain":0,"max_hp_loss":0,"event_name":"WeMeetAgain","floor":36,"gold_loss":0},{"damage_healed":0,"gold_gain":0,"player_choice":"Trade","damage_taken":0,"relics_obtained":["GremlinMask"],"max_hp_gain":0,"max_hp_loss":0,"event_name":"FaceTrader","floor":42,"gold_loss":0}],"is_beta":false,"boss_relics":[{"not_picked":["White Beast Statue","Orrery"],"picked":"WristBlade"},{"not_picked":["Velvet Choker","Tiny House"],"picked":"Empty Cage"}],"items_purged_floors":[21,41],"is_endless":false,"potions_floor_spawned":[5,11,14,16,18,25,37,38,39,45,47],"ascension_level":0}