{"gold_per_floor":[114,129,129,140,140,171,171,20,47,79,79,91,91,109,109,109],"floor_reached":16,"playtime":1359,"items_purged":["Strike_B"],"score":110,"play_id":"2554b5fa-691d-4c63-bc85-abbc05d57869","local_time":"20190203202023","is_ascension_mode":false,"campfire_choices":[{"data":"Seek","floor":7,"key":"SMITH"},{"data":"Chill","floor":11,"key":"SMITH"},{"data":"Sweeping Beam","floor":13,"key":"SMITH"},{"data":"Auto Shields","floor":15,"key":"SMITH"}],"neow_cost":"NONE","seed_source_timestamp":30438693747728,"circlet_count":0,"master_deck":["Strike_B","Strike_B","Strike_B","Defend_B","Defend_B","Defend_B+1","Defend_B","Zap","Dualcast+1","Coolheaded","Steam","Auto Shields+1","Seek+1","Chill+1","Sweeping Beam+1","Skim"],"relics":["Cracked Core","NeowsBlessing","War Paint","Regal Pillow","Shuriken"],"potions_floor_usage":[6,16],"damage_taken":[{"damage":0,"enemies":"Cultist","floor":1,"turns":1},{"damage":0,"enemies":"Jaw Worm","floor":2,"turns":1},{"damage":0,"enemies":"2 Louse","floor":4,"turns":1},{"damage":24,"enemies":"Gremlin Nob","floor":6,"turns":5},{"damage":17,"enemies":"3 Sentries","floor":10,"turns":19},{"damage":0,"enemies":"Exordium Wildlife","floor":12,"turns":4},{"damage":0,"enemies":"Blue Slaver","floor":14,"turns":4},{"damage":46,"enemies":"Hexaghost","floor":16,"turns":17}],"seed_played":"5144050987959813275","potions_obtained":[{"floor":3,"key":"SneckoOil"},{"floor":3,"key":"Poison Potion"},{"floor":3,"key":"SteroidPotion"},{"floor":4,"key":"FocusPotion"},{"floor":6,"key":"AttackPotion"}],"is_trial":false,"path_per_floor":["?","M","?"],"character_chosen":"DEFECT","items_purchased":["Chill"],"campfire_rested":0,"item_purchase_floors":[8],"current_hp_per_floor":[75,75,75,75,80,56,56,56,56,39,39,39,39,39,39,0],"gold":109,"neow_bonus":"THREE_ENEMY_KILL","is_prod":false,"is_daily":false,"chose_seed":false,"campfire_upgraded":4,"win_rate":0.0,"timestamp":1549243223,"path_taken":["M","M","?","?","?","E","R","$","T","E","R","M","R","M","R","BOSS"],"build_version":"2019-01-23","purchased_purges":1,"victory":false,"max_hp_per_floor":[75,75,75,75,80,80,80,80,80,80,80,80,80,80,80,80],"card_choices":[{"not_picked":["Stack","Fusion"],"picked":"Coolheaded","floor":1},{"not_picked":["Sweeping Beam","Beam Cell"],"picked":"Steam","floor":2},{"not_picked":["Hologram","Beam Cell"],"picked":"Auto Shields","floor":4},{"not_picked":["Ball Lightning","Thunder Strike"],"picked":"Seek","floor":6},{"not_picked":["Doom and Gloom","White Noise"],"picked":"Sweeping Beam","floor":10},{"not_picked":["Compile Driver","Stack","Beam Cell"],"picked":"SKIP","floor":12},{"not_picked":["Go for the Eyes","Hologram"],"picked":"Skim","floor":14}],"player_experience":92278,"relics_obtained":[{"floor":6,"key":"War Paint"},{"floor":9,"key":"Regal Pillow"},{"floor":10,"key":"Shuriken"}],"event_choices":[{"damage_healed":0,"gold_gain":0,"player_choice":"Got Potions","damage_taken":0,"max_hp_gain":0,"max_hp_loss":0,"event_name":"Lab","floor":3,"gold_loss":0},{"damage_healed":0,"gold_gain":0,"player_choice":"Donut","damage_taken":0,"max_hp_gain":5,"max_hp_loss":0,"event_name":"Big Fish","floor":5,"gold_loss":0}],"is_beta":false,"boss_relics":[],"items_purged_floors":[8],"is_endless":false,"potions_floor_spawned":[4,6,14],"killed_by":"Hexaghost","ascension_level":0}