{"gold_per_floor":[115,24,24,24,40,70,70,104,104,104,116,116,149,10,10,82,82,101,26,36,8,8],"floor_reached":22,"playtime":1404,"items_purged":["Strike_R","Strike_R"],"score":500,"play_id":"49672979-e266-41b8-b008-d3e2b95068de","local_time":"20190316215828","is_ascension_mode":true,"campfire_choices":[{"floor":7,"key":"REST"},{"floor":10,"key":"REST"},{"floor":12,"key":"REST"},{"floor":15,"key":"REST"}],"neow_cost":"NONE","seed_source_timestamp":267894044215025,"circlet_count":0,"master_deck":["AscendersBane","Strike_R","Strike_R","Strike_R","Defend_R","Defend_R","Defend_R","Defend_R","Bash","Battle Trance","Metallicize","Clothesline","Barricade","Body Slam","Headbutt","Seeing Red","Feel No Pain","Impervious","Evolve","Entrench","Armaments"],"relics":["Burning Blood","Smiling Mask","Paper Frog","Bottled Tornado","Incense Burner","Ornamental Fan","Shuriken","Runic Cube"],"potions_floor_usage":[8,13,16,18],"damage_taken":[{"damage":8,"enemies":"2 Louse","floor":1,"turns":3},{"damage":11,"enemies":"Small Slimes","floor":5,"turns":4},{"damage":46,"enemies":"Gremlin Nob","floor":6,"turns":5},{"damage":25,"enemies":"Lagavulin","floor":8,"turns":8},{"damage":6,"enemies":"Cultist","floor":11,"turns":5},{"damage":31,"enemies":"3 Sentries","floor":13,"turns":10},{"damage":0,"enemies":"Slime Boss","floor":16,"turns":9},{"damage":27,"enemies":"3 Byrds","floor":18,"turns":5},{"damage":5,"enemies":"Chosen","floor":20,"turns":8},{"damage":61,"enemies":"3 Cultists","floor":22,"turns":6}],"seed_played":"5744737353312540859","potions_obtained":[{"floor":4,"key":"FairyPotion"},{"floor":4,"key":"LiquidBronze"},{"floor":6,"key":"Poison Potion"},{"floor":8,"key":"Poison Potion"},{"floor":13,"key":"LiquidBronze"}],"is_trial":false,"path_per_floor":["M","$","?","?","M","E","R","E","T","R","M","R","E","$","R","B",null,"M","$","M","$","M"],"character_chosen":"IRONCLAD","items_purchased":["Metallicize","Feel No Pain","Entrench","Armaments"],"campfire_rested":4,"item_purchase_floors":[2,14,19,21],"current_hp_per_floor":[66,66,40,40,35,13,35,16,16,38,38,60,35,35,57,63,72,51,51,52,52,0],"gold":8,"neow_bonus":"RANDOM_COMMON_RELIC","is_prod":false,"is_daily":false,"chose_seed":false,"campfire_upgraded":0,"win_rate":0,"timestamp":1552795108,"path_taken":["M","$","?","?","M","E","R","E","T","R","M","R","E","$","R","BOSS","M","$","M","?","M"],"build_version":"2019-01-23","purchased_purges":2,"victory":false,"max_hp_per_floor":[75,75,75,75,75,75,75,75,75,75,75,75,75,75,75,75,75,75,75,75,75,75],"card_choices":[{"not_picked":["True Grit","Sword Boomerang"],"picked":"Battle Trance","floor":1},{"not_picked":["Wild Strike","Warcry"],"picked":"Clothesline","floor":5},{"not_picked":["Battle Trance","Pommel Strike"],"picked":"Barricade","floor":6},{"not_picked":["Clash","Wild Strike"],"picked":"Body Slam","floor":8},{"not_picked":["Rupture","Perfected Strike"],"picked":"Headbutt","floor":11},{"not_picked":["Flex","Perfected Strike"],"picked":"Seeing Red","floor":13},{"not_picked":["Brutality","Dark Embrace"],"picked":"Impervious","floor":16},{"not_picked":["Searing Blow","Cleave"],"picked":"Evolve","floor":18},{"not_picked":["Carnage","Clothesline","Clash"],"picked":"SKIP","floor":20}],"player_experience":1447709,"relics_obtained":[{"floor":6,"key":"Bottled Tornado"},{"floor":8,"key":"Incense Burner"},{"floor":9,"key":"Ornamental Fan"},{"floor":13,"key":"Shuriken"}],"event_choices":[{"damage_healed":0,"gold_gain":0,"player_choice":"Success","damage_taken":26,"relics_obtained":["Paper Frog"],"max_hp_gain":0,"max_hp_loss":0,"event_name":"Scrap Ooze","floor":3,"gold_loss":0},{"damage_healed":0,"gold_gain":0,"player_choice":"Got Potions","damage_taken":0,"max_hp_gain":0,"max_hp_loss":0,"event_name":"Lab","floor":4,"gold_loss":0}],"is_beta":false,"boss_relics":[{"not_picked":["White Beast Statue","Tiny House"],"picked":"Runic Cube"}],"items_purged_floors":[2,14],"is_endless":false,"potions_floor_spawned":[6,8,13],"killed_by":"3 Cultists","ascension_level":20}