{"gold_per_floor":[118,134,147,322,338,338,338,350,397,422,434,54,54,88,88,192,192,208,223,223,241,241],"floor_reached":22,"playtime":1639,"items_purged":["Strike_G"],"score":198,"play_id":"7a4a7e98-c3c1-4ab5-bd71-930b4ad17aec","local_time":"20190130214951","is_ascension_mode":false,"campfire_choices":[{"data":"Noxious Fumes","floor":6,"key":"SMITH"},{"floor":13,"key":"REST"},{"floor":15,"key":"RECALL"}],"neow_cost":"NONE","seed_source_timestamp":1679216857298624,"circlet_count":0,"master_deck":["Defend_G","Defend_G","Defend_G","Defend_G","Defend_G","Strike_G","Strike_G","Strike_G","Survivor","Neutralize","Crippling Poison","Noxious Fumes+1","Poisoned Stab","Doubt","Deflect","Backstab","Dodge and Roll","Poisoned Stab","Bane","Bane","Burst","Prepared","Prepared","Deadly Poison"],"relics":["Ring of the Snake","NeowsBlessing","Shuriken","Matryoshka","Boot","Black Star"],"potions_floor_usage":[10,10,14,16],"damage_taken":[{"damage":0,"enemies":"Jaw Worm","floor":1,"turns":1},{"damage":0,"enemies":"Cultist","floor":2,"turns":1},{"damage":0,"enemies":"2 Louse","floor":3,"turns":1},{"damage":22,"enemies":"Exordium Thugs","floor":5,"turns":4},{"damage":5,"enemies":"Gremlin Gang","floor":8,"turns":4},{"damage":7,"enemies":"3 Sentries","floor":10,"turns":5},{"damage":6,"enemies":"2 Fungi Beasts","floor":11,"turns":3},{"damage":11,"enemies":"Lagavulin","floor":14,"turns":7},{"damage":29,"enemies":"Slime Boss","floor":16,"turns":10},{"damage":10,"enemies":"Shell Parasite","floor":18,"turns":6},{"damage":9,"enemies":"Spheric Guardian","floor":19,"turns":5},{"damage":20,"enemies":"Snecko","floor":21,"turns":6},{"damage":23,"enemies":"3 Cultists","floor":22,"turns":3}],"seed_played":"-8183469680596753760","potions_obtained":[{"floor":1,"key":"GamblersBrew"},{"floor":3,"key":"PowerPotion"},{"floor":5,"key":"GamblersBrew"},{"floor":14,"key":"Poison Potion"},{"floor":16,"key":"SteroidPotion"}],"is_trial":false,"path_per_floor":["M","M","M","?","M","R","?","M","T","E","M","$","R","E","R","B",null,"M","M","?","M","M"],"character_chosen":"THE_SILENT","items_purchased":["Matryoshka","Bane"],"campfire_rested":1,"item_purchase_floors":[12,12],"current_hp_per_floor":[70,70,70,70,48,48,48,43,43,36,30,30,51,40,40,11,70,60,51,38,18,0],"gold":241,"neow_bonus":"THREE_ENEMY_KILL","is_prod":false,"is_daily":false,"chose_seed":false,"campfire_upgraded":1,"win_rate":0,"timestamp":1548902991,"path_taken":["M","M","M","?","M","R","?","M","T","E","M","$","R","E","R","BOSS","M","M","?","M","M"],"build_version":"2019-01-23","purchased_purges":1,"victory":false,"max_hp_per_floor":[70,70,70,70,70,70,70,70,70,70,70,70,70,70,70,70,70,70,70,75,75,75],"card_choices":[{"not_picked":["Outmaneuver","Eviscerate"],"picked":"Crippling Poison","floor":1},{"not_picked":["Dagger Spray","Dodge and Roll"],"picked":"Noxious Fumes","floor":2},{"not_picked":["Underhanded Strike","Riddle With Holes"],"picked":"Poisoned Stab","floor":3},{"not_picked":["Underhanded Strike","Slice"],"picked":"Deflect","floor":5},{"not_picked":["Outmaneuver","Underhanded Strike"],"picked":"Backstab","floor":8},{"not_picked":["Flying Knee","Slice"],"picked":"Dodge and Roll","floor":10},{"not_picked":["Burst","Quick Slash"],"picked":"Poisoned Stab","floor":11},{"not_picked":["PiercingWail","Blade Dance"],"picked":"Bane","floor":14},{"not_picked":["Bullet Time","A Thousand Cuts"],"picked":"Burst","floor":16},{"not_picked":["Deflect","Blur+1"],"picked":"Prepared","floor":18},{"not_picked":["Dodge and Roll","Cloak And Dagger+1"],"picked":"Prepared","floor":19},{"not_picked":["Escape Plan","Dagger Throw"],"picked":"Deadly Poison","floor":21}],"player_experience":107682,"relics_obtained":[{"floor":10,"key":"Shuriken"},{"floor":14,"key":"Boot"}],"event_choices":[{"damage_healed":0,"gold_gain":175,"player_choice":"AGREE","damage_taken":0,"max_hp_gain":0,"max_hp_loss":0,"event_name":"Liars Game","floor":4,"gold_loss":0,"cards_obtained":["Doubt"]},{"cards_removed":["Strike_G"],"damage_healed":0,"gold_gain":0,"player_choice":"Offered Basic","damage_taken":0,"max_hp_gain":0,"max_hp_loss":0,"event_name":"Bonfire Elementals","floor":7,"gold_loss":0},{"damage_healed":0,"gold_gain":0,"player_choice":"Shed Blood","damage_taken":18,"max_hp_gain":5,"max_hp_loss":0,"event_name":"Forgotten Altar","floor":20,"gold_loss":0}],"is_beta":false,"boss_relics":[{"not_picked":["Calling Bell","Sozu"],"picked":"Black Star"}],"items_purged_floors":[12],"is_endless":false,"potions_floor_spawned":[1,3,5,14,16],"killed_by":"3 Cultists","ascension_level":0}