{"gold_per_floor":[114,133,133,83,94,94,111,81,150,167,167,40,80,103,103,233,233,248,148,162,68,68,68],"floor_reached":23,"playtime":3090,"items_purged":["Strike_B","Defend_B"],"score":191,"play_id":"a4d65738-ae6e-4521-842c-113c2e7523ec","local_time":"20190126194332","is_ascension_mode":false,"campfire_choices":[{"data":"Leap","floor":6,"key":"SMITH"},{"data":"Defragment","floor":15,"key":"SMITH"}],"neow_cost":"NONE","seed_source_timestamp":1324567505220648,"circlet_count":0,"master_deck":["Strike_B","Strike_B","Strike_B","Defend_B","Defend_B","Defend_B","Zap","Dualcast","Coolheaded","Tempest","Leap+1","Defragment+1","Auto Shields","Conserve Battery","Redo","Conserve Battery","Stack","Electrodynamics","Coolheaded","Conserve Battery","Reinforced Body","Sweeping Beam","Shame"],"relics":["Cracked Core","NeowsBlessing","Pen Nib","Pantograph","Golden Idol","Vajra","Nuclear Battery","Strawberry"],"potions_floor_usage":[14,16,18],"damage_taken":[{"damage":0,"enemies":"2 Louse","floor":1,"turns":1},{"damage":0,"enemies":"Small Slimes","floor":2,"turns":1},{"damage":0,"enemies":"Jaw Worm","floor":5,"turns":1},{"damage":0,"enemies":"Blue Slaver","floor":7,"turns":4},{"damage":3,"enemies":"Looter","floor":8,"turns":4},{"damage":10,"enemies":"Lots of Slimes","floor":10,"turns":6},{"damage":31,"enemies":"Gremlin Nob","floor":13,"turns":5},{"damage":0,"enemies":"Large Slime","floor":14,"turns":5},{"damage":23,"enemies":"The Guardian","floor":16,"turns":20},{"damage":25,"enemies":"2 Thieves","floor":18,"turns":4},{"damage":0,"enemies":"Spheric Guardian","floor":20,"turns":3},{"damage":60,"enemies":"Gremlin Leader","floor":23,"turns":9}],"seed_played":"3992723710536942030","potions_obtained":[{"floor":1,"key":"SpeedPotion"},{"floor":7,"key":"Poison Potion"},{"floor":10,"key":"FocusPotion"},{"floor":14,"key":"LiquidBronze"},{"floor":20,"key":"EssenceOfSteel"}],"is_trial":false,"path_per_floor":["M","M","?","?","M","R","M","M","T","M","?","$","E","M","R","B",null,"M","$","M","$","?","E"],"character_chosen":"DEFECT","items_purchased":["Redo","Reinforced Body","Sweeping Beam"],"campfire_rested":0,"item_purchase_floors":[12,21,21],"current_hp_per_floor":[75,75,75,75,75,75,75,72,72,62,62,62,31,31,31,33,69,44,44,44,44,51,0],"gold":68,"neow_bonus":"THREE_ENEMY_KILL","is_prod":false,"is_daily":false,"chose_seed":false,"campfire_upgraded":2,"win_rate":0.0,"timestamp":1548549812,"path_taken":["M","M","?","?","M","R","M","M","T","M","?","?","E","M","R","BOSS","M","$","M","$","?","E"],"build_version":"2019-01-23","purchased_purges":2,"victory":false,"max_hp_per_floor":[75,75,75,75,75,75,75,75,75,75,69,69,69,69,69,69,69,69,69,69,69,76,76],"card_choices":[{"not_picked":["Defragment","Barrage"],"picked":"Coolheaded","floor":1},{"not_picked":["Compile Driver","Sweeping Beam"],"picked":"Tempest","floor":2},{"not_picked":["Coolheaded","Cold Snap"],"picked":"Leap","floor":5},{"not_picked":["Doom and Gloom","Reprogram"],"picked":"Defragment","floor":7},{"not_picked":["Barrage","Hologram"],"picked":"Auto Shields","floor":8},{"not_picked":["Steam","Leap"],"picked":"Conserve Battery","floor":10},{"not_picked":["Consume","Compile Driver"],"picked":"Conserve Battery","floor":13},{"not_picked":["Gash","Go for the Eyes"],"picked":"Stack","floor":14},{"not_picked":["Biased Cognition","Amplify"],"picked":"Electrodynamics","floor":16},{"not_picked":["Stack","Barrage"],"picked":"Coolheaded","floor":18},{"not_picked":["Go for the Eyes","Steam"],"picked":"Conserve Battery","floor":20}],"player_experience":11617,"relics_obtained":[{"floor":9,"key":"Pantograph"},{"floor":13,"key":"Vajra"}],"event_choices":[{"damage_healed":0,"gold_gain":0,"player_choice":"Box","damage_taken":0,"relics_obtained":["Pen Nib"],"max_hp_gain":0,"max_hp_loss":0,"event_name":"Big Fish","floor":3,"gold_loss":0,"cards_obtained":["Regret"]},{"cards_removed":["Regret"],"damage_healed":0,"gold_gain":0,"player_choice":"Card Removal","damage_taken":0,"max_hp_gain":0,"max_hp_loss":0,"event_name":"The Cleric","floor":4,"gold_loss":50},{"damage_healed":0,"gold_gain":0,"player_choice":"Lose Max HP","damage_taken":0,"relics_obtained":["Golden Idol"],"max_hp_gain":0,"max_hp_loss":6,"event_name":"Golden Idol","floor":11,"gold_loss":0},{"damage_healed":0,"gold_gain":0,"player_choice":"Stole Relic","damage_taken":0,"relics_obtained":["Strawberry"],"max_hp_gain":0,"max_hp_loss":0,"event_name":"Addict","floor":22,"gold_loss":0,"cards_obtained":["Shame"]}],"is_beta":false,"boss_relics":[{"not_picked":["Orrery","Velvet Choker"],"picked":"Nuclear Battery"}],"items_purged_floors":[12,19],"is_endless":false,"potions_floor_spawned":[1,7,10,13,14,20],"killed_by":"Gremlin Leader","ascension_level":0}