{"gold_per_floor":[112,112,37,50,66,66,95,95,95,111,111,11,11,11,11,108,108,126,126,47,47,47],"floor_reached":22,"playtime":1131,"items_purged":["Strike_B","Strike_B"],"score":207,"play_id":"8942ada4-3c92-4583-b9ef-52188ed76f19","local_time":"20190317004803","is_ascension_mode":true,"campfire_choices":[{"data":"Capacitor","floor":6,"key":"SMITH"},{"data":"Zap","floor":8,"key":"SMITH"},{"data":"Echo Form","floor":11,"key":"SMITH"},{"data":"Cold Snap","floor":15,"key":"SMITH"}],"neow_cost":"NONE","seed_source_timestamp":328535230776260,"circlet_count":0,"master_deck":["Strike_B","Strike_B","Defend_B","Defend_B","Defend_B","Defend_B","Zap+1","Dualcast","Glacier+1","Capacitor+1","Turbo","Echo Form+1","Cold Snap+1","Creative AI","Blizzard","Defragment"],"relics":["Cracked Core","PreservedInsect","Singing Bowl","Pocketwatch","Philosopher\u0027s Stone"],"potions_floor_usage":[0,22],"damage_taken":[{"damage":0,"enemies":"2 Louse","floor":1,"turns":2},{"damage":0,"enemies":"Small Slimes","floor":4,"turns":4},{"damage":1,"enemies":"Cultist","floor":5,"turns":4},{"damage":34,"enemies":"3 Sentries","floor":7,"turns":11},{"damage":2,"enemies":"3 Louse","floor":10,"turns":5},{"damage":12,"enemies":"The Guardian","floor":16,"turns":11},{"damage":14,"enemies":"Shell Parasite","floor":18,"turns":5},{"damage":47,"enemies":"Colosseum Slavers","floor":19,"turns":7},{"damage":25,"enemies":"3 Byrds","floor":22,"turns":2}],"seed_played":"-5671411363552680743","potions_obtained":[{"floor":0,"key":"FocusPotion"},{"floor":0,"key":"Poison Potion"},{"floor":0,"key":"Fruit Juice"},{"floor":5,"key":"Weak Potion"}],"is_trial":false,"path_per_floor":["M","?","$","M","M","R","E","R","T","M","R","$","?","?","R","B",null,"M","?","$","?","M"],"character_chosen":"DEFECT","items_purchased":["Defragment"],"campfire_rested":0,"item_purchase_floors":[20],"current_hp_per_floor":[80,85,85,85,84,84,50,50,50,48,48,48,45,45,45,33,85,71,24,24,24,0],"gold":47,"neow_bonus":"THREE_SMALL_POTIONS","is_prod":false,"is_daily":false,"chose_seed":false,"campfire_upgraded":4,"win_rate":0,"timestamp":1552798083,"path_taken":["M","?","$","M","M","R","E","R","T","M","R","$","?","?","R","BOSS","M","?","$","?","M"],"build_version":"2019-01-23","purchased_purges":2,"victory":false,"max_hp_per_floor":[80,85,85,85,85,85,85,85,85,85,85,85,85,85,85,85,85,85,85,85,85,85],"card_choices":[{"not_picked":["Turbo","Auto Shields"],"picked":"Glacier","floor":1},{"not_picked":["Coolheaded","Streamline"],"picked":"Capacitor","floor":4},{"not_picked":["Rip and Tear","Storm"],"picked":"Turbo","floor":5},{"not_picked":["Compile Driver","Sweeping Beam"],"picked":"Echo Form","floor":7},{"not_picked":["FTL","Conserve Battery"],"picked":"Cold Snap","floor":10},{"not_picked":["Fission","Meteor Strike"],"picked":"Creative AI","floor":16},{"not_picked":["Melter","Beam Cell"],"picked":"Blizzard","floor":18}],"player_experience":1255887,"relics_obtained":[{"floor":7,"key":"PreservedInsect"},{"floor":9,"key":"Singing Bowl"}],"event_choices":[{"damage_healed":0,"gold_gain":0,"player_choice":"Donut","damage_taken":0,"max_hp_gain":5,"max_hp_loss":0,"event_name":"Big Fish","floor":2,"gold_loss":0},{"damage_healed":0,"gold_gain":0,"player_choice":"Success","damage_taken":3,"relics_obtained":["Pocketwatch"],"max_hp_gain":0,"max_hp_loss":0,"event_name":"Scrap Ooze","floor":13,"gold_loss":0},{"damage_healed":0,"gold_gain":0,"player_choice":"Grow","damage_taken":0,"max_hp_gain":0,"max_hp_loss":0,"event_name":"Living Wall","floor":14,"gold_loss":0,"cards_upgraded":["Glacier"]},{"damage_healed":0,"gold_gain":0,"player_choice":"Fight","damage_taken":0,"max_hp_gain":0,"max_hp_loss":0,"event_name":"Colosseum","floor":19,"gold_loss":0},{"damage_healed":0,"gold_gain":0,"player_choice":"Fled From Nobs","damage_taken":0,"max_hp_gain":0,"max_hp_loss":0,"event_name":"Colosseum","floor":19,"gold_loss":0},{"damage_healed":0,"gold_gain":0,"player_choice":"Ignored","damage_taken":0,"max_hp_gain":0,"max_hp_loss":0,"event_name":"Ghosts","floor":21,"gold_loss":0}],"is_beta":false,"boss_relics":[{"not_picked":["Nuclear Battery","Calling Bell"],"picked":"Philosopher\u0027s Stone"}],"items_purged_floors":[3,12],"is_endless":false,"potions_floor_spawned":[5,10,19],"killed_by":"3 Byrds","ascension_level":3}