{"gold_per_floor":[114,114,128,128,144,170,170,170,170,20,33,52,62,62,62,62],"floor_reached":16,"playtime":876,"items_purged":["Defend_B"],"score":102,"play_id":"530601f3-78eb-4147-bdd1-af6737d8d582","local_time":"20190213171252","is_ascension_mode":false,"campfire_choices":[{"floor":15,"key":"RECALL"}],"neow_cost":"NONE","seed_source_timestamp":2087018840099,"circlet_count":0,"master_deck":["Strike_B","Strike_B+1","Strike_B+1","Defend_B","Defend_B","Defend_B","Zap","Turbo","Stack","Go for the Eyes","Barrage","Defragment+1","Undo","Force Field","Barrage","Injury"],"relics":["Cracked Core","NeowsBlessing","Centennial Puzzle","Frozen Egg 2","Golden Idol"],"potions_floor_usage":[6,16],"damage_taken":[{"damage":0,"enemies":"Jaw Worm","floor":1,"turns":1},{"damage":0,"enemies":"Small Slimes","floor":3,"turns":1},{"damage":0,"enemies":"2 Louse","floor":5,"turns":1},{"damage":18,"enemies":"3 Sentries","floor":6,"turns":10},{"damage":0,"enemies":"Red Slaver","floor":11,"turns":3},{"damage":4,"enemies":"2 Fungi Beasts","floor":12,"turns":3},{"damage":7,"enemies":"Looter","floor":13,"turns":3},{"damage":24,"enemies":"The Guardian","floor":16,"turns":11}],"seed_played":"-30312895933781518","potions_obtained":[{"floor":3,"key":"AttackPotion"},{"floor":6,"key":"Fire Potion"}],"is_trial":false,"path_per_floor":["M","?","M","?","M","E","T","?","T","$","M","M","M","?","R","B"],"character_chosen":"DEFECT","items_purchased":["Defragment+1"],"campfire_rested":0,"item_purchase_floors":[10],"current_hp_per_floor":[75,60,60,60,60,42,42,35,35,35,35,31,24,24,24,0],"gold":62,"neow_bonus":"THREE_ENEMY_KILL","is_prod":false,"is_daily":false,"chose_seed":false,"campfire_upgraded":0,"win_rate":0,"timestamp":1550095972,"path_taken":["M","?","M","?","M","E","?","?","T","?","M","M","?","?","R","BOSS"],"build_version":"2019-01-23","purchased_purges":1,"victory":false,"max_hp_per_floor":[75,75,75,75,75,75,75,75,75,75,75,75,75,75,75,75],"card_choices":[{"not_picked":["Compile Driver","Hologram"],"picked":"Turbo","floor":1},{"not_picked":["Beam Cell","Steam"],"picked":"Stack","floor":3},{"not_picked":["Barrage","Double Energy"],"picked":"Go for the Eyes","floor":5},{"not_picked":["Static Discharge","Lockon"],"picked":"Barrage","floor":6},{"not_picked":["Ball Lightning","Stack"],"picked":"Undo","floor":11},{"not_picked":["Lockon","Beam Cell"],"picked":"Force Field","floor":12},{"not_picked":["Steam","Beam Cell"],"picked":"Barrage","floor":13}],"player_experience":193997,"relics_obtained":[{"floor":6,"key":"Centennial Puzzle"},{"floor":7,"key":"Frozen Egg 2"}],"event_choices":[{"damage_healed":0,"gold_gain":0,"player_choice":"Entered Light","damage_taken":15,"max_hp_gain":0,"max_hp_loss":0,"event_name":"Shining Light","floor":2,"gold_loss":0,"cards_upgraded":["Strike_B","Strike_B"]},{"cards_removed":["Strike_B"],"damage_healed":0,"gold_gain":0,"player_choice":"Forget","damage_taken":0,"max_hp_gain":0,"max_hp_loss":0,"event_name":"Living Wall","floor":4,"gold_loss":0},{"cards_removed":["Dualcast"],"damage_healed":0,"gold_gain":0,"player_choice":"Card Removal","damage_taken":7,"max_hp_gain":0,"max_hp_loss":0,"event_name":"Golden Wing","floor":8,"gold_loss":0},{"damage_healed":0,"gold_gain":0,"player_choice":"Take Wound","damage_taken":0,"relics_obtained":["Golden Idol"],"max_hp_gain":0,"max_hp_loss":0,"event_name":"Golden Idol","floor":14,"gold_loss":0,"cards_obtained":["Injury"]}],"is_beta":false,"boss_relics":[],"items_purged_floors":[10],"is_endless":false,"potions_floor_spawned":[3,6],"killed_by":"The Guardian","ascension_level":0}