{"gold_per_floor":[118,137,151,166,185,215,215,244,298,298,298,61,92,108,108,181,181,194,194,212,229,65,65,65,75,100,119,119,144,175,14,14,14],"floor_reached":33,"playtime":2317,"items_purged":["Strike_R"],"score":578,"play_id":"3e94c36b-d33c-42b1-8eee-2ee25f37411a","local_time":"20190314210324","is_ascension_mode":true,"campfire_choices":[{"data":"Body Slam","floor":7,"key":"SMITH"},{"data":"Barricade","floor":10,"key":"SMITH"},{"data":"Metallicize","floor":15,"key":"SMITH"},{"data":"Fiend Fire","floor":23,"key":"SMITH"},{"data":"Heavy Blade","floor":28,"key":"SMITH"},{"floor":32,"key":"REST"}],"neow_cost":"NONE","seed_source_timestamp":90874518492518,"circlet_count":0,"master_deck":["AscendersBane","Strike_R+1","Strike_R","Defend_R","Defend_R","Defend_R","Defend_R","Bash","Pommel Strike+1","Spot Weakness","Cleave","Battle Trance","Clash","Reaper","Body Slam+1","Barricade+1","Headbutt","Metallicize+1","Fiend Fire+1","Flex","Clash","Rage","Heavy Blade+1","Intimidate","Disarm","Burning Pact+1"],"relics":["Burning Blood","Meat on the Bone","Blue Candle","Lantern","Bag of Preparation","Gremlin Horn","Philosopher\u0027s Stone","Red Skull","PreservedInsect","Whetstone","Red Mask","Boot"],"potions_floor_usage":[6,8,13,16,19,30,33,33],"damage_taken":[{"damage":11,"enemies":"2 Louse","floor":1,"turns":3},{"damage":15,"enemies":"Small Slimes","floor":2,"turns":4},{"damage":1,"enemies":"Cultist","floor":3,"turns":3},{"damage":1,"enemies":"2 Fungi Beasts","floor":4,"turns":3},{"damage":8,"enemies":"Exordium Wildlife","floor":5,"turns":2},{"damage":6,"enemies":"Gremlin Nob","floor":6,"turns":3},{"damage":5,"enemies":"3 Sentries","floor":8,"turns":6},{"damage":15,"enemies":"Gremlin Nob","floor":13,"turns":3},{"damage":5,"enemies":"3 Louse","floor":14,"turns":2},{"damage":36,"enemies":"Slime Boss","floor":16,"turns":10},{"damage":18,"enemies":"2 Thieves","floor":18,"turns":3},{"damage":1,"enemies":"Chosen","floor":19,"turns":5},{"damage":22,"enemies":"Snake Plant","floor":20,"turns":2},{"damage":19,"enemies":"3 Cultists","floor":21,"turns":4},{"damage":10,"enemies":"Shelled Parasite and Fungi","floor":25,"turns":3},{"damage":17,"enemies":"Snake Plant","floor":27,"turns":2},{"damage":28,"enemies":"Slavers","floor":29,"turns":3},{"damage":17,"enemies":"Masked Bandits","floor":30,"turns":3},{"damage":75,"enemies":"Champ","floor":33,"turns":12}],"seed_played":"-2654079707657544018","potions_obtained":[{"floor":3,"key":"Strength Potion"},{"floor":5,"key":"Block Potion"},{"floor":6,"key":"SpeedPotion"},{"floor":8,"key":"SpeedPotion"},{"floor":13,"key":"SmokeBomb"},{"floor":20,"key":"Ancient Potion"},{"floor":29,"key":"Explosive Potion"},{"floor":30,"key":"Ancient Potion"}],"is_trial":false,"path_per_floor":["M","M","M","M","M","E","R","E","T","R","?","$","E","M","R","B",null,"M","M","M","M","$","R","?","M","T","M","R","E","?","$","R","B"],"character_chosen":"IRONCLAD","items_purchased":["Bag of Preparation","Red Skull","Boot"],"campfire_rested":1,"item_purchase_floors":[12,22,31],"current_hp_per_floor":[63,54,59,64,62,70,70,75,75,75,68,68,63,75,75,62,72,67,72,56,61,61,61,61,64,64,53,53,45,46,46,68,0],"gold":14,"neow_bonus":"TRANSFORM_CARD","is_prod":false,"is_daily":false,"chose_seed":false,"campfire_upgraded":5,"win_rate":0,"timestamp":1552619004,"path_taken":["M","M","M","M","M","E","R","E","T","R","?","$","E","M","R","BOSS","M","M","M","M","$","R","?","M","T","M","R","E","?","$","R","BOSS"],"build_version":"2019-01-23","purchased_purges":1,"victory":false,"max_hp_per_floor":[75,75,75,75,75,75,75,75,75,75,75,75,75,75,75,75,75,75,75,75,75,75,75,75,75,75,75,75,75,75,75,75,75],"card_choices":[{"not_picked":["Headbutt","Pummel"],"picked":"Spot Weakness","floor":1},{"not_picked":["Ghostly Armor","Sword Boomerang"],"picked":"Cleave","floor":2},{"not_picked":["Spot Weakness","Wild Strike"],"picked":"Battle Trance","floor":3},{"not_picked":["Dropkick","Warcry"],"picked":"Clash","floor":4},{"not_picked":["Warcry","Rampage"],"picked":"Reaper","floor":5},{"not_picked":["True Grit","Pummel"],"picked":"Body Slam","floor":6},{"not_picked":["Metallicize","Anger"],"picked":"Barricade","floor":8},{"not_picked":["Thunderclap","Burning Pact"],"picked":"Headbutt","floor":13},{"not_picked":["Sword Boomerang","Corruption"],"picked":"Metallicize","floor":14},{"not_picked":["Barricade","Brutality"],"picked":"Fiend Fire","floor":16},{"not_picked":["Disarm+1","Sever Soul"],"picked":"Flex","floor":18},{"not_picked":["Searing Blow","Burning Pact"],"picked":"Clash","floor":20},{"not_picked":["Dropkick","Sword Boomerang","Headbutt"],"picked":"SKIP","floor":21},{"not_picked":["Pommel Strike","Battle Trance"],"picked":"Heavy Blade","floor":25},{"not_picked":["Armaments","True Grit"],"picked":"Intimidate","floor":27},{"not_picked":["Combust","Armaments"],"picked":"Disarm","floor":29},{"not_picked":["Corruption+1","Carnage"],"picked":"Burning Pact+1","floor":30}],"player_experience":1430101,"relics_obtained":[{"floor":6,"key":"Meat on the Bone"},{"floor":8,"key":"Blue Candle"},{"floor":9,"key":"Lantern"},{"floor":13,"key":"Gremlin Horn"},{"floor":26,"key":"PreservedInsect"},{"floor":29,"key":"Whetstone"},{"floor":30,"key":"Red Mask"}],"event_choices":[{"cards_removed":["Strike_R"],"damage_healed":0,"gold_gain":0,"player_choice":"Card Removal","damage_taken":7,"max_hp_gain":0,"max_hp_loss":0,"event_name":"Golden Wing","floor":11,"gold_loss":0},{"damage_healed":0,"gold_gain":0,"player_choice":"Read","damage_taken":0,"max_hp_gain":0,"max_hp_loss":0,"event_name":"The Library","floor":24,"gold_loss":0,"cards_obtained":["Rage"]},{"damage_healed":0,"gold_gain":0,"player_choice":"Fought Bandits","damage_taken":0,"max_hp_gain":0,"max_hp_loss":0,"event_name":"Masked Bandits","floor":30,"gold_loss":0}],"is_beta":false,"boss_relics":[{"not_picked":["Snecko Eye","Fusion Hammer"],"picked":"Philosopher\u0027s Stone"}],"items_purged_floors":[12],"is_endless":false,"potions_floor_spawned":[3,5,6,8,13,20,29,30],"killed_by":"Champ","ascension_level":20}