{"gold_per_floor":[117,135,152,163,173,204,204,219,219,235,10,28,53,71,71,146,146,159,84,84,53,53,53,70,70,149,149,161,171,191,204,204,204],"floor_reached":33,"playtime":3250,"items_purged":["Defend_G"],"score":441,"play_id":"4a4fb022-fe7d-40b9-8c9c-d300686e5a6e","local_time":"20190208212734","is_ascension_mode":true,"campfire_choices":[{"data":"Cloak And Dagger","floor":7,"key":"SMITH"},{"data":"Accuracy","floor":15,"key":"SMITH"},{"data":"Burst","floor":23,"key":"SMITH"},{"data":"Accuracy","floor":32,"key":"SMITH"}],"neow_cost":"NONE","seed_source_timestamp":36784046946817,"circlet_count":0,"master_deck":["AscendersBane","Defend_G+1","Defend_G+1","Defend_G+1","Defend_G+1","Strike_G+1","Strike_G+1","Strike_G+1","Strike_G+1","Strike_G+1","Survivor","Neutralize","Accuracy+1","Well Laid Plans","Cloak And Dagger+1","Dagger Spray","Venomology","Flying Knee","Accuracy+1","Malaise","Backflip","PiercingWail","Burst+1","Cloak And Dagger+1","Backstab","Backstab"],"relics":["Ring of the Snake","Meat on the Bone","Matryoshka","Runic Dome","Bag of Marbles","Blue Candle"],"potions_floor_usage":[6,8,13,14,16,16,16,18,18,24,28,29,31,31,33,33],"damage_taken":[{"damage":0,"enemies":"2 Louse","floor":1,"turns":3},{"damage":1,"enemies":"Cultist","floor":2,"turns":4},{"damage":3,"enemies":"Jaw Worm","floor":3,"turns":4},{"damage":1,"enemies":"2 Fungi Beasts","floor":4,"turns":4},{"damage":0,"enemies":"Blue Slaver","floor":5,"turns":6},{"damage":22,"enemies":"3 Sentries","floor":6,"turns":11},{"damage":8,"enemies":"Large Slime","floor":8,"turns":8},{"damage":0,"enemies":"Lots of Slimes","floor":10,"turns":2},{"damage":13,"enemies":"Red Slaver","floor":12,"turns":6},{"damage":12,"enemies":"Gremlin Nob","floor":13,"turns":6},{"damage":11,"enemies":"Exordium Thugs","floor":14,"turns":4},{"damage":15,"enemies":"The Guardian","floor":16,"turns":18},{"damage":11,"enemies":"Chosen","floor":18,"turns":8},{"damage":30,"enemies":"2 Thieves","floor":21,"turns":5},{"damage":42,"enemies":"Sentry and Sphere","floor":24,"turns":8},{"damage":6,"enemies":"Centurion and Healer","floor":28,"turns":8},{"damage":0,"enemies":"Chosen and Byrds","floor":29,"turns":7},{"damage":4,"enemies":"Shelled Parasite and Fungi","floor":30,"turns":5},{"damage":0,"enemies":"Snake Plant","floor":31,"turns":2},{"damage":54,"enemies":"Automaton","floor":33,"turns":10}],"seed_played":"-6389474771822019119","potions_obtained":[{"floor":1,"key":"FairyPotion"},{"floor":2,"key":"SpeedPotion"},{"floor":6,"key":"EssenceOfSteel"},{"floor":8,"key":"GhostInAJar"},{"floor":14,"key":"EssenceOfSteel"},{"floor":16,"key":"Regen Potion"},{"floor":18,"key":"LiquidBronze"},{"floor":21,"key":"Explosive Potion"},{"floor":31,"key":"PowerPotion"}],"is_trial":false,"path_per_floor":["M","M","M","M","M","E","R","M","T","M","$","M","E","M","R","B",null,"M","$","?","M","$","R","M","?","T","?","M","M","M","M","R","B"],"character_chosen":"THE_SILENT","items_purchased":["Accuracy","Malaise"],"campfire_rested":0,"item_purchase_floors":[11,11],"current_hp_per_floor":[70,69,66,65,65,43,43,47,47,47,47,46,46,47,47,44,69,73,73,73,43,43,43,13,13,13,13,19,31,39,39,39,0],"gold":204,"neow_bonus":"TEN_PERCENT_HP_BONUS","is_prod":false,"is_daily":false,"chose_seed":false,"campfire_upgraded":4,"win_rate":0,"timestamp":1549690054,"path_taken":["M","M","M","M","M","E","R","M","T","M","$","M","E","M","R","BOSS","M","$","?","M","?","R","M","?","T","?","M","M","M","?","R","BOSS"],"build_version":"2019-01-23","purchased_purges":1,"victory":false,"max_hp_per_floor":[77,77,77,77,77,77,77,77,77,77,77,77,77,77,77,77,77,77,77,77,77,77,77,77,77,77,77,77,77,77,77,77,77],"card_choices":[{"not_picked":["Distraction","Dagger Throw"],"picked":"Accuracy","floor":1},{"not_picked":["Acrobatics","Underhanded Strike"],"picked":"Well Laid Plans","floor":2},{"not_picked":["Dagger Throw","Finisher"],"picked":"Cloak And Dagger","floor":3},{"not_picked":["Deadly Poison","Masterful Stab","Tactician"],"picked":"SKIP","floor":4},{"not_picked":["Underhanded Strike","Outmaneuver"],"picked":"Dagger Spray","floor":5},{"not_picked":["Eviscerate","Choke","Concentrate"],"picked":"SKIP","floor":6},{"not_picked":["Eviscerate","Choke","Concentrate"],"picked":"SKIP","floor":6},{"not_picked":["Eviscerate","Choke","Concentrate"],"picked":"SKIP","floor":6},{"not_picked":["Tactician","Crippling Poison"],"picked":"Venomology","floor":8},{"not_picked":["Prepared","Deflect"],"picked":"Flying Knee","floor":10},{"not_picked":["Dagger Throw","Poisoned Stab","Dagger Spray"],"picked":"SKIP","floor":12},{"not_picked":["Outmaneuver","Masterful Stab"],"picked":"Backflip","floor":13},{"not_picked":["Bouncing Flask","Sucker Punch"],"picked":"PiercingWail","floor":14},{"not_picked":["Die Die Die","Storm of Steel"],"picked":"Burst","floor":16},{"not_picked":["Underhanded Strike","Dagger Spray","Finisher"],"picked":"SKIP","floor":18},{"not_picked":["Deflect","Distraction"],"picked":"Backstab","floor":21},{"not_picked":["Masterful Stab","Skewer","Deflect"],"picked":"SKIP","floor":24},{"not_picked":["Slice","Deadly Poison","Dash"],"picked":"SKIP","floor":28},{"not_picked":["Distraction","Noxious Fumes","Bane"],"picked":"SKIP","floor":29},{"not_picked":["All Out Attack+1","Setup","PiercingWail"],"picked":"SKIP","floor":30},{"not_picked":["Sucker Punch","Predator"],"picked":"Backstab","floor":31}],"player_experience":427711,"relics_obtained":[{"floor":6,"key":"Meat on the Bone"},{"floor":13,"key":"Matryoshka"},{"floor":26,"key":"Bag of Marbles"},{"floor":26,"key":"Blue Candle"}],"event_choices":[{"damage_healed":0,"gold_gain":0,"player_choice":"Copied","damage_taken":0,"max_hp_gain":0,"max_hp_loss":0,"event_name":"Duplicator","floor":20,"gold_loss":0,"cards_obtained":["Cloak And Dagger"]},{"damage_healed":0,"gold_gain":0,"player_choice":"Ignored","damage_taken":0,"max_hp_gain":0,"max_hp_loss":0,"event_name":"Cursed Tome","floor":25,"gold_loss":0},{"damage_healed":0,"gold_gain":0,"player_choice":"Simplicity","damage_taken":0,"max_hp_gain":0,"max_hp_loss":0,"event_name":"Back to Basics","floor":27,"gold_loss":0,"cards_upgraded":["Defend_G","Defend_G","Defend_G","Defend_G","Strike_G","Strike_G","Strike_G","Strike_G","Strike_G"]}],"is_beta":false,"boss_relics":[{"not_picked":["Calling Bell","Lizard Tail"],"picked":"Runic Dome"}],"items_purged_floors":[19],"is_endless":false,"potions_floor_spawned":[1,2,6,8,13,14,16,18,21,31],"killed_by":"Automaton","ascension_level":13}