{"gold_per_floor":[110,110,7,59,59,59,59,59,84,97,112,14,33,64,64,160,160,173,173,190,105,10,10,40,55,78,112,67,67,67,79,79,180,180,194,416,19,19,39,39,67,167,238,264,264,164,178,190,190,190],"floor_reached":50,"playtime":2285,"items_purged":["Coolheaded","Defend_B"],"score":673,"play_id":"d4a2d13c-57bb-4733-bec8-25b0d21a8f58","local_time":"20190316192900","is_ascension_mode":true,"campfire_choices":[{"data":"Defragment","floor":6.0,"key":"SMITH"},{"data":"Zap","floor":8.0,"key":"SMITH"},{"data":"Loop","floor":15.0,"key":"SMITH"},{"floor":23.0,"key":"RECALL"},{"floor":30,"key":"REST"},{"floor":32,"key":"REST"},{"floor":40,"key":"REST"},{"floor":45,"key":"REST"},{"floor":49,"key":"REST"}],"neow_cost":"PERCENT_DAMAGE","seed_source_timestamp":0,"circlet_count":0,"master_deck":["Strike_B","Strike_B+1","Defend_B+1","Defend_B+1","Zap+1","Dualcast","White Noise+1","Streamline","Loop+1","Defragment+1","Gash","Conserve Battery","Sweeping Beam","Heatsinks","Conserve Battery","Seek","Ball Lightning","Jack Of All Trades","All For One+1","Go for the Eyes+1","Beam Cell+1","Creative AI","White Noise+1","Panache","Self Repair","Turbo","Gash+1","Scrape+1","Fusion+1","Undo","Stack+1"],"special_seed":0,"relics":["Cracked Core","Emotion Chip","Bag of Preparation","War Paint","Lantern","Fusion Hammer","Molten Egg 2","Sundial","Orichalcum","Red Mask","Nuclear Battery","Meat on the Bone","Peace Pipe","Mercury Hourglass","DataDisk"],"potions_floor_usage":[27,33,33,47],"damage_taken":[{"damage":2.0,"enemies":"Jaw Worm","floor":1.0,"turns":4.0},{"damage":0.0,"enemies":"Cultist","floor":10.0,"turns":3.0},{"damage":7.0,"enemies":"2 Louse","floor":11.0,"turns":2.0},{"damage":0.0,"enemies":"Blue Slaver","floor":13.0,"turns":3.0},{"damage":0.0,"enemies":"3 Sentries","floor":14.0,"turns":2.0},{"damage":9.0,"enemies":"Hexaghost","floor":16.0,"turns":7.0},{"damage":14.0,"enemies":"2 Thieves","floor":18.0,"turns":3.0},{"damage":0.0,"enemies":"3 Byrds","floor":20.0,"turns":1.0},{"damage":31.0,"enemies":"Book of Stabbing","floor":24.0,"turns":4.0},{"damage":6.0,"enemies":"Sentry and Sphere","floor":25.0,"turns":3.0},{"damage":10,"enemies":"Masked Bandits","floor":27,"turns":3},{"damage":12,"enemies":"Snake Plant","floor":31,"turns":3},{"damage":7,"enemies":"Collector","floor":33,"turns":7},{"damage":10,"enemies":"3 Darklings","floor":35,"turns":5},{"damage":10,"enemies":"3 Shapes","floor":38,"turns":4},{"damage":0,"enemies":"Maw","floor":39,"turns":5},{"damage":70,"enemies":"Reptomancer","floor":41,"turns":5},{"damage":6,"enemies":"Mind Bloom Boss Battle","floor":42,"turns":4},{"damage":25,"enemies":"Giant Head","floor":44,"turns":5},{"damage":18,"enemies":"Writhing Mass","floor":47,"turns":4},{"damage":26,"enemies":"Spire Growth","floor":48,"turns":4},{"damage":71,"enemies":"Awakened One","floor":50,"turns":5}],"seed_played":"6904535275930225266","potions_obtained":[{"floor":1.0,"key":"GamblersBrew"},{"floor":11.0,"key":"Ancient Potion"},{"floor":18.0,"key":"Ancient Potion"},{"floor":25.0,"key":"FocusPotion"},{"floor":29,"key":"EntropicBrew"},{"floor":29,"key":"FairyPotion"},{"floor":31,"key":"AttackPotion"},{"floor":41,"key":"FearPotion"},{"floor":42,"key":"SmokeBomb"},{"floor":44,"key":"FearPotion"}],"is_trial":false,"path_per_floor":["M","?","$","T","?","R","?","R","T","M","M","$","M","E","R","B",null,"M","?","M","?","$","R","E","M","T","?","$","?","R","M","R","B",null,"M","?","$","M","M","R","E","?","T","E","R","$","M","M","R","B"],"character_chosen":"DEFECT","items_purchased":["Streamline","Loop","Sweeping Beam","Heatsinks","Jack Of All Trades","Beam Cell+1","Panache","Self Repair","Turbo","Gash+1"],"campfire_rested":5,"item_purchase_floors":[3,3,12,12,22,28,37,37,37,37],"current_hp_per_floor":[52,52,52,52,52,52,37,37,37,37,30,30,30,30,30,21,75,61,61,61,61,61,61,30,24,24,14,14,14,36,24,46,39,75,65,65,65,62,69,75,12,25,25,26,48,48,49,42,64,0],"gold":190,"neow_bonus":"ONE_RARE_RELIC","is_prod":false,"is_daily":false,"chose_seed":false,"campfire_upgraded":3,"win_rate":0,"timestamp":1552732140,"path_taken":["M","?","?","?","?","R","?","R","T","M","M","$","?","E","R","BOSS","M","?","?","?","$","R","E","M","T","?","?","?","R","M","R","BOSS","M","?","?","M","M","R","E","?","T","E","R","$","?","M","R","BOSS"],"build_version":"2019-01-23","purchased_purges":2,"victory":false,"max_hp_per_floor":[75,75,75,75,75,75,75,75,75,75,75,75,75,75,75,75,75,75,75,75,75,75,75,75,75,75,75,75,75,75,75,75,75,75,75,75,75,75,75,75,75,75,75,75,75,75,75,75,75,75],"card_choices":[{"not_picked":["Scrape","Leap"],"picked":"White Noise","floor":1.0},{"not_picked":["Darkness","Barrage"],"picked":"Gash","floor":10.0},{"not_picked":["Fusion","Coolheaded"],"picked":"Conserve Battery","floor":11.0},{"not_picked":["Reinforced Body","Coolheaded"],"picked":"Conserve Battery","floor":13.0},{"not_picked":["Reprogram","Stack","Blizzard"],"picked":"SKIP","floor":14.0},{"not_picked":["Fission","Thunder Strike"],"picked":"Seek","floor":16.0},{"not_picked":["Ball Lightning","Darkness","Stack"],"picked":"SKIP","floor":18.0},{"not_picked":["Barrage","Aggregate"],"picked":"Ball Lightning","floor":20.0},{"not_picked":["Stack","Cold Snap+1"],"picked":"All For One+1","floor":24.0},{"not_picked":["Redo+1","Compile Driver+1","Force Field"],"picked":"SKIP","floor":25.0},{"not_picked":["Force Field","Steam"],"picked":"Go for the Eyes+1","floor":27},{"not_picked":["Fission","Chill+1"],"picked":"Coolheaded","floor":31},{"not_picked":["All For One+1","Fission"],"picked":"Creative AI","floor":33},{"not_picked":["Stack+1","Double Energy+1"],"picked":"White Noise+1","floor":35},{"not_picked":["White Noise+1","Turbo+1","Melter+1"],"picked":"SKIP","floor":38},{"not_picked":["Storm","Compile Driver+1"],"picked":"Scrape+1","floor":39},{"not_picked":["Cold Snap+1","Streamline+1"],"picked":"Fusion+1","floor":41},{"not_picked":["Melter+1","BootSequence","Turbo+1"],"picked":"SKIP","floor":44},{"not_picked":["Reboot","Cold Snap+1"],"picked":"Undo","floor":47},{"not_picked":["BootSequence","Leap+1"],"picked":"Stack+1","floor":48}],"player_experience":537992,"relics_obtained":[{"floor":4.0,"key":"Bag of Preparation"},{"floor":9.0,"key":"War Paint"},{"floor":14.0,"key":"Lantern"},{"floor":24.0,"key":"Sundial"},{"floor":26,"key":"Orichalcum"},{"floor":27,"key":"Red Mask"},{"floor":41,"key":"Meat on the Bone"},{"floor":42,"key":"Peace Pipe"},{"floor":43,"key":"Mercury Hourglass"},{"floor":44,"key":"DataDisk"}],"event_choices":[{"cards_removed":["Strike_B"],"damage_healed":0.0,"max_hp_gain":0.0,"max_hp_loss":0.0,"gold_gain":0.0,"event_name":"Bonfire Elementals","player_choice":"Offered Basic","floor":2.0,"gold_loss":0.0,"damage_taken":0.0},{"damage_healed":0.0,"max_hp_gain":0.0,"max_hp_loss":0.0,"gold_gain":0.0,"cards_transformed":["Strike_B"],"event_name":"Living Wall","player_choice":"Change","floor":5.0,"gold_loss":0.0,"damage_taken":0.0,"cards_obtained":["Defragment"]},{"damage_healed":0.0,"max_hp_gain":0.0,"max_hp_loss":0.0,"gold_gain":0.0,"event_name":"Shining Light","player_choice":"Entered Light","floor":7.0,"gold_loss":0.0,"damage_taken":15.0,"cards_upgraded":["White Noise","Strike_B"]},{"cards_removed":["Defend_B"],"damage_healed":0.0,"max_hp_gain":0.0,"max_hp_loss":0.0,"gold_gain":0.0,"event_name":"Purifier","player_choice":"Purged","floor":19.0,"gold_loss":0.0,"damage_taken":0.0},{"damage_healed":0.0,"max_hp_gain":0.0,"max_hp_loss":0.0,"gold_gain":0.0,"event_name":"Addict","player_choice":"Obtained Relic","floor":21.0,"gold_loss":85.0,"damage_taken":0.0,"relics_obtained":["Molten Egg 2"]},{"damage_healed":0,"gold_gain":0,"player_choice":"Fought Bandits","damage_taken":0,"max_hp_gain":0,"max_hp_loss":0,"event_name":"Masked Bandits","floor":27,"gold_loss":0},{"damage_healed":0,"gold_gain":0,"player_choice":"Got Potions","damage_taken":0,"max_hp_gain":0,"max_hp_loss":0,"event_name":"Lab","floor":29,"gold_loss":0},{"damage_healed":0,"gold_gain":222,"player_choice":"Wore Mask","damage_taken":0,"max_hp_gain":0,"max_hp_loss":0,"event_name":"Tomb of Lord Red Mask","floor":36,"gold_loss":0},{"damage_healed":0,"gold_gain":0,"player_choice":"Fight","damage_taken":0,"max_hp_gain":0,"max_hp_loss":0,"event_name":"MindBloom","floor":42,"gold_loss":0}],"is_beta":false,"boss_relics":[{"not_picked":["Velvet Choker","Eternal Feather"],"picked":"Fusion Hammer"},{"not_picked":["Pandora\u0027s Box","Empty Cage"],"picked":"Nuclear Battery"}],"items_purged_floors":[37,46],"is_endless":false,"potions_floor_spawned":[1,11,18,25,31,41,42,44],"killed_by":"Awakened One","ascension_level":2}