{"gold_per_floor":[114,129,144,159,334,349,364,364,389,401,428,455,482,524,536,648,660,687,609,636,678,705,717,744,786,798,516,541,541,571,586,586,686,686,701,716,716,731,731],"floor_reached":39,"playtime":4175,"items_purged":["Strike_R"],"score":749,"play_id":"40e1ee27-70ee-4c6e-b2d1-026056dbbade","local_time":"20190310194015","daily_mods":["Cursed Run","Flight","DeadlyEvents"],"is_ascension_mode":false,"campfire_choices":[{"floor":8.0,"key":"REST"},{"data":"Anger","floor":15.0,"key":"SMITH"},{"floor":23.0,"key":"REST"},{"floor":29.0,"key":"REST"},{"floor":32,"key":"REST"}],"neow_cost":"","seed_source_timestamp":0,"circlet_count":0,"master_deck":["Strike_R+1","Defend_R","Defend_R","Bash","Cleave","Uppercut","Thunderclap","Rampage","Doubt","Pummel","Anger+1","Normality","Limit Break","Sword Boomerang","Armaments","Clash","Regret","Exhume","Reaper+1","Searing Blow+1","Rupture+1","Armaments+1","Clash","Metallicize+1","Sword Boomerang+1","Armaments","Feel No Pain","Normality","Metallicize","Doubt","Carnage+1","Inflame","Burning Pact+1","Heavy Blade+1","Regret","Demon Form","Parasite","Injury","Parasite","Armaments+1","Clothesline","Metallicize"],"special_seed":17965,"relics":["Cursed Key","Darkstone Periapt","Du-Vu Doll","MawBank","Oddly Smooth Stone","Astrolabe","Kunai","Question Card","Dream Catcher","Regal Pillow","Lantern","Strawberry","Calling Bell","Art of War","Matryoshka","Shovel"],"potions_floor_usage":[31,33,35],"damage_taken":[{"damage":0.0,"enemies":"Cultist","floor":1.0,"turns":4.0},{"damage":0.0,"enemies":"Small Slimes","floor":2.0,"turns":3.0},{"damage":0.0,"enemies":"2 Louse","floor":3.0,"turns":2.0},{"damage":2.0,"enemies":"Red Slaver","floor":4.0,"turns":4.0},{"damage":7.0,"enemies":"Looter","floor":6.0,"turns":2.0},{"damage":6.0,"enemies":"Lots of Slimes","floor":7.0,"turns":2.0},{"damage":1.0,"enemies":"3 Louse","floor":11.0,"turns":2.0},{"damage":13.0,"enemies":"Red Slaver","floor":12.0,"turns":2.0},{"damage":0.0,"enemies":"Looter","floor":13.0,"turns":2.0},{"damage":8.0,"enemies":"Gremlin Nob","floor":14.0,"turns":3.0},{"damage":0.0,"enemies":"Slime Boss","floor":16.0,"turns":6.0},{"damage":12.0,"enemies":"Chosen","floor":18.0,"turns":3.0},{"damage":10.0,"enemies":"2 Thieves","floor":20.0,"turns":3.0},{"damage":62.0,"enemies":"Slavers","floor":21.0,"turns":5.0},{"damage":42.0,"enemies":"Snecko","floor":22.0,"turns":5.0},{"damage":7.0,"enemies":"Shelled Parasite and Fungi","floor":24.0,"turns":3.0},{"damage":38.0,"enemies":"Book of Stabbing","floor":25.0,"turns":5.0},{"damage":39.0,"enemies":"Slavers","floor":30.0,"turns":5.0},{"damage":14,"enemies":"Snake Plant","floor":31,"turns":5},{"damage":28,"enemies":"Champ","floor":33,"turns":7},{"damage":37,"enemies":"3 Shapes","floor":35,"turns":3},{"damage":18,"enemies":"Orb Walker","floor":36,"turns":3},{"damage":19,"enemies":"4 Shapes","floor":38,"turns":2},{"damage":105,"enemies":"Reptomancer","floor":39,"turns":3}],"seed_played":"-4874959885410320619","potions_obtained":[{"floor":2.0,"key":"SteroidPotion"},{"floor":3.0,"key":"SkillPotion"},{"floor":4.0,"key":"Dexterity Potion"},{"floor":13.0,"key":"GamblersBrew"},{"floor":14.0,"key":"EntropicBrew"},{"floor":21.0,"key":"GamblersBrew"},{"floor":30.0,"key":"Fire Potion"},{"floor":31,"key":"FairyPotion"},{"floor":35,"key":"Fruit Juice"},{"floor":38,"key":"GamblersBrew"}],"is_trial":false,"path_per_floor":["M","M","M","M","?","M","M","R","T","?","M","M","M","E","R","B",null,"M","?","M","E","M","R","M","E","T","$","T","R","E","M","R","B",null,"M","M","?","M","E"],"character_chosen":"IRONCLAD","items_purchased":["Regal Pillow","Metallicize"],"campfire_rested":4,"item_purchase_floors":[27,27],"current_hp_per_floor":[80,80,80,78,84,77,71,86,92,92,91,78,78,70,70,76,98,86,86,86,24,2,31,35,19,25,25,31,79,47,47,97,93,141,109,105,105,86,0],"gold":731,"neow_bonus":"","is_prod":false,"is_daily":true,"chose_seed":false,"campfire_upgraded":1,"win_rate":0.0,"timestamp":1552246815,"path_taken":["M","M","?","M","?","M","M","R","T","?","M","M","M","?","R","BOSS","M","?","M","?","M","R","M","E","T","$","?","R","?","M","R","BOSS","M","M","?","M","?"],"build_version":"2019-01-23","purchased_purges":1,"victory":false,"max_hp_per_floor":[80,80,80,80,86,86,86,86,92,92,92,92,92,92,92,98,98,98,98,98,98,98,98,98,98,104,104,110,110,117,117,117,123,141,146,146,146,146,146],"card_choices":[{"not_picked":["Rampage","Ghostly Armor"],"picked":"Cleave","floor":1.0},{"not_picked":["Twin Strike","True Grit"],"picked":"Uppercut","floor":2.0},{"not_picked":["Body Slam","Heavy Blade"],"picked":"Thunderclap","floor":3.0},{"not_picked":["Headbutt","Armaments"],"picked":"Rampage","floor":4.0},{"not_picked":["Rampage","Hemokinesis"],"picked":"Pummel","floor":6.0},{"not_picked":["Iron Wave","Body Slam"],"picked":"Anger","floor":7.0},{"not_picked":["Cleave","Wild Strike"],"picked":"Limit Break","floor":11.0},{"not_picked":["Dropkick","Shrug It Off"],"picked":"Sword Boomerang","floor":12.0},{"not_picked":["Corruption","Juggernaut"],"picked":"Armaments","floor":13.0},{"not_picked":["Warcry","Wild Strike"],"picked":"Clash","floor":14.0},{"not_picked":["Offering","Juggernaut"],"picked":"Exhume","floor":16.0},{"not_picked":["Pummel","Wild Strike"],"picked":"Armaments+1","floor":18.0},{"not_picked":["Perfected Strike","Havoc"],"picked":"Clash","floor":20.0},{"not_picked":["Blood for Blood","Warcry"],"picked":"Metallicize+1","floor":21.0},{"not_picked":["Twin Strike","True Grit"],"picked":"Sword Boomerang+1","floor":22.0},{"not_picked":["Clash","Havoc"],"picked":"Armaments","floor":24.0},{"not_picked":["Warcry","Infernal Blade+1"],"picked":"Feel No Pain","floor":25.0},{"not_picked":["Rage","Sentinel","Reaper"],"picked":"Carnage+1","floor":29.0},{"not_picked":["Flex","True Grit","Clash+1"],"picked":"Inflame","floor":30.0},{"not_picked":["Shrug It Off","Headbutt+1","Dropkick"],"picked":"Burning Pact+1","floor":31},{"not_picked":["Body Slam","Blood for Blood","Sentinel"],"picked":"Heavy Blade+1","floor":32},{"not_picked":["Berserk","Fiend Fire","Brutality"],"picked":"Demon Form","floor":33},{"not_picked":["Twin Strike+1","Inflame","Evolve+1"],"picked":"Armaments+1","floor":35},{"not_picked":["Thunderclap+1","Wild Strike+1","Armaments"],"picked":"Clothesline","floor":36},{"not_picked":["Combust+1","Evolve+1","True Grit"],"picked":"Metallicize","floor":38}],"player_experience":8090,"relics_obtained":[{"floor":9.0,"key":"MawBank"},{"floor":14.0,"key":"Oddly Smooth Stone"},{"floor":21.0,"key":"Kunai"},{"floor":25.0,"key":"Question Card"},{"floor":26.0,"key":"Dream Catcher"},{"floor":28.0,"key":"Lantern"},{"floor":30.0,"key":"Strawberry"},{"floor":34,"key":"Art of War"},{"floor":34,"key":"Matryoshka"},{"floor":34,"key":"Shovel"}],"event_choices":[{"damage_healed":0.0,"max_hp_gain":0.0,"max_hp_loss":0.0,"gold_gain":175.0,"event_name":"Liars Game","player_choice":"AGREE","floor":5.0,"gold_loss":0.0,"damage_taken":0.0,"cards_obtained":["Doubt"]},{"cards_removed":["Strike_R"],"damage_healed":0.0,"max_hp_gain":0.0,"max_hp_loss":0.0,"gold_gain":0.0,"event_name":"Living Wall","player_choice":"Forget","floor":10.0,"gold_loss":0.0,"damage_taken":0.0},{"cards_removed":["Defend_R"],"damage_healed":0.0,"max_hp_gain":0.0,"max_hp_loss":0.0,"gold_gain":0.0,"event_name":"Designer","player_choice":"Upgrade and Remove","floor":19.0,"gold_loss":90.0,"damage_taken":0.0,"cards_upgraded":["Strike_R"]},{"damage_healed":0,"gold_gain":0,"player_choice":"Ignored","damage_taken":0,"max_hp_gain":0,"max_hp_loss":0,"event_name":"Fountain of Cleansing","floor":37,"gold_loss":0}],"is_beta":false,"boss_relics":[{"not_picked":["Runic Pyramid","Lizard Tail"],"picked":"Astrolabe"},{"not_picked":["Philosopher\u0027s Stone","Black Star"],"picked":"Calling Bell"}],"items_purged_floors":[27],"is_endless":false,"potions_floor_spawned":[2,3,4,13,14,21,30,31,35,38],"killed_by":"Reptomancer","ascension_level":0}