{"gold_per_floor":[114,64,83,96,107,137,60,74,97,97,155,167,167,192,192,192],"floor_reached":16,"playtime":765,"items_purged":[],"score":130,"play_id":"10900595-8f57-4154-9a31-d910bd48a90c","local_time":"20190308213407","is_ascension_mode":true,"campfire_choices":[{"floor":10,"key":"REST"},{"floor":15,"key":"REST"}],"neow_cost":"NONE","seed_source_timestamp":1659823193765915,"circlet_count":0,"master_deck":["Strike_R","Strike_R","Strike_R","Strike_R","Defend_R+1","Defend_R+1","Defend_R","Defend_R","Bash","Intimidate","Flex","Shockwave","Cleave","Spot Weakness","Offering","Power Through","Feed"],"relics":["Burning Blood","War Paint","Regal Pillow","Lantern","Anchor","Golden Idol"],"potions_floor_usage":[16],"damage_taken":[{"damage":0,"enemies":"Small Slimes","floor":1,"turns":3},{"damage":0,"enemies":"2 Louse","floor":3,"turns":4},{"damage":2,"enemies":"Cultist","floor":4,"turns":4},{"damage":5,"enemies":"Looter","floor":5,"turns":4},{"damage":40,"enemies":"3 Sentries","floor":6,"turns":14},{"damage":20,"enemies":"Red Slaver","floor":8,"turns":6},{"damage":36,"enemies":"Lagavulin Event","floor":11,"turns":6},{"damage":6,"enemies":"Gremlin Gang","floor":12,"turns":3},{"damage":10,"enemies":"Exordium Thugs","floor":14,"turns":4},{"damage":80,"enemies":"Hexaghost","floor":16,"turns":12}],"seed_played":"-1335816231424924182","potions_obtained":[{"floor":4,"key":"Ancient Potion"},{"floor":5,"key":"EssenceOfSteel"},{"floor":6,"key":"Ancient Potion"}],"is_trial":false,"path_per_floor":["M","?","M","M","M","E","$","M","T","R","?","M","?","M","R","B"],"character_chosen":"IRONCLAD","items_purchased":["Spot Weakness"],"campfire_rested":2,"item_purchase_floors":[7],"current_hp_per_floor":[80,80,80,80,80,46,46,32,32,71,41,41,41,40,77,0],"gold":192,"neow_bonus":"RANDOM_COMMON_RELIC","is_prod":false,"is_daily":false,"chose_seed":false,"campfire_upgraded":0,"win_rate":0,"timestamp":1552098847,"path_taken":["M","?","M","M","M","E","$","M","T","R","?","M","?","M","R","BOSS"],"build_version":"2019-01-23","purchased_purges":0,"victory":false,"max_hp_per_floor":[80,80,80,80,80,80,80,80,80,80,80,80,74,77,77,77],"card_choices":[{"not_picked":["True Grit","Armaments"],"picked":"Intimidate","floor":1},{"not_picked":["Twin Strike","Bloodletting"],"picked":"Flex","floor":3},{"not_picked":["Carnage","Headbutt"],"picked":"Shockwave","floor":4},{"not_picked":["Thunderclap","Anger","Entrench"],"picked":"SKIP","floor":5},{"not_picked":["Anger","Burning Pact"],"picked":"Cleave","floor":6},{"not_picked":["Fire Breathing","Thunderclap"],"picked":"Offering","floor":8},{"not_picked":["Pommel Strike","Clash"],"picked":"Power Through","floor":11},{"not_picked":["Iron Wave","Clothesline"],"picked":"Feed","floor":12},{"not_picked":["Havoc","Thunderclap","Corruption"],"picked":"SKIP","floor":14}],"player_experience":272997,"relics_obtained":[{"floor":6,"key":"Regal Pillow"},{"floor":9,"key":"Lantern"},{"floor":11,"key":"Anchor"}],"event_choices":[{"cards_removed":["Strike_R"],"damage_healed":0,"gold_gain":0,"player_choice":"Card Removal","damage_taken":0,"max_hp_gain":0,"max_hp_loss":0,"event_name":"The Cleric","floor":2,"gold_loss":50},{"damage_healed":0,"gold_gain":0,"player_choice":"Searched \u00271\u0027 times","damage_taken":0,"max_hp_gain":0,"max_hp_loss":0,"event_name":"Dead Adventurer","floor":11,"gold_loss":0},{"damage_healed":0,"gold_gain":0,"player_choice":"Lose Max HP","damage_taken":0,"relics_obtained":["Golden Idol"],"max_hp_gain":0,"max_hp_loss":6,"event_name":"Golden Idol","floor":13,"gold_loss":0}],"is_beta":false,"boss_relics":[],"items_purged_floors":[],"is_endless":false,"potions_floor_spawned":[4,5,6],"killed_by":"Hexaghost","ascension_level":5}