{"gold_per_floor":[19,36,54,54,54,54,79,39,112,112,131,131,26,59,59,134,134,145,245,245,12,90,90,123,137,191,191,191,216,216,231,231,231],"floor_reached":33,"playtime":2438,"items_purged":["Strike_B"],"score":628,"play_id":"25fc3243-e082-45c3-9c6f-1d4dcf9c2715","local_time":"20190312212421","is_ascension_mode":true,"campfire_choices":[{"floor":6.0,"key":"REST"},{"floor":10.0,"key":"REST"},{"floor":12.0,"key":"REST"},{"data":"Defragment","floor":15.0,"key":"SMITH"},{"floor":23.0,"key":"REST"},{"floor":27.0,"key":"REST"},{"data":"Defragment","floor":32,"key":"SMITH"}],"neow_cost":"NO_GOLD","seed_source_timestamp":1042223736954108,"circlet_count":0,"master_deck":["AscendersBane","Strike_B","Defend_B+1","Defend_B","Defend_B","Defend_B","Zap+1","Dualcast","Thunder Strike","Steam","Ball Lightning","Multi-Cast","Defragment+1","Defragment+1","Ball Lightning","Leap","Cold Snap","Glacier+1","Storm","Fusion","Reinforced Body","Chill","Glacier"],"special_seed":0,"relics":["Cracked Core","Bag of Marbles","Meat on the Bone","Cables","Snecko Eye","Prayer Wheel","Ornamental Fan","Happy Flower","PreservedInsect","Tiny Chest","Gremlin Horn","Dream Catcher"],"potions_floor_usage":[29],"damage_taken":[{"damage":8.0,"enemies":"Small Slimes","floor":1.0,"turns":4.0},{"damage":0.0,"enemies":"2 Louse","floor":2.0,"turns":2.0},{"damage":2.0,"enemies":"Cultist","floor":3.0,"turns":4.0},{"damage":67.0,"enemies":"Gremlin Nob","floor":7.0,"turns":5.0},{"damage":27.0,"enemies":"Large Slime","floor":11.0,"turns":5.0},{"damage":9.0,"enemies":"Lagavulin","floor":14.0,"turns":7.0},{"damage":9.0,"enemies":"Hexaghost","floor":16.0,"turns":8.0},{"damage":9.0,"enemies":"Chosen","floor":18.0,"turns":4.0},{"damage":22.0,"enemies":"Colosseum Slavers","floor":19.0,"turns":2.0},{"damage":35.0,"enemies":"Colosseum Nobs","floor":19.0,"turns":4.0},{"damage":0.0,"enemies":"Gremlin Leader","floor":24.0,"turns":5.0},{"damage":27.0,"enemies":"3 Byrds","floor":25.0,"turns":4.0},{"damage":16,"enemies":"Slavers","floor":29,"turns":5},{"damage":0,"enemies":"Snecko","floor":31,"turns":4},{"damage":57,"enemies":"Automaton","floor":33,"turns":12}],"seed_played":"-7655265946975906223","potions_obtained":[{"floor":3.0,"key":"FairyPotion"},{"floor":11.0,"key":"Explosive Potion"},{"floor":19.0,"key":"Block Potion"},{"floor":25.0,"key":"FearPotion"},{"floor":29,"key":"Poison Potion"}],"is_trial":false,"path_per_floor":["M","M","M","?","?","R","E","$","T","R","M","R","$","E","R","B",null,"M","?","?","$","T","R","E","M","T","R","?","E","T","M","R","B"],"character_chosen":"DEFECT","items_purchased":["Defragment","Leap","LiquidBronze","Happy Flower"],"campfire_rested":5,"item_purchase_floors":[8,13,13,21],"current_hp_per_floor":[56,56,54,33,33,54,7,7,7,28,13,34,34,37,37,40,63,54,21,1,1,1,23,35,20,20,42,42,38,38,50,50,0],"gold":231,"neow_bonus":"THREE_RARE_CARDS","is_prod":false,"is_daily":false,"chose_seed":false,"campfire_upgraded":2,"win_rate":0,"timestamp":1552451061,"path_taken":["M","M","M","?","?","R","E","$","T","R","M","R","$","E","R","BOSS","M","?","?","?","?","R","E","?","T","R","?","E","?","M","R","BOSS"],"build_version":"2019-02-06","purchased_purges":1,"victory":false,"max_hp_per_floor":[71,71,71,71,71,71,71,71,71,71,71,71,71,71,71,71,71,71,71,76,76,76,76,76,76,76,76,76,76,76,76,76,76],"card_choices":[{"not_picked":["Machine Learning","Meteor Strike"],"picked":"Thunder Strike","floor":0.0},{"not_picked":["Stack","Auto Shields"],"picked":"Steam","floor":1.0},{"not_picked":["Aggregate","Sweeping Beam"],"picked":"Ball Lightning","floor":2.0},{"not_picked":["Self Repair","Conserve Battery","Barrage"],"picked":"SKIP","floor":3.0},{"not_picked":["FTL","Undo"],"picked":"Defragment","floor":7.0},{"not_picked":["Consume","Tempest"],"picked":"Ball Lightning","floor":11.0},{"not_picked":["Gash","Melter"],"picked":"Cold Snap","floor":14.0},{"not_picked":["Darkness","Storm"],"picked":"Glacier+1","floor":18.0},{"not_picked":["Rebound","Compile Driver"],"picked":"Storm","floor":24.0},{"not_picked":["Gash","Genetic Algorithm"],"picked":"Fusion","floor":25.0},{"not_picked":["Cold Snap","Leap"],"picked":"Reinforced Body","floor":25.0},{"not_picked":["Barrage","Blizzard"],"picked":"Chill","floor":29},{"not_picked":["Chill","Machine Learning"],"picked":"Glacier","floor":31},{"not_picked":["Cold Snap+1","Redo","Turbo"],"picked":"SKIP","floor":31}],"player_experience":1363137,"relics_obtained":[{"floor":7.0,"key":"Bag of Marbles"},{"floor":9.0,"key":"Meat on the Bone"},{"floor":14.0,"key":"Cables"},{"floor":19.0,"key":"Prayer Wheel"},{"floor":19.0,"key":"Ornamental Fan"},{"floor":24.0,"key":"PreservedInsect"},{"floor":26.0,"key":"Tiny Chest"},{"floor":29,"key":"Gremlin Horn"},{"floor":30,"key":"Dream Catcher"}],"event_choices":[{"damage_healed":0.0,"max_hp_gain":0.0,"max_hp_loss":0.0,"gold_gain":0.0,"event_name":"Shining Light","player_choice":"Entered Light","floor":4.0,"gold_loss":0.0,"damage_taken":21.0,"cards_upgraded":["Zap","Defend_B"]},{"damage_healed":0.0,"max_hp_gain":0.0,"max_hp_loss":0.0,"gold_gain":0.0,"cards_transformed":["Strike_B"],"event_name":"Transmorgrifier","player_choice":"Transformed","floor":5.0,"gold_loss":0.0,"damage_taken":0.0,"cards_obtained":["Multi-Cast"]},{"damage_healed":0.0,"max_hp_gain":0.0,"max_hp_loss":0.0,"gold_gain":0.0,"event_name":"Colosseum","player_choice":"Fight","floor":19.0,"gold_loss":0.0,"damage_taken":0.0},{"damage_healed":0.0,"max_hp_gain":0.0,"max_hp_loss":0.0,"gold_gain":0.0,"event_name":"Colosseum","player_choice":"Fought Nobs","floor":19.0,"gold_loss":0.0,"damage_taken":0.0},{"damage_healed":0.0,"max_hp_gain":5.0,"max_hp_loss":0.0,"gold_gain":0.0,"event_name":"Forgotten Altar","player_choice":"Shed Blood","floor":20.0,"gold_loss":0.0,"damage_taken":25.0},{"cards_removed":["Strike_B"],"damage_healed":0.0,"max_hp_gain":0.0,"max_hp_loss":0.0,"gold_gain":0.0,"event_name":"Back to Basics","player_choice":"Elegance","floor":28.0,"gold_loss":0.0,"damage_taken":0.0}],"is_beta":true,"boss_relics":[{"not_picked":["Runic Pyramid","Runic Dome"],"picked":"Snecko Eye"}],"items_purged_floors":[21],"is_endless":false,"potions_floor_spawned":[3,11,19,19,25,29],"killed_by":"Automaton","ascension_level":20}