{"gold_per_floor":[119,44,44,58,77,77,105,105,105,105,5,5,24,84,84,157,157,172,172],"floor_reached":19,"playtime":1006,"items_purged":["Strike_R","Strike_R"],"score":330,"play_id":"435ab5f3-7a73-49f1-8231-f2a87c96372f","local_time":"20190312212551","is_ascension_mode":true,"campfire_choices":[{"data":"Barricade","floor":6,"key":"SMITH"},{"data":"Cleave","floor":8,"key":"SMITH"},{"floor":12,"key":"REST"},{"floor":15,"key":"REST"}],"neow_cost":"NONE","seed_source_timestamp":507279671479969,"circlet_count":0,"master_deck":["AscendersBane","Strike_R","Strike_R","Defend_R","Defend_R","Defend_R","Defend_R","Bash","Cleave+1","Headbutt","Barricade+1","Cleave","Shrug It Off+1","True Grit+1","Limit Break+1","Shrug It Off+1"],"relics":["Burning Blood","NeowsBlessing","Darkstone Periapt","Toxic Egg 2","Potion Belt","Velvet Choker"],"potions_floor_usage":[7,7,16,16,19,19],"damage_taken":[{"damage":0,"enemies":"Cultist","floor":1,"turns":1},{"damage":0,"enemies":"2 Louse","floor":4,"turns":1},{"damage":0,"enemies":"Jaw Worm","floor":5,"turns":1},{"damage":35,"enemies":"Lagavulin","floor":7,"turns":6},{"damage":33,"enemies":"Large Slime","floor":13,"turns":4},{"damage":15,"enemies":"3 Sentries","floor":14,"turns":4},{"damage":25,"enemies":"Slime Boss","floor":16,"turns":19},{"damage":42,"enemies":"3 Byrds","floor":18,"turns":6},{"damage":29,"enemies":"Chosen","floor":19,"turns":6}],"seed_played":"-1877962302604836442","potions_obtained":[{"floor":3,"key":"PowerPotion"},{"floor":3,"key":"SpeedPotion"},{"floor":5,"key":"SkillPotion"},{"floor":7,"key":"SpeedPotion"},{"floor":14,"key":"Dexterity Potion"},{"floor":16,"key":"SpeedPotion"},{"floor":18,"key":"Block Potion"}],"is_trial":false,"path_per_floor":["M","$","?","M","M","R","E","R","T","?","$","R","M","?","R","B",null,"M","M"],"character_chosen":"IRONCLAD","items_purchased":[],"campfire_rested":2,"item_purchase_floors":[],"current_hp_per_floor":[74,74,74,75,75,75,46,46,46,46,46,68,41,32,54,35,65,29,0],"gold":172,"neow_bonus":"THREE_ENEMY_KILL","is_prod":false,"is_daily":false,"chose_seed":false,"campfire_upgraded":2,"win_rate":0,"timestamp":1552447551,"path_taken":["M","$","?","M","?","R","E","R","T","?","$","R","M","?","R","BOSS","M","M"],"build_version":"2019-01-23","purchased_purges":2,"victory":false,"max_hp_per_floor":[75,75,75,75,75,75,75,75,75,75,75,75,75,75,75,75,75,75,75],"card_choices":[{"not_picked":["Flex","Wild Strike"],"picked":"Cleave","floor":1},{"not_picked":["Corruption","Sword Boomerang"],"picked":"Headbutt","floor":4},{"not_picked":["Flex","Inflame"],"picked":"Barricade","floor":5},{"not_picked":["Pommel Strike","Clothesline"],"picked":"Cleave","floor":7},{"not_picked":["Warcry+1","Evolve"],"picked":"Shrug It Off+1","floor":13},{"not_picked":["Iron Wave","Sentinel+1"],"picked":"True Grit+1","floor":14},{"not_picked":["Reaper","Barricade"],"picked":"Limit Break+1","floor":16},{"not_picked":["Sentinel+1","Heavy Blade"],"picked":"Shrug It Off+1","floor":18}],"player_experience":1409121,"relics_obtained":[{"floor":7,"key":"Darkstone Periapt"},{"floor":9,"key":"Toxic Egg 2"},{"floor":14,"key":"Potion Belt"}],"event_choices":[{"damage_healed":0,"gold_gain":0,"player_choice":"Got Potions","damage_taken":0,"max_hp_gain":0,"max_hp_loss":0,"event_name":"Lab","floor":3,"gold_loss":0},{"cards_removed":["Strike_R"],"damage_healed":0,"gold_gain":0,"player_choice":"Forget","damage_taken":0,"max_hp_gain":0,"max_hp_loss":0,"event_name":"Living Wall","floor":10,"gold_loss":0},{"damage_healed":0,"gold_gain":0,"player_choice":"Searched \u00271\u0027 times","damage_taken":0,"max_hp_gain":0,"max_hp_loss":0,"event_name":"Dead Adventurer","floor":14,"gold_loss":0}],"is_beta":false,"boss_relics":[{"not_picked":["Astrolabe","Empty Cage"],"picked":"Velvet Choker"}],"items_purged_floors":[2,11],"is_endless":false,"potions_floor_spawned":[5,7,14,16,18],"killed_by":"Chosen","ascension_level":20}