{"gold_per_floor":[112,37,37,62,32,70,70,113,113,140,152,204,216,228,240,341,353,388,421,452,464,42,82,82],"floor_reached":24,"playtime":1877,"items_purged":[],"score":464,"play_id":"677b1a31-c4c0-458e-ae5b-368efe5115c1","local_time":"20190315233134","is_ascension_mode":true,"campfire_choices":[{"data":"Armaments","floor":7.0,"key":"SMITH"},{"floor":11.0,"key":"REST"},{"floor":13.0,"key":"REST"},{"floor":15.0,"key":"REST"}],"neow_cost":"TEN_PERCENT_HP_LOSS","seed_source_timestamp":0,"circlet_count":0,"master_deck":["AscendersBane","Strike_R","Strike_R","Strike_R","Strike_R","Defend_R","Defend_R","Bash","Infernal Blade","Brutality","Armaments+1","Pommel Strike","Entrench","Rupture","Shrug It Off","Whirlwind","Feed","Warcry+1","Uppercut","Ghostly","Ghostly","Ghostly","Shrug It Off","Corruption"],"special_seed":0,"relics":["Burning Blood","Golden Idol","Blue Candle","WingedGreaves","MawBank","Ornamental Fan","Fusion Hammer","Chemical X","Bag of Preparation","The Courier"],"potions_floor_usage":[23,23,24],"damage_taken":[{"damage":11.0,"enemies":"Jaw Worm","floor":1.0,"turns":4.0},{"damage":3.0,"enemies":"Small Slimes","floor":4.0,"turns":4.0},{"damage":10.0,"enemies":"Gremlin Nob","floor":6.0,"turns":3.0},{"damage":47.0,"enemies":"3 Sentries","floor":8.0,"turns":9.0},{"damage":1.0,"enemies":"2 Louse","floor":10.0,"turns":2.0},{"damage":34.0,"enemies":"Gremlin Nob","floor":12.0,"turns":4.0},{"damage":18.0,"enemies":"Slime Boss","floor":16.0,"turns":7.0},{"damage":10,"enemies":"Spheric Guardian","floor":18,"turns":5},{"damage":22,"enemies":"Chosen","floor":19,"turns":4},{"damage":24,"enemies":"Snake Plant","floor":20,"turns":4},{"damage":24,"enemies":"Gremlin Leader","floor":23,"turns":4},{"damage":0,"enemies":"Colosseum Slavers","floor":24,"turns":1},{"damage":34,"enemies":"Colosseum Nobs","floor":24,"turns":4}],"seed_played":"6072207047540185268","potions_obtained":[{"floor":4.0,"key":"FairyPotion"},{"floor":5.0,"key":"Fire Potion"},{"floor":10.0,"key":"LiquidBronze"},{"floor":12.0,"key":"Strength Potion"},{"floor":20,"key":"SkillPotion"},{"floor":23,"key":"SteroidPotion"}],"is_trial":false,"path_per_floor":["M","?","?","M","?","E","R","E","T","M","R","E","R","$","R","B",null,"M","M","M","?","$","E","?"],"character_chosen":"IRONCLAD","items_purchased":["Chemical X","Bag of Preparation","Shrug It Off"],"campfire_rested":3,"item_purchase_floors":[22,22,22],"current_hp_per_floor":[63,63,40,43,43,39,39,11,11,16,36,8,28,28,48,36,60,59,43,25,25,25,7,0],"gold":82,"neow_bonus":"TRANSFORM_TWO_CARDS","is_prod":false,"is_daily":false,"chose_seed":false,"campfire_upgraded":1,"win_rate":0,"timestamp":1552685494,"path_taken":["M","?","?","M","?","E","R","E","T","M","R","E","R","$","R","BOSS","M","?","M","?","$","E","?"],"build_version":"2019-02-06","purchased_purges":0,"victory":false,"max_hp_per_floor":[68,68,68,68,68,68,68,68,68,68,68,68,68,68,68,68,68,71,71,71,35,35,35,38],"card_choices":[{"not_picked":["Iron Wave","Sever Soul"],"picked":"Armaments","floor":1.0},{"not_picked":["Cleave","Fire Breathing"],"picked":"Pommel Strike","floor":4.0},{"not_picked":["Iron Wave","Cleave"],"picked":"Entrench","floor":6.0},{"not_picked":["Wild Strike","Warcry"],"picked":"Rupture","floor":8.0},{"not_picked":["Burning Pact","Headbutt"],"picked":"Shrug It Off","floor":10.0},{"not_picked":["Impervious","Heavy Blade"],"picked":"Whirlwind","floor":12.0},{"not_picked":["Bludgeon","Brutality"],"picked":"Feed","floor":16.0},{"not_picked":["Twin Strike","Thunderclap","Sentinel"],"picked":"SKIP","floor":18},{"not_picked":["Cleave","Heavy Blade"],"picked":"Warcry+1","floor":19},{"not_picked":["Feel No Pain+1","Havoc+1"],"picked":"Uppercut","floor":20},{"not_picked":["Cleave","Evolve"],"picked":"Corruption","floor":23}],"player_experience":686843,"relics_obtained":[{"floor":6.0,"key":"Blue Candle"},{"floor":8.0,"key":"WingedGreaves"},{"floor":9.0,"key":"MawBank"},{"floor":12.0,"key":"Ornamental Fan"},{"floor":23,"key":"The Courier"}],"event_choices":[{"cards_removed":["Defend_R"],"damage_healed":0.0,"max_hp_gain":0.0,"max_hp_loss":0.0,"gold_gain":0.0,"event_name":"The Cleric","player_choice":"Card Removal","floor":2.0,"gold_loss":75.0,"damage_taken":0.0},{"damage_healed":0.0,"max_hp_gain":0.0,"max_hp_loss":0.0,"gold_gain":0.0,"event_name":"Golden Idol","player_choice":"Take Damage","floor":3.0,"gold_loss":0.0,"damage_taken":23.0,"relics_obtained":["Golden Idol"]},{"damage_healed":0.0,"max_hp_gain":0.0,"max_hp_loss":0.0,"gold_gain":0.0,"event_name":"The Woman in Blue","player_choice":"Bought 2 Potions","floor":5.0,"gold_loss":0.0,"damage_taken":0.0},{"damage_healed":0,"gold_gain":0,"player_choice":"Became a Ghost","damage_taken":0,"max_hp_gain":0,"max_hp_loss":36,"event_name":"Ghosts","floor":21,"gold_loss":0,"cards_obtained":["Ghostly","Ghostly","Ghostly"]},{"damage_healed":0,"gold_gain":0,"player_choice":"Fight","damage_taken":0,"max_hp_gain":0,"max_hp_loss":0,"event_name":"Colosseum","floor":24,"gold_loss":0},{"damage_healed":0,"gold_gain":0,"player_choice":"Fought Nobs","damage_taken":0,"max_hp_gain":0,"max_hp_loss":0,"event_name":"Colosseum","floor":24,"gold_loss":0}],"is_beta":true,"boss_relics":[{"not_picked":["Pandora\u0027s Box","Coffee Dripper"],"picked":"Fusion Hammer"}],"items_purged_floors":[],"is_endless":false,"potions_floor_spawned":[4,10,12,19,20,23],"killed_by":"Colosseum Nobs","ascension_level":20}