{"gold_per_floor":[109,34,52,64,64,64,94,94,119,119,139,139],"floor_reached":12,"playtime":343,"items_purged":["Strike_R"],"score":156,"play_id":"6261bb5f-fabf-472e-891d-51a033c634ff","local_time":"20190312210854","is_ascension_mode":true,"campfire_choices":[{"data":"Flex","floor":6,"key":"SMITH"},{"floor":8,"key":"REST"},{"floor":10,"key":"REST"}],"neow_cost":"NONE","seed_source_timestamp":506925036410652,"circlet_count":0,"master_deck":["AscendersBane","Strike_R","Strike_R","Strike_R","Strike_R","Defend_R","Defend_R","Defend_R","Defend_R","Bash","Cleave","Flex+1","Second Wind","Clash","Impervious"],"relics":["Burning Blood","NeowsBlessing","Orichalcum","Strawberry"],"potions_floor_usage":[11],"damage_taken":[{"damage":0,"enemies":"Cultist","floor":1,"turns":1},{"damage":0,"enemies":"Small Slimes","floor":3,"turns":2},{"damage":0,"enemies":"2 Louse","floor":4,"turns":1},{"damage":69,"enemies":"Lagavulin","floor":7,"turns":7},{"damage":21,"enemies":"Gremlin Gang","floor":11,"turns":3},{"damage":47,"enemies":"3 Sentries","floor":12,"turns":6}],"seed_played":"-5801376894462972616","potions_obtained":[{"floor":7,"key":"Swift Potion"}],"is_trial":false,"path_per_floor":["M","$","M","M","?","R","E","R","T","R","M","E"],"character_chosen":"IRONCLAD","items_purchased":[],"campfire_rested":2,"item_purchase_floors":[],"current_hp_per_floor":[74,74,75,75,71,71,8,30,37,61,46,0],"gold":139,"neow_bonus":"THREE_ENEMY_KILL","is_prod":false,"is_daily":false,"chose_seed":false,"campfire_upgraded":1,"win_rate":0,"timestamp":1552446534,"path_taken":["M","$","M","?","?","R","E","R","T","R","?","E"],"build_version":"2019-01-23","purchased_purges":1,"victory":false,"max_hp_per_floor":[75,75,75,75,75,75,75,75,82,82,82,82],"card_choices":[{"not_picked":["Wild Strike","Burning Pact"],"picked":"Cleave","floor":1},{"not_picked":["Headbutt","Armaments"],"picked":"Flex","floor":3},{"not_picked":["Anger","Wild Strike"],"picked":"Second Wind","floor":4},{"not_picked":["Sword Boomerang","Havoc"],"picked":"Clash","floor":7},{"not_picked":["Sword Boomerang","Shrug It Off"],"picked":"Impervious","floor":11}],"player_experience":1408778,"relics_obtained":[{"floor":7,"key":"Orichalcum"},{"floor":9,"key":"Strawberry"}],"event_choices":[{"damage_healed":0,"gold_gain":0,"player_choice":"Bought 0 Potions","damage_taken":0,"max_hp_gain":0,"max_hp_loss":0,"event_name":"The Woman in Blue","floor":5,"gold_loss":0}],"is_beta":false,"boss_relics":[],"items_purged_floors":[2],"is_endless":false,"potions_floor_spawned":[7],"killed_by":"3 Sentries","ascension_level":20}