{"gold_per_floor":[112,112,127,140,160,192,192,192],"floor_reached":8,"playtime":1134,"items_purged":[],"score":84,"play_id":"6d5f96af-d80c-4d90-b14a-50619a94283e","local_time":"20190126155259","is_ascension_mode":true,"campfire_choices":[{"data":"Wraith Form v2","floor":7,"key":"SMITH"}],"neow_cost":"NONE","seed_source_timestamp":8800337863594,"circlet_count":0,"master_deck":["Defend_G","Defend_G","Defend_G","Defend_G","Defend_G","Strike_G","Strike_G","Strike_G","Strike_G","Strike_G","Survivor","Neutralize","Venomology","Terror","Escape Plan","Jack Of All Trades","Prepared","Backstab","Wraith Form v2+1","Storm of Steel"],"relics":["Ring of the Snake","Juzu Bracelet"],"potions_floor_usage":[4,5,5,6],"damage_taken":[{"damage":8,"enemies":"Jaw Worm","floor":1,"turns":7},{"damage":0,"enemies":"Cultist","floor":3,"turns":4},{"damage":0,"enemies":"2 Louse","floor":4,"turns":3},{"damage":10,"enemies":"Gremlin Gang","floor":5,"turns":7},{"damage":2,"enemies":"Gremlin Nob","floor":6,"turns":4},{"damage":32,"enemies":"3 Sentries","floor":8,"turns":8}],"seed_played":"-5602219467455679649","potions_obtained":[{"floor":1,"key":"Regen Potion"},{"floor":6,"key":"LiquidBronze"}],"is_trial":false,"path_per_floor":["M","?","M","M","M","E","R","E"],"character_chosen":"THE_SILENT","items_purchased":[],"campfire_rested":0,"item_purchase_floors":[],"current_hp_per_floor":[55,55,55,55,60,58,58,26],"gold":192,"neow_bonus":"ONE_RANDOM_RARE_CARD","is_prod":false,"is_daily":false,"chose_seed":false,"campfire_upgraded":1,"win_rate":0,"timestamp":1548546779,"path_taken":["M","?","M","M","M","E","R","E"],"build_version":"2019-01-23","purchased_purges":0,"victory":false,"max_hp_per_floor":[70,70,70,70,70,70,70,70],"card_choices":[{"not_picked":["Sucker Punch","Flying Knee"],"picked":"Terror","floor":1},{"not_picked":["Choke","Deadly Poison"],"picked":"Prepared","floor":3},{"not_picked":["Cloak And Dagger","Acrobatics"],"picked":"Backstab","floor":4},{"not_picked":["Sucker Punch","Flying Knee"],"picked":"Wraith Form v2","floor":5},{"not_picked":["Choke","Flying Knee"],"picked":"Storm of Steel","floor":6}],"player_experience":319671,"relics_obtained":[{"floor":6,"key":"Juzu Bracelet"}],"event_choices":[{"damage_healed":0,"gold_gain":0,"player_choice":"2 cards matched","damage_taken":0,"max_hp_gain":0,"max_hp_loss":0,"event_name":"Match and Keep!","floor":2,"gold_loss":0,"cards_obtained":["Escape Plan","Jack Of All Trades"]}],"is_beta":false,"boss_relics":[],"items_purged_floors":[],"is_endless":false,"potions_floor_spawned":[1,6],"killed_by":"3 Sentries","ascension_level":9}