{"gold_per_floor":[113,113,113,15,29,29,61,61,61,71,84,102,102,115,115,193,193,207,180,180,180],"floor_reached":21,"playtime":955,"items_purged":[],"score":362,"play_id":"0d6942c0-f3cf-446a-9de7-66b7a6d4f6bd","local_time":"20190314195546","is_ascension_mode":true,"campfire_choices":[{"floor":6,"key":"REST"},{"floor":8,"key":"REST"},{"data":"True Grit","floor":13,"key":"SMITH"},{"data":"Mind Blast","floor":15,"key":"SMITH"}],"neow_cost":"CURSE","seed_source_timestamp":88177260683614,"circlet_count":0,"master_deck":["AscendersBane","Strike_R","Strike_R","Strike_R","Strike_R","Strike_R","Defend_R","Defend_R","Defend_R","Defend_R","Bash","Mind Blast+1","PanicButton","Pain","Thunderclap","Regret","Feel No Pain","True Grit+1","Ghostly Armor","Juggernaut","Second Wind+1","Blood for Blood","Spot Weakness+1","Headbutt","Limit Break+1","Blood for Blood","Heavy Blade","Decay"],"relics":["Burning Blood","Magic Flower","Strawberry","Toxic Egg 2","Velvet Choker"],"potions_floor_usage":[7,14,16],"damage_taken":[{"damage":32,"enemies":"Jaw Worm","floor":1,"turns":4},{"damage":7,"enemies":"2 Louse","floor":5,"turns":4},{"damage":58,"enemies":"Gremlin Nob","floor":7,"turns":5},{"damage":2,"enemies":"Small Slimes","floor":10,"turns":3},{"damage":3,"enemies":"3 Louse","floor":11,"turns":5},{"damage":14,"enemies":"2 Fungi Beasts","floor":12,"turns":3},{"damage":6,"enemies":"Lots of Slimes","floor":14,"turns":2},{"damage":32,"enemies":"Slime Boss","floor":16,"turns":9},{"damage":35,"enemies":"Spheric Guardian","floor":18,"turns":6},{"damage":29,"enemies":"2 Thieves","floor":19,"turns":4},{"damage":25,"enemies":"Shelled Parasite and Fungi","floor":21,"turns":1}],"seed_played":"4339608101180030957","potions_obtained":[{"floor":1,"key":"SteroidPotion"},{"floor":5,"key":"Explosive Potion"},{"floor":11,"key":"Block Potion"},{"floor":19,"key":"Strength Potion"}],"is_trial":false,"path_per_floor":["M","?","?","$","M","R","E","R","T","M","M","M","R","M","R","B",null,"M","M","?","M"],"character_chosen":"IRONCLAD","items_purchased":["Feel No Pain","True Grit"],"campfire_rested":2,"item_purchase_floors":[4,4],"current_hp_per_floor":[42,42,42,42,44,66,24,48,48,55,61,56,56,59,59,36,71,45,25,25,0],"gold":180,"neow_bonus":"RANDOM_COLORLESS_2","is_prod":false,"is_daily":false,"chose_seed":false,"campfire_upgraded":2,"win_rate":0,"timestamp":1552614946,"path_taken":["M","?","?","$","M","R","E","R","T","M","M","M","R","M","R","BOSS","M","M","?","M"],"build_version":"2019-01-23","purchased_purges":0,"victory":false,"max_hp_per_floor":[75,75,75,75,75,75,82,82,82,82,82,82,82,82,82,82,82,82,82,82,82],"card_choices":[{"not_picked":["Flex","Armaments"],"picked":"Thunderclap","floor":1},{"not_picked":["Clash","True Grit"],"picked":"Ghostly Armor","floor":5},{"not_picked":["Flex","Heavy Blade"],"picked":"Juggernaut","floor":7},{"not_picked":["Pommel Strike","Whirlwind"],"picked":"Second Wind+1","floor":10},{"not_picked":["Body Slam","Clash"],"picked":"Blood for Blood","floor":11},{"not_picked":["Sever Soul","Body Slam"],"picked":"Spot Weakness+1","floor":12},{"not_picked":["Twin Strike","Clothesline"],"picked":"Headbutt","floor":14},{"not_picked":["Demon Form","Impervious+1"],"picked":"Limit Break+1","floor":16},{"not_picked":["Cleave","Warcry+1"],"picked":"Blood for Blood","floor":18},{"not_picked":["Spot Weakness+1","True Grit+1"],"picked":"Heavy Blade","floor":19}],"player_experience":1427447,"relics_obtained":[{"floor":7,"key":"Strawberry"},{"floor":9,"key":"Toxic Egg 2"}],"event_choices":[{"damage_healed":0,"gold_gain":0,"player_choice":"Ignored","damage_taken":0,"max_hp_gain":0,"max_hp_loss":0,"event_name":"Shining Light","floor":2,"gold_loss":0},{"damage_healed":0,"gold_gain":0,"player_choice":"Box","damage_taken":0,"relics_obtained":["Magic Flower"],"max_hp_gain":0,"max_hp_loss":0,"event_name":"Big Fish","floor":3,"gold_loss":0,"cards_obtained":["Regret"]},{"damage_healed":0,"gold_gain":0,"player_choice":"Smashed Altar","damage_taken":0,"max_hp_gain":0,"max_hp_loss":0,"event_name":"Forgotten Altar","floor":20,"gold_loss":0,"cards_obtained":["Decay"]}],"is_beta":false,"boss_relics":[{"not_picked":["Black Blood","White Beast Statue"],"picked":"Velvet Choker"}],"items_purged_floors":[],"is_endless":false,"potions_floor_spawned":[1,5,11,19],"killed_by":"Shelled Parasite and Fungi","ascension_level":20}