{"gold_per_floor":[118,137,137,287,64,64,98,98,123,123,147,147,182,202,202,202],"floor_reached":16,"playtime":457,"items_purged":[],"score":262,"play_id":"17d6fd40-48e2-4582-9d8d-73ecccd132b2","local_time":"20190314202436","is_ascension_mode":true,"campfire_choices":[{"data":"Second Wind","floor":6,"key":"SMITH"},{"data":"Cleave","floor":8,"key":"SMITH"},{"data":"Bash","floor":10,"key":"SMITH"},{"data":"Shrug It Off","floor":12,"key":"SMITH"},{"data":"Entrench","floor":15,"key":"SMITH"}],"neow_cost":"NONE","seed_source_timestamp":90406736822393,"circlet_count":0,"master_deck":["AscendersBane","Strike_R","Strike_R+1","Strike_R+1","Strike_R","Strike_R","Defend_R","Defend_R","Defend_R","Defend_R","Bash+1","Second Wind+1","Shrug It Off+1","Injury","Doubt","Cleave+1","Entrench+1","Rage"],"relics":["Burning Blood","NeowsBlessing","Golden Idol","ClockworkSouvenir","Lantern","Blood Vial","Whetstone","Regal Pillow"],"potions_floor_usage":[],"damage_taken":[{"damage":0,"enemies":"2 Louse","floor":1,"turns":1},{"damage":0,"enemies":"Small Slimes","floor":2,"turns":1},{"damage":0,"enemies":"Gremlin Nob","floor":7,"turns":1},{"damage":30,"enemies":"3 Sentries","floor":13,"turns":9},{"damage":3,"enemies":"Jaw Worm","floor":14,"turns":4},{"damage":58,"enemies":"Hexaghost","floor":16,"turns":9}],"seed_played":"7694413550651852120","potions_obtained":[],"is_trial":false,"path_per_floor":["M","M","?","?","$","R","E","R","T","R","T","R","E","M","R","B"],"character_chosen":"IRONCLAD","items_purchased":["ClockworkSouvenir"],"campfire_rested":0,"item_purchase_floors":[5],"current_hp_per_floor":[74,75,75,75,75,75,75,75,75,75,75,75,51,56,56,0],"gold":202,"neow_bonus":"THREE_ENEMY_KILL","is_prod":false,"is_daily":false,"chose_seed":false,"campfire_upgraded":5,"win_rate":0,"timestamp":1552616676,"path_taken":["M","M","?","?","$","R","E","R","T","R","?","R","E","M","R","BOSS"],"build_version":"2019-01-23","purchased_purges":0,"victory":false,"max_hp_per_floor":[75,75,75,75,75,75,75,75,75,75,75,75,75,75,75,75],"card_choices":[{"not_picked":["Body Slam","Spot Weakness"],"picked":"Second Wind","floor":1},{"not_picked":["Rage","Searing Blow"],"picked":"Shrug It Off","floor":2},{"not_picked":["Anger","Fire Breathing"],"picked":"Cleave","floor":7},{"not_picked":["Shockwave","Thunderclap"],"picked":"Entrench","floor":13},{"not_picked":["Perfected Strike","Clothesline"],"picked":"Rage","floor":14}],"player_experience":1429644,"relics_obtained":[{"floor":7,"key":"Lantern"},{"floor":9,"key":"Blood Vial"},{"floor":11,"key":"Whetstone"},{"floor":13,"key":"Regal Pillow"}],"event_choices":[{"damage_healed":0,"gold_gain":0,"player_choice":"Take Wound","damage_taken":0,"relics_obtained":["Golden Idol"],"max_hp_gain":0,"max_hp_loss":0,"event_name":"Golden Idol","floor":3,"gold_loss":0,"cards_obtained":["Injury"]},{"damage_healed":0,"gold_gain":150,"player_choice":"AGREE","damage_taken":0,"max_hp_gain":0,"max_hp_loss":0,"event_name":"Liars Game","floor":4,"gold_loss":0,"cards_obtained":["Doubt"]}],"is_beta":false,"boss_relics":[],"items_purged_floors":[],"is_endless":false,"potions_floor_spawned":[],"killed_by":"Hexaghost","ascension_level":20}