{"gold_per_floor":[114,127,142,317,317,317,343,355,355,355,368,368,378,403,403,506,506,522,522,621,632,339,339,339],"floor_reached":24,"playtime":953,"items_purged":["Doubt"],"score":206,"play_id":"a4033a09-d629-444e-aea3-5e86ad6de414","local_time":"20190102092715","is_ascension_mode":false,"campfire_choices":[{"data":"Zap","floor":6,"key":"SMITH"},{"floor":12,"key":"REST"},{"floor":15,"key":"REST"},{"floor":23,"key":"REST"}],"neow_cost":"TEN_PERCENT_HP_LOSS","seed_source_timestamp":1089486287067590,"circlet_count":0,"master_deck":["Strike_B","Strike_B","Strike_B","Defend_B","Defend_B","Defend_B","Zap+1","Dualcast+1","All For One","Beam Cell","Streamline","Turbo","Buffer","Steam Power","Go for the Eyes","Defragment","Gash+1","Rip and Tear+1","Conserve Battery+1","Fusion","Core Surge+1","Sunder+1"],"relics":["Cracked Core","Omamori","Potion Belt","Peace Pipe","Molten Egg 2","Astrolabe","Vajra"],"potions_floor_usage":[7,8,14,21],"damage_taken":[{"damage":1,"enemies":"Cultist","floor":1,"turns":3},{"damage":0,"enemies":"2 Louse","floor":2,"turns":3},{"damage":10,"enemies":"Jaw Worm","floor":3,"turns":4},{"damage":26,"enemies":"Lagavulin","floor":7,"turns":4},{"damage":0,"enemies":"Large Slime","floor":8,"turns":4},{"damage":14,"enemies":"Exordium Thugs","floor":11,"turns":4},{"damage":1,"enemies":"Exordium Wildlife","floor":13,"turns":2},{"damage":16,"enemies":"3 Sentries","floor":14,"turns":5},{"damage":38,"enemies":"Hexaghost","floor":16,"turns":9},{"damage":23,"enemies":"Shell Parasite","floor":18,"turns":6},{"damage":10,"enemies":"Chosen","floor":21,"turns":2},{"damage":22,"enemies":"Colosseum Slavers","floor":24,"turns":4},{"damage":44,"enemies":"Colosseum Nobs","floor":24,"turns":3}],"seed_played":"5450730946154118832","potions_obtained":[{"floor":2,"key":"AttackPotion"},{"floor":7,"key":"Fire Potion"},{"floor":11,"key":"SteroidPotion"},{"floor":16,"key":"Ancient Potion"},{"floor":18,"key":"SteroidPotion"}],"is_trial":false,"path_per_floor":["M","M","M","?","T","R","E","M","T","?","M","R","M","E","R","B",null,"M","?","?","M","$","R","?"],"character_chosen":"DEFECT","items_purchased":["Sunder+1","Vajra"],"campfire_rested":3,"item_purchase_floors":[22,22],"current_hp_per_floor":[67,67,57,57,57,57,31,31,31,31,17,37,36,20,40,2,68,45,45,45,35,35,55,0],"gold":339,"neow_bonus":"THREE_RARE_CARDS","is_prod":false,"is_daily":false,"chose_seed":false,"campfire_upgraded":1,"win_rate":0,"timestamp":1546388835,"path_taken":["M","?","M","?","?","R","E","M","T","?","M","R","?","E","R","BOSS","M","?","?","M","$","R","?"],"build_version":"2018-12-20","purchased_purges":1,"victory":false,"max_hp_per_floor":[68,68,68,68,68,68,68,68,68,68,68,68,68,68,68,68,68,68,68,68,68,68,68,68],"card_choices":[{"not_picked":["Fission","Buffer"],"picked":"All For One","floor":0},{"not_picked":["Hologram","Cold Snap"],"picked":"Beam Cell","floor":1},{"not_picked":["Rip and Tear","Stack"],"picked":"Streamline","floor":2},{"not_picked":["Barrage","Chaos"],"picked":"Turbo","floor":3},{"not_picked":["Tempest","Leap"],"picked":"Buffer","floor":7},{"not_picked":["Sweeping Beam","Heatsinks"],"picked":"Steam Power","floor":8},{"not_picked":["Gash","Cold Snap"],"picked":"Go for the Eyes","floor":11},{"not_picked":["Seek","Hologram"],"picked":"Defragment","floor":13},{"not_picked":["Leap","Cold Snap"],"picked":"Gash","floor":14},{"not_picked":["Thunder Strike+1","Creative AI"],"picked":"Amplify","floor":16},{"not_picked":["Doom and Gloom+1","Compile Driver+1"],"picked":"Conserve Battery+1","floor":18},{"not_picked":["Barrage+1","Undo","Turbo+1"],"picked":"SKIP","floor":21}],"player_experience":313200,"relics_obtained":[{"floor":5,"key":"Omamori"},{"floor":7,"key":"Potion Belt"},{"floor":9,"key":"Peace Pipe"},{"floor":14,"key":"Molten Egg 2"}],"event_choices":[{"damage_healed":0,"gold_gain":175,"player_choice":"AGREE","damage_taken":0,"max_hp_gain":0,"max_hp_loss":0,"event_name":"Liars Game","floor":4,"gold_loss":0,"cards_obtained":["Doubt"]},{"damage_healed":0,"gold_gain":0,"player_choice":"Forge","damage_taken":0,"max_hp_gain":0,"max_hp_loss":0,"event_name":"Accursed Blacksmith","floor":10,"gold_loss":0,"cards_upgraded":["Dualcast"]},{"damage_healed":0,"gold_gain":0,"cards_transformed":["Electrodynamics","Coolheaded"],"player_choice":"Became Test Subject","damage_taken":0,"max_hp_gain":0,"max_hp_loss":0,"event_name":"Drug Dealer","floor":19,"gold_loss":0,"cards_obtained":["Fusion","Core Surge"]},{"damage_healed":0,"gold_gain":99,"player_choice":"Stole From Cult","damage_taken":0,"max_hp_gain":0,"max_hp_loss":0,"event_name":"Nest","floor":20,"gold_loss":0},{"damage_healed":0,"gold_gain":0,"player_choice":"Fight","damage_taken":0,"max_hp_gain":0,"max_hp_loss":0,"event_name":"Colosseum","floor":24,"gold_loss":0},{"damage_healed":0,"gold_gain":0,"player_choice":"Fought Nobs","damage_taken":0,"max_hp_gain":0,"max_hp_loss":0,"event_name":"Colosseum","floor":24,"gold_loss":0}],"is_beta":false,"boss_relics":[{"not_picked":["Ectoplasm","Tiny House"],"picked":"Astrolabe"}],"items_purged_floors":[22],"is_endless":false,"potions_floor_spawned":[2,7,11,16,18],"killed_by":"Colosseum Nobs","ascension_level":0}