{"gold_per_floor":[117,117,117,132,152,152,163,177,177,177,209,209,221,232,232,232],"floor_reached":16,"playtime":650,"items_purged":[],"score":182,"play_id":"6d0b76aa-ba1d-46ba-8fc9-8a58c3d7566e","local_time":"20190224211545","is_ascension_mode":true,"campfire_choices":[{"floor":6,"key":"REST"},{"data":"Grand Finale","floor":12,"key":"SMITH"},{"floor":15,"key":"REST"}],"neow_cost":"NONE","seed_source_timestamp":852638087041132,"circlet_count":0,"master_deck":["AscendersBane","Defend_G","Defend_G","Defend_G","Defend_G","Defend_G","Strike_G","Strike_G","Strike_G","Strike_G+1","Survivor","Neutralize","Dodge and Roll+1","Backstab","Deadly Poison","Acrobatics","Grand Finale+1","Backflip","Acrobatics","Dagger Throw","Blur"],"relics":["Ring of the Snake","NeowsBlessing","Question Card","Dream Catcher"],"potions_floor_usage":[11,16,16],"damage_taken":[{"damage":0,"enemies":"2 Louse","floor":1,"turns":1},{"damage":0,"enemies":"Small Slimes","floor":4,"turns":1},{"damage":0,"enemies":"Cultist","floor":5,"turns":1},{"damage":8,"enemies":"Exordium Wildlife","floor":7,"turns":7},{"damage":2,"enemies":"2 Fungi Beasts","floor":8,"turns":4},{"damage":14,"enemies":"Lagavulin","floor":11,"turns":4},{"damage":4,"enemies":"Looter","floor":13,"turns":4},{"damage":6,"enemies":"Blue Slaver","floor":14,"turns":4},{"damage":54,"enemies":"Hexaghost","floor":16,"turns":14}],"seed_played":"-2436735916754375298","potions_obtained":[{"floor":7,"key":"SkillPotion"},{"floor":8,"key":"GamblersBrew"},{"floor":13,"key":"AttackPotion"}],"is_trial":false,"path_per_floor":["M","?","?","M","M","R","M","M","T","?","E","R","M","M","R","B"],"character_chosen":"THE_SILENT","items_purchased":[],"campfire_rested":2,"item_purchase_floors":[],"current_hp_per_floor":[59,39,39,39,39,58,50,48,48,53,39,39,35,29,50,0],"gold":232,"neow_bonus":"THREE_ENEMY_KILL","is_prod":false,"is_daily":false,"chose_seed":false,"campfire_upgraded":1,"win_rate":0,"timestamp":1551064545,"path_taken":["M","?","?","M","M","R","?","M","T","?","E","R","M","M","R","BOSS"],"build_version":"2019-01-23","purchased_purges":0,"victory":false,"max_hp_per_floor":[66,66,66,66,66,66,66,66,66,71,71,71,71,71,71,71],"card_choices":[{"not_picked":["Quick Slash","Deflect"],"picked":"Dodge and Roll","floor":1},{"not_picked":["Dodge and Roll","Bane"],"picked":"Backstab","floor":4},{"not_picked":["Flying Knee","Quick Slash"],"picked":"Deadly Poison","floor":5},{"not_picked":["Underhanded Strike","Blade Dance"],"picked":"Acrobatics","floor":7},{"not_picked":["Deadly Poison","Riddle With Holes"],"picked":"Grand Finale","floor":8},{"not_picked":["PiercingWail","Dagger Spray","Slice"],"picked":"Backflip","floor":11},{"not_picked":["Escape Plan","Unload","Heel Hook"],"picked":"Acrobatics","floor":13},{"not_picked":["Noxious Fumes","PiercingWail","Outmaneuver"],"picked":"Dagger Throw","floor":14},{"not_picked":["Prepared","PiercingWail","Underhanded Strike"],"picked":"Blur","floor":15}],"player_experience":600353,"relics_obtained":[{"floor":9,"key":"Question Card"},{"floor":11,"key":"Dream Catcher"}],"event_choices":[{"damage_healed":0,"gold_gain":0,"player_choice":"Entered Light","damage_taken":20,"max_hp_gain":0,"max_hp_loss":0,"event_name":"Shining Light","floor":2,"gold_loss":0,"cards_upgraded":["Dodge and Roll","Strike_G"]},{"cards_removed":["Strike_G"],"damage_healed":0,"gold_gain":0,"player_choice":"Purged","damage_taken":0,"max_hp_gain":0,"max_hp_loss":0,"event_name":"Purifier","floor":3,"gold_loss":0},{"damage_healed":0,"gold_gain":0,"player_choice":"Donut","damage_taken":0,"max_hp_gain":5,"max_hp_loss":0,"event_name":"Big Fish","floor":10,"gold_loss":0}],"is_beta":false,"boss_relics":[],"items_purged_floors":[],"is_endless":false,"potions_floor_spawned":[7,8,13],"killed_by":"Hexaghost","ascension_level":15}