{"gold_per_floor":[110,110,110,110,123,151,171,205,232,245,255,55,86,99,99,197,197,212,231,250,129,146,146,172,188,259,259,184,184,184,200,200,298,298,315,330,430,446,466,496,515,528,528,546,546,558,574,303,303,303,303,303,36,61,61],"floor_reached":55,"playtime":5969,"items_purged":["Strike_B","Defend_B","Self Repair","Multi-Cast+1"],"score":722,"play_id":"cf22fe64-3489-4b9a-9ac9-75b23c1fc63d","local_time":"20190130141509","is_ascension_mode":false,"campfire_choices":[{"data":"Zap","floor":15.0,"key":"SMITH"},{"data":"Buffer","floor":23.0,"key":"SMITH"},{"floor":29.0,"key":"RECALL"},{"data":"Chill","floor":32.0,"key":"SMITH"},{"data":"Electrodynamics","floor":45,"key":"SMITH"},{"data":"Secret Weapon","floor":49,"key":"SMITH"},{"data":"Steam Power","floor":52,"key":"SMITH"}],"neow_cost":"NONE","seed_source_timestamp":0,"circlet_count":0,"master_deck":["Defend_B+1","Zap+1","Dualcast+1","Ball Lightning","Rebound+1","Rebound+1","Go for the Eyes+1","Go for the Eyes+1","Steam Power+1","Barrage+1","Reprogram+1","Buffer+1","Heatsinks+1","Streamline+1","Gash+1","Compile Driver+1","Compile Driver+1","Chill+1","White Noise+1","Compile Driver+1","Electrodynamics+1","Beam Cell+1","Scrape+1","Scrape+1","Gash+1","Chill","Secret Weapon+1","Chrysalis+1","Streamline+1"],"special_seed":0,"relics":["Cracked Core","NeowsBlessing","Molten Egg 2","Bag of Marbles","Thread and Needle","Smiling Mask","Vajra","Happy Flower","Astrolabe","PreservedInsect","MutagenicStrength","Eternal Feather","FossilizedHelix","Oddly Smooth Stone","Orichalcum","War Paint"],"potions_floor_usage":[33,33,35,40,40,46,50,50,54],"damage_taken":[{"damage":0.0,"enemies":"Jaw Worm","floor":1.0,"turns":1.0},{"damage":0.0,"enemies":"Small Slimes","floor":5.0,"turns":1.0},{"damage":0.0,"enemies":"Gremlin Nob","floor":6.0,"turns":1.0},{"damage":0.0,"enemies":"Cultist","floor":7.0,"turns":2.0},{"damage":7.0,"enemies":"Lagavulin","floor":8.0,"turns":5.0},{"damage":0.0,"enemies":"Blue Slaver","floor":10.0,"turns":2.0},{"damage":0.0,"enemies":"2 Fungi Beasts","floor":11.0,"turns":2.0},{"damage":1.0,"enemies":"3 Sentries","floor":13.0,"turns":4.0},{"damage":3.0,"enemies":"3 Louse","floor":14.0,"turns":2.0},{"damage":34.0,"enemies":"Hexaghost","floor":16.0,"turns":7.0},{"damage":4.0,"enemies":"Shell Parasite","floor":18.0,"turns":3.0},{"damage":10.0,"enemies":"2 Thieves","floor":19.0,"turns":3.0},{"damage":5.0,"enemies":"3 Cultists","floor":20.0,"turns":4.0},{"damage":8.0,"enemies":"Centurion and Healer","floor":22.0,"turns":4.0},{"damage":19.0,"enemies":"Slavers","floor":24.0,"turns":5.0},{"damage":6.0,"enemies":"Sentry and Sphere","floor":25.0,"turns":3.0},{"damage":0.0,"enemies":"3 Cultists","floor":31.0,"turns":4.0},{"damage":39,"enemies":"Automaton","floor":33,"turns":7},{"damage":0,"enemies":"3 Shapes","floor":35,"turns":3},{"damage":0,"enemies":"3 Darklings","floor":36,"turns":3},{"damage":29,"enemies":"Mind Bloom Boss Battle","floor":37,"turns":5},{"damage":0,"enemies":"Sphere and 2 Shapes","floor":38,"turns":4},{"damage":0,"enemies":"Transient","floor":39,"turns":5},{"damage":2,"enemies":"Giant Head","floor":40,"turns":6},{"damage":22,"enemies":"3 Darklings","floor":41,"turns":4},{"damage":9,"enemies":"Writhing Mass","floor":42,"turns":4},{"damage":0,"enemies":"Jaw Worm Horde","floor":44,"turns":4},{"damage":10,"enemies":"Maw","floor":46,"turns":7},{"damage":0,"enemies":"Sphere and 2 Shapes","floor":47,"turns":3},{"damage":42,"enemies":"Donu and Deca","floor":50,"turns":8},{"damage":34,"enemies":"Shield and Spear","floor":54,"turns":6},{"damage":53,"enemies":"The Heart","floor":55,"turns":2}],"seed_played":"8963176842120516148","potions_obtained":[{"floor":1.0,"key":"SkillPotion"},{"floor":5.0,"key":"Energy Potion"},{"floor":8.0,"key":"SpeedPotion"},{"floor":10.0,"key":"EssenceOfSteel"},{"floor":22.0,"key":"SteroidPotion"},{"floor":25.0,"key":"Regen Potion"},{"floor":33,"key":"Swift Potion"},{"floor":35,"key":"Dexterity Potion"},{"floor":37,"key":"EssenceOfSteel"},{"floor":39,"key":"Poison Potion"},{"floor":42,"key":"FearPotion"},{"floor":54,"key":"Fire Potion"}],"is_trial":false,"path_per_floor":["M","?","T","?","M","E","M","E","T","M","M","$","E","M","R","B",null,"M","M","M","$","M","R","E","M","T","?","?","R","?","M","R","B",null,"M","M","?","M","M","E","M","M","T","M","R","M","M","$","R","B",null,"R","$","E","B"],"character_chosen":"DEFECT","items_purchased":["Vajra","Self Repair","Weak Potion","Secret Weapon","Block Potion","Chrysalis"],"campfire_rested":0,"item_purchase_floors":[12,21,48,48,53,53],"current_hp_per_floor":[75,60,60,60,60,60,60,53,53,53,53,53,52,49,49,15,75,71,61,56,56,55,55,43,44,44,44,44,44,44,51,51,34,75,75,75,53,53,53,58,43,41,41,48,63,60,67,67,75,33,75,75,75,41,0],"gold":61,"neow_bonus":"THREE_ENEMY_KILL","is_prod":false,"is_daily":false,"chose_seed":false,"campfire_upgraded":6,"win_rate":0,"timestamp":1548875709,"path_taken":["M","?","?","?","M","E","M","E","T","M","M","$","E","M","R","BOSS","M","M","M","$","M","R","E","?","T","?","?","R","?","M","R","BOSS","M","M","?","M","M","E","M","M","T","M","R","M","M","$","R","BOSS","R","$","E","BOSS"],"build_version":"2019-01-23","purchased_purges":4,"victory":false,"max_hp_per_floor":[75,75,75,75,75,75,75,75,75,75,75,75,75,75,75,75,75,75,75,75,75,75,75,75,75,75,75,75,75,75,75,75,75,75,75,75,75,75,75,75,75,75,75,75,75,75,75,75,75,75,75,75,75,75,75],"card_choices":[{"not_picked":["Force Field","Fusion"],"picked":"Ball Lightning","floor":1.0},{"not_picked":["Redo","Recycle"],"picked":"Rebound+1","floor":5.0},{"not_picked":["Double Energy","Leap"],"picked":"Rebound+1","floor":6.0},{"not_picked":["Steam","Stack","Tempest"],"picked":"SKIP","floor":7.0},{"not_picked":["Conserve Battery","Meteor Strike+1"],"picked":"Go for the Eyes+1","floor":8.0},{"not_picked":["Rip and Tear+1","Barrage+1"],"picked":"Go for the Eyes+1","floor":10.0},{"not_picked":["Conserve Battery","Fusion"],"picked":"Steam Power","floor":11.0},{"not_picked":["Echo Form","Chaos"],"picked":"Barrage+1","floor":13.0},{"not_picked":["Genetic Algorithm","Doom and Gloom+1"],"picked":"Reprogram","floor":14.0},{"not_picked":["Thunder Strike+1","Meteor Strike+1"],"picked":"Buffer","floor":16.0},{"not_picked":["Darkness","Lockon+1","Glacier"],"picked":"SKIP","floor":18.0},{"not_picked":["BootSequence","Rebound+1"],"picked":"Gash+1","floor":19.0},{"not_picked":["Ball Lightning+1","Steam+1"],"picked":"Compile Driver+1","floor":20.0},{"not_picked":["Sweeping Beam+1","Steam"],"picked":"Compile Driver+1","floor":22.0},{"not_picked":["Consume","Steam"],"picked":"Chill","floor":24.0},{"not_picked":["Genetic Algorithm+1","Coolheaded"],"picked":"White Noise+1","floor":25.0},{"not_picked":["Redo","Tempest+1"],"picked":"Compile Driver+1","floor":31.0},{"not_picked":["Core Surge+1","Rainbow"],"picked":"Electrodynamics","floor":33},{"not_picked":["Turbo","Go for the Eyes+1"],"picked":"Beam Cell+1","floor":35},{"not_picked":["Compile Driver+1","Turbo","Cold Snap+1"],"picked":"SKIP","floor":36},{"not_picked":["Beam Cell+1","Barrage+1"],"picked":"Scrape+1","floor":37},{"not_picked":["Skim+1","Rip and Tear+1","Streamline+1"],"picked":"SKIP","floor":38},{"not_picked":["Go for the Eyes+1","Lockon+1"],"picked":"Scrape+1","floor":39},{"not_picked":["Go for the Eyes+1","Coolheaded"],"picked":"Gash+1","floor":40},{"not_picked":["Streamline+1","Chaos","Conserve Battery+1"],"picked":"SKIP","floor":41},{"not_picked":["Static Discharge","Machine Learning"],"picked":"Chill","floor":42},{"not_picked":["Ball Lightning+1","Redo","Stack"],"picked":"SKIP","floor":44},{"not_picked":["Undo+1","Turbo+1","Rebound+1"],"picked":"SKIP","floor":46},{"not_picked":["Reprogram+1","Streamline+1","Blizzard+1"],"picked":"SKIP","floor":47},{"not_picked":["Cold Snap+1","Hologram"],"picked":"Streamline+1","floor":54}],"player_experience":94482,"relics_obtained":[{"floor":3.0,"key":"Molten Egg 2"},{"floor":6.0,"key":"Bag of Marbles"},{"floor":8.0,"key":"Thread and Needle"},{"floor":9.0,"key":"Smiling Mask"},{"floor":13.0,"key":"Happy Flower"},{"floor":24.0,"key":"PreservedInsect"},{"floor":37,"key":"FossilizedHelix"},{"floor":40,"key":"Oddly Smooth Stone"},{"floor":43,"key":"Orichalcum"},{"floor":54,"key":"War Paint"}],"event_choices":[{"damage_healed":0.0,"max_hp_gain":0.0,"max_hp_loss":0.0,"gold_gain":0.0,"event_name":"Shining Light","player_choice":"Entered Light","floor":2.0,"gold_loss":0.0,"damage_taken":15.0,"cards_upgraded":["Dualcast","Defend_B"]},{"cards_removed":["Strike_B"],"damage_healed":0.0,"max_hp_gain":0.0,"max_hp_loss":0.0,"gold_gain":0.0,"event_name":"Purifier","player_choice":"Purged","floor":4.0,"gold_loss":0.0,"damage_taken":0.0},{"damage_healed":0.0,"max_hp_gain":0.0,"max_hp_loss":0.0,"gold_gain":0.0,"event_name":"Drug Dealer","player_choice":"Inject Mutagens","floor":27.0,"gold_loss":0.0,"damage_taken":0.0,"relics_obtained":["MutagenicStrength"]},{"cards_removed":["Defend_B"],"damage_healed":0.0,"max_hp_gain":0.0,"max_hp_loss":0.0,"gold_gain":0.0,"event_name":"Beggar","player_choice":"Gave Gold","floor":28.0,"gold_loss":75.0,"damage_taken":0.0},{"damage_healed":0.0,"max_hp_gain":0.0,"max_hp_loss":0.0,"gold_gain":0.0,"event_name":"Vampires","player_choice":"Ignored","floor":30.0,"gold_loss":0.0,"damage_taken":0.0},{"damage_healed":0,"gold_gain":0,"player_choice":"Fight","damage_taken":0,"max_hp_gain":0,"max_hp_loss":0,"event_name":"MindBloom","floor":37,"gold_loss":0}],"is_beta":false,"boss_relics":[{"not_picked":["Runic Pyramid","Philosopher\u0027s Stone"],"picked":"Astrolabe"},{"not_picked":["Runic Dome","Calling Bell"],"picked":"Eternal Feather"}],"items_purged_floors":[12,21,48,53],"is_endless":false,"potions_floor_spawned":[1,5,8,10,22,25,33,35,37,38,39,42,54],"killed_by":"The Heart","ascension_level":0}