{"gold_per_floor":[13,25,44,44,62,62,62,62,62,76,106,116,127,145,145,247,247,267,192,202,202,212,212,212],"floor_reached":24,"playtime":803,"items_purged":["Defend_B"],"score":212,"play_id":"15280061-c624-4339-9f97-3714d6e5c67c","local_time":"20190111001806","is_ascension_mode":true,"campfire_choices":[{"data":"Zap","floor":6,"key":"SMITH"},{"data":"Conserve Battery","floor":8,"key":"SMITH"},{"floor":15,"key":"REST"},{"data":"Defragment","floor":23,"key":"SMITH"}],"neow_cost":"NO_GOLD","seed_source_timestamp":105103603311203,"circlet_count":0,"master_deck":["Strike_B","Strike_B","Defend_B","Zap+1","Dualcast","Conserve Battery+1","Coolheaded","Leap","Sunder","Hologram","Sweeping Beam","Beam Cell","Streamline","Gash","Electrodynamics","Cold Snap","Redo+1","Defragment+1","Hologram"],"relics":["Cracked Core","Shovel","Bottled Flame","Lantern","Empty Cage"],"potions_floor_usage":[11,11,16,16],"damage_taken":[{"damage":1,"enemies":"Cultist","floor":1,"turns":3},{"damage":2,"enemies":"Jaw Worm","floor":2,"turns":4},{"damage":2,"enemies":"2 Louse","floor":3,"turns":3},{"damage":5,"enemies":"Blue Slaver","floor":5,"turns":4},{"damage":7,"enemies":"Large Slime","floor":10,"turns":5},{"damage":29,"enemies":"Gremlin Nob","floor":11,"turns":5},{"damage":0,"enemies":"Lots of Slimes","floor":12,"turns":3},{"damage":1,"enemies":"Gremlin Gang","floor":13,"turns":3},{"damage":4,"enemies":"Red Slaver","floor":14,"turns":2},{"damage":22,"enemies":"Slime Boss","floor":16,"turns":7},{"damage":5,"enemies":"Chosen","floor":18,"turns":4},{"damage":0,"enemies":"3 Byrds","floor":20,"turns":2},{"damage":2,"enemies":"Cultist and Chosen","floor":22,"turns":5},{"damage":22,"enemies":"Colosseum Slavers","floor":24,"turns":3},{"damage":49,"enemies":"Colosseum Nobs","floor":24,"turns":3}],"seed_played":"-3582755206651012494","potions_obtained":[{"floor":2,"key":"FearPotion"},{"floor":10,"key":"SpeedPotion"},{"floor":11,"key":"SteroidPotion"},{"floor":13,"key":"Swift Potion"},{"floor":16,"key":"Ancient Potion"}],"is_trial":false,"path_per_floor":["M","M","M","T","M","R","$","R","T","M","E","M","M","M","R","B",null,"M","$","M","?","M","R","?"],"character_chosen":"DEFECT","items_purchased":[],"campfire_rested":1,"item_purchase_floors":[],"current_hp_per_floor":[74,72,70,70,65,65,65,65,65,58,29,29,28,24,46,24,75,70,70,70,70,68,68,0],"gold":212,"neow_bonus":"REMOVE_TWO","is_prod":false,"is_daily":false,"chose_seed":false,"campfire_upgraded":3,"win_rate":0,"timestamp":1547133486,"path_taken":["M","M","?","?","M","R","?","R","T","M","E","M","M","M","R","BOSS","M","$","?","?","M","R","?"],"build_version":"2019-01-03v4","purchased_purges":1,"victory":false,"max_hp_per_floor":[75,75,75,75,75,75,75,75,75,75,75,75,75,75,75,75,75,75,75,75,75,75,75,75],"card_choices":[{"not_picked":["Sweeping Beam","Streamline"],"picked":"Conserve Battery","floor":1},{"not_picked":["Turbo","Stack"],"picked":"Coolheaded","floor":2},{"not_picked":["Coolheaded","Turbo"],"picked":"Leap","floor":3},{"not_picked":["Go for the Eyes","Hologram"],"picked":"Sunder","floor":5},{"not_picked":["Barrage","Reinforced Body"],"picked":"Hologram","floor":10},{"not_picked":["Double Energy","Go for the Eyes"],"picked":"Sweeping Beam","floor":11},{"not_picked":["Reinforced Body","Heatsinks"],"picked":"Beam Cell","floor":12},{"not_picked":["Tempest","Beam Cell"],"picked":"Streamline","floor":13},{"not_picked":["Rebound","Reprogram"],"picked":"Gash","floor":14},{"not_picked":["Meteor Strike","Thunder Strike"],"picked":"Electrodynamics","floor":16},{"not_picked":["Genetic Algorithm","Streamline"],"picked":"Cold Snap","floor":18},{"not_picked":["Coolheaded","Auto Shields+1"],"picked":"Redo+1","floor":20},{"not_picked":["Redo","Rebound"],"picked":"Hologram","floor":22}],"player_experience":381013,"relics_obtained":[{"floor":4,"key":"Shovel"},{"floor":9,"key":"Bottled Flame"},{"floor":11,"key":"Lantern"}],"event_choices":[{"damage_healed":0,"gold_gain":0,"player_choice":"Read","damage_taken":0,"max_hp_gain":0,"max_hp_loss":0,"event_name":"The Library","floor":21,"gold_loss":0,"cards_obtained":["Defragment"]},{"damage_healed":0,"gold_gain":0,"player_choice":"Fight","damage_taken":0,"max_hp_gain":0,"max_hp_loss":0,"event_name":"Colosseum","floor":24,"gold_loss":0},{"damage_healed":0,"gold_gain":0,"player_choice":"Fought Nobs","damage_taken":0,"max_hp_gain":0,"max_hp_loss":0,"event_name":"Colosseum","floor":24,"gold_loss":0}],"is_beta":false,"boss_relics":[{"not_picked":["Snecko Eye","Fusion Hammer"],"picked":"Empty Cage"}],"items_purged_floors":[19],"is_endless":false,"potions_floor_spawned":[2,10,11,13,16,24],"killed_by":"Colosseum Nobs","ascension_level":1}