{"gold_per_floor":[110,126,126,137,11,11,44,44,44,75,75,92,112,143,143,143],"floor_reached":16,"playtime":1152,"items_purged":["Clumsy"],"score":240,"play_id":"65cbf37a-10a7-48b8-953c-383a5e1b0ae2","local_time":"20181107021946","is_ascension_mode":true,"campfire_choices":[{"data":"Whirlwind","floor":6,"key":"SMITH"},{"data":"Armaments","floor":8,"key":"SMITH"},{"floor":11,"key":"REST"},{"floor":15,"key":"REST"}],"neow_cost":"CURSE","seed_source_timestamp":46115891466218,"circlet_count":0,"master_deck":["AscendersBane","Strike_R","Strike_R","Strike_R","Strike_R","Strike_R","Defend_R","Defend_R","Defend_R","Defend_R","Bash","Havoc","Whirlwind+1","Armaments+1","Havoc","Limit Break","Metallicize","Body Slam","Double Tap"],"relics":["Burning Blood","Magic Flower","Pantograph","Oddly Smooth Stone","Gremlin Horn"],"potions_floor_usage":[10,16],"damage_taken":[{"damage":12,"enemies":"Cultist","floor":1,"turns":4},{"damage":7,"enemies":"Small Slimes","floor":2,"turns":4},{"damage":12,"enemies":"Jaw Worm","floor":4,"turns":3},{"damage":63,"enemies":"Lagavulin","floor":7,"turns":8},{"damage":32,"enemies":"3 Sentries","floor":10,"turns":8},{"damage":12,"enemies":"Large Slime","floor":12,"turns":6},{"damage":0,"enemies":"2 Fungi Beasts","floor":13,"turns":2},{"damage":30,"enemies":"Lagavulin","floor":14,"turns":8},{"damage":95,"enemies":"Slime Boss","floor":16,"turns":9}],"seed_played":"7802171914673061073","potions_obtained":[{"floor":3,"key":"LiquidBronze"},{"floor":3,"key":"FairyPotion"},{"floor":4,"key":"Regen Potion"},{"floor":12,"key":"Strength Potion"}],"is_trial":false,"path_per_floor":["M","M","?","M","$","R","E","R","T","E","R","M","M","E","R","B"],"character_chosen":"IRONCLAD","items_purchased":["Havoc"],"campfire_rested":2,"item_purchase_floors":[5],"current_hp_per_floor":[76,75,75,69,69,69,12,12,12,33,59,56,65,44,70,0],"gold":143,"neow_bonus":"TWENTY_PERCENT_HP_BONUS","is_prod":false,"is_daily":false,"chose_seed":false,"campfire_upgraded":2,"win_rate":0,"timestamp":1541549986,"path_taken":["M","?","?","?","$","R","E","R","T","E","R","M","M","E","R","BOSS"],"build_version":"2018-11-05","purchased_purges":1,"victory":false,"max_hp_per_floor":[89,89,89,89,89,89,89,89,89,89,89,89,89,89,89,89],"card_choices":[{"not_picked":["Thunderclap","Clothesline"],"picked":"Havoc","floor":1},{"not_picked":["Entrench","Perfected Strike"],"picked":"Whirlwind","floor":2},{"not_picked":["Headbutt","Wild Strike"],"picked":"Armaments","floor":4},{"not_picked":["Pummel","Perfected Strike"],"picked":"Limit Break","floor":7},{"not_picked":["Sword Boomerang","Entrench"],"picked":"Metallicize","floor":10},{"not_picked":["Cleave","Headbutt"],"picked":"Body Slam","floor":12},{"not_picked":["Body Slam","Hemokinesis","Perfected Strike"],"picked":"SKIP","floor":13},{"not_picked":["Sword Boomerang","Clothesline"],"picked":"Double Tap","floor":14}],"player_experience":620642,"relics_obtained":[{"floor":7,"key":"Magic Flower"},{"floor":9,"key":"Pantograph"},{"floor":10,"key":"Oddly Smooth Stone"},{"floor":14,"key":"Gremlin Horn"}],"event_choices":[{"damage_healed":0,"gold_gain":0,"player_choice":"Got Potions","damage_taken":0,"max_hp_gain":0,"max_hp_loss":0,"event_name":"Lab","floor":3,"gold_loss":0}],"is_beta":true,"boss_relics":[],"items_purged_floors":[5],"is_endless":false,"potions_floor_spawned":[4,12],"killed_by":"Slime Boss","ascension_level":20}