{"gold_per_floor":[15,15,32,44,44,44,78,98,171,199,199,223,261,295,295,295],"floor_reached":16,"playtime":1332,"items_purged":[],"score":240,"play_id":"a0a3dc51-e246-4965-a952-9344743c003a","local_time":"20190316124826","is_ascension_mode":true,"campfire_choices":[{"data":"Inflame","floor":6,"key":"SMITH"},{"data":"Double Tap","floor":15,"key":"SMITH"}],"neow_cost":"NO_GOLD","seed_source_timestamp":259633855424960,"circlet_count":0,"master_deck":["AscendersBane","Strike_R","Strike_R","Strike_R","Strike_R","Defend_R","Defend_R","Defend_R","Defend_R","Bash","Havoc+1","Shrug It Off","Inflame+1","Pommel Strike","Feel No Pain","Sword Boomerang","Double Tap+1","Battle Trance","Flame Barrier","Flame Barrier"],"relics":["Burning Blood","Incense Burner","Matryoshka","Orichalcum","Golden Idol","Odd Mushroom","Shuriken"],"potions_floor_usage":[10,13,13,16],"damage_taken":[{"damage":10,"enemies":"Small Slimes","floor":1,"turns":3},{"damage":17,"enemies":"Cultist","floor":3,"turns":5},{"damage":6,"enemies":"Jaw Worm","floor":4,"turns":6},{"damage":32,"enemies":"Gremlin Nob","floor":7,"turns":4},{"damage":9,"enemies":"3 Louse","floor":8,"turns":5},{"damage":6,"enemies":"3 Sentries","floor":10,"turns":10},{"damage":0,"enemies":"Blue Slaver","floor":12,"turns":5},{"damage":16,"enemies":"The Mushroom Lair","floor":13,"turns":4},{"damage":14,"enemies":"Lagavulin","floor":14,"turns":6},{"damage":29,"enemies":"Hexaghost","floor":16,"turns":9}],"seed_played":"-1702850541900552928","potions_obtained":[{"floor":7,"key":"Block Potion"},{"floor":8,"key":"AttackPotion"},{"floor":10,"key":"Poison Potion"},{"floor":13,"key":"Swift Potion"}],"is_trial":false,"path_per_floor":["M","?","M","M","?","R","E","M","T","E","?","M","?","E","R","B"],"character_chosen":"IRONCLAD","items_purchased":[],"campfire_rested":0,"item_purchase_floors":[],"current_hp_per_floor":[78,78,67,67,67,67,41,38,38,38,38,44,34,26,26,0],"gold":295,"neow_bonus":"TWENTY_PERCENT_HP_BONUS","is_prod":false,"is_daily":false,"chose_seed":false,"campfire_upgraded":2,"win_rate":0,"timestamp":1552733306,"path_taken":["M","?","M","?","?","R","E","?","T","E","?","M","?","E","R","BOSS"],"build_version":"2019-03-15","purchased_purges":0,"victory":false,"max_hp_per_floor":[89,89,89,89,89,89,89,89,89,89,81,81,81,81,81,81],"card_choices":[{"not_picked":["Headbutt","Body Slam"],"picked":"Havoc","floor":1},{"not_picked":["Searing Blow","Ghostly Armor"],"picked":"Inflame","floor":3},{"not_picked":["Reckless Charge","Rampage"],"picked":"Pommel Strike","floor":4},{"not_picked":["Pommel Strike","Sword Boomerang"],"picked":"Feel No Pain","floor":7},{"not_picked":["Infernal Blade","Clash"],"picked":"Sword Boomerang","floor":8},{"not_picked":["Twin Strike","Rupture"],"picked":"Double Tap","floor":10},{"not_picked":["Warcry","Searing Blow"],"picked":"Battle Trance","floor":12},{"not_picked":["True Grit","Combust"],"picked":"Flame Barrier","floor":13},{"not_picked":["Bloodletting","Entrench"],"picked":"Flame Barrier","floor":14}],"player_experience":691395,"relics_obtained":[{"floor":7,"key":"Incense Burner"},{"floor":9,"key":"Matryoshka"},{"floor":10,"key":"Orichalcum"},{"floor":13,"key":"Odd Mushroom"},{"floor":14,"key":"Shuriken"}],"event_choices":[{"damage_healed":0,"gold_gain":0,"cards_transformed":["Strike_R"],"player_choice":"Transformed","damage_taken":0,"max_hp_gain":0,"max_hp_loss":0,"event_name":"Transmorgrifier","floor":2,"gold_loss":0,"cards_obtained":["Shrug It Off"]},{"damage_healed":0,"gold_gain":0,"player_choice":"Upgraded","damage_taken":0,"max_hp_gain":0,"max_hp_loss":0,"event_name":"Upgrade Shrine","floor":5,"gold_loss":0,"cards_upgraded":["Havoc"]},{"damage_healed":0,"gold_gain":0,"player_choice":"Lose Max HP","damage_taken":0,"relics_obtained":["Golden Idol"],"max_hp_gain":0,"max_hp_loss":8,"event_name":"Golden Idol","floor":11,"gold_loss":0},{"damage_healed":0,"gold_gain":0,"player_choice":"Fought Mushrooms","damage_taken":0,"max_hp_gain":0,"max_hp_loss":0,"event_name":"Mushrooms","floor":13,"gold_loss":0}],"is_beta":true,"boss_relics":[],"items_purged_floors":[],"is_endless":false,"potions_floor_spawned":[7,8,10,13],"killed_by":"Hexaghost","ascension_level":20}