{"gold_per_floor":[111,129,149,3,17,46,66,100,100,129,139,139,166,177,177,256,256,268,268,268,268],"floor_reached":21,"playtime":2255,"items_purged":[],"score":359,"play_id":"aa876d41-087e-4d38-914c-9576703293f2","local_time":"20190209192454","is_ascension_mode":true,"campfire_choices":[{"data":"Neutralize","floor":12,"key":"SMITH"},{"data":"Cloak And Dagger","floor":15,"key":"SMITH"}],"neow_cost":"TEN_PERCENT_HP_LOSS","seed_source_timestamp":25907395827786,"circlet_count":0,"master_deck":["AscendersBane","Defend_G+1","Defend_G+1","Defend_G+1","Strike_G+1","Strike_G+1","Strike_G+1","Strike_G+1","Strike_G+1","Survivor","Neutralize+1","Envenom","Cloak And Dagger+1","Dagger Throw","Bane","Dagger Spray","Noxious Fumes","Dagger Spray","Malaise","Cloak And Dagger","Sucker Punch","Riddle With Holes","Backflip","Flying Knee","After Image+1","Cloak And Dagger"],"relics":["Ring of the Snake","Frozen Egg 2","Ornamental Fan","Orichalcum","Smiling Mask","Gremlin Horn","Empty Cage"],"potions_floor_usage":[6,7,10,13,16,16,18,20],"damage_taken":[{"damage":2,"enemies":"2 Louse","floor":1,"turns":4},{"damage":0,"enemies":"Small Slimes","floor":2,"turns":4},{"damage":0,"enemies":"Cultist","floor":3,"turns":4},{"damage":4,"enemies":"Blue Slaver","floor":5,"turns":4},{"damage":7,"enemies":"3 Sentries","floor":6,"turns":4},{"damage":4,"enemies":"Red Slaver","floor":7,"turns":6},{"damage":11,"enemies":"Lagavulin","floor":8,"turns":7},{"damage":13,"enemies":"3 Sentries","floor":10,"turns":4},{"damage":3,"enemies":"Large Slime","floor":11,"turns":6},{"damage":12,"enemies":"Gremlin Nob","floor":13,"turns":4},{"damage":0,"enemies":"3 Louse","floor":14,"turns":3},{"damage":12,"enemies":"The Guardian","floor":16,"turns":12},{"damage":18,"enemies":"2 Thieves","floor":18,"turns":5},{"damage":30,"enemies":"Colosseum Slavers","floor":20,"turns":6},{"damage":4,"enemies":"Spheric Guardian","floor":21,"turns":3}],"seed_played":"-3635802268944986353","potions_obtained":[{"floor":1,"key":"SteroidPotion"},{"floor":6,"key":"Regen Potion"},{"floor":10,"key":"Fruit Juice"},{"floor":13,"key":"Ancient Potion"},{"floor":14,"key":"Dexterity Potion"},{"floor":16,"key":"Explosive Potion"},{"floor":18,"key":"Swift Potion"}],"is_trial":false,"path_per_floor":["M","M","M","$","M","E","M","E","T","E","M","R","E","M","R","B",null,"M","?","?","M"],"character_chosen":"THE_SILENT","items_purchased":["Dagger Spray","Noxious Fumes","PowerPotion"],"campfire_rested":0,"item_purchase_floors":[4,4,4],"current_hp_per_floor":[57,57,57,57,53,46,57,46,46,38,35,35,23,23,23,11,52,34,34,4,0],"gold":268,"neow_bonus":"THREE_RARE_CARDS","is_prod":false,"is_daily":false,"chose_seed":false,"campfire_upgraded":2,"win_rate":0,"timestamp":1549769094,"path_taken":["M","M","M","$","M","E","M","E","T","E","M","R","E","M","R","BOSS","M","?","?","M"],"build_version":"2019-01-23","purchased_purges":0,"victory":false,"max_hp_per_floor":[60,60,60,60,60,60,60,60,60,65,65,65,65,65,65,65,65,65,65,65,65],"card_choices":[{"not_picked":["Grand Finale","Night Terror"],"picked":"Envenom","floor":0},{"not_picked":["Distraction","Outmaneuver"],"picked":"Cloak And Dagger","floor":1},{"not_picked":["Calculated Gamble","Deadly Poison"],"picked":"Dagger Throw","floor":2},{"not_picked":["Acrobatics","Dodge and Roll"],"picked":"Bane","floor":3},{"not_picked":["Phantasmal Killer","Tactician"],"picked":"Dagger Spray","floor":5},{"not_picked":["Choke","Riddle With Holes"],"picked":"Malaise","floor":6},{"not_picked":["Deflect","Underhanded Strike","Choke"],"picked":"SKIP","floor":7},{"not_picked":["Leg Sweep","Dagger Throw"],"picked":"Cloak And Dagger","floor":8},{"not_picked":["Poisoned Stab","Concentrate"],"picked":"Sucker Punch","floor":10},{"not_picked":["Slice","Concentrate"],"picked":"Riddle With Holes","floor":11},{"not_picked":["Sucker Punch","Underhanded Strike"],"picked":"Backflip","floor":13},{"not_picked":["Deadly Poison","Deflect"],"picked":"Flying Knee","floor":14},{"not_picked":["Night Terror","A Thousand Cuts+1"],"picked":"After Image+1","floor":16},{"not_picked":["Dagger Spray","Bane"],"picked":"Cloak And Dagger","floor":18}],"player_experience":448620,"relics_obtained":[{"floor":6,"key":"Frozen Egg 2"},{"floor":8,"key":"Ornamental Fan"},{"floor":9,"key":"Orichalcum"},{"floor":10,"key":"Smiling Mask"},{"floor":13,"key":"Gremlin Horn"}],"event_choices":[{"damage_healed":0,"gold_gain":0,"player_choice":"Simplicity","damage_taken":0,"max_hp_gain":0,"max_hp_loss":0,"event_name":"Back to Basics","floor":19,"gold_loss":0,"cards_upgraded":["Defend_G","Defend_G","Defend_G","Strike_G","Strike_G","Strike_G","Strike_G","Strike_G"]},{"damage_healed":0,"gold_gain":0,"player_choice":"Fight","damage_taken":0,"max_hp_gain":0,"max_hp_loss":0,"event_name":"Colosseum","floor":20,"gold_loss":0},{"damage_healed":0,"gold_gain":0,"player_choice":"Fled From Nobs","damage_taken":0,"max_hp_gain":0,"max_hp_loss":0,"event_name":"Colosseum","floor":20,"gold_loss":0}],"is_beta":false,"boss_relics":[{"not_picked":["Tiny House","Velvet Choker"],"picked":"Empty Cage"}],"items_purged_floors":[],"is_endless":false,"potions_floor_spawned":[1,5,6,10,13,14,16,18],"killed_by":"Spheric Guardian","ascension_level":14}