{"gold_per_floor":[110,43,57,75,90,90,122,134,171,195,222,234,269,293,305,317],"floor_reached":16,"playtime":1389,"items_purged":[],"score":106,"play_id":"ba501411-c906-422b-9b19-ba31a5c45051","local_time":"20190225014904","is_ascension_mode":false,"campfire_choices":[{"data":"Body Slam","floor":6.0,"key":"SMITH"},{"data":"Shrug It Off","floor":8.0,"key":"SMITH"},{"data":"Rage","floor":12.0,"key":"SMITH"},{"data":"Corruption","floor":15,"key":"SMITH"}],"neow_cost":"NONE","seed_source_timestamp":727281316375618,"circlet_count":0,"master_deck":["Strike_R","Strike_R","Strike_R","Strike_R","Strike_R","Defend_R","Defend_R","Defend_R","Defend_R","Bash","Feel No Pain","Body Slam+1","Power Through","Shrug It Off+1","Bludgeon","Rage+1","Corruption+1","Disarm"],"special_seed":0,"relics":["Burning Blood","MawBank","Blood Vial"],"potions_floor_usage":[16,16],"damage_taken":[{"damage":1.0,"enemies":"Jaw Worm","floor":1.0,"turns":5.0},{"damage":0.0,"enemies":"2 Louse","floor":3.0,"turns":2.0},{"damage":4.0,"enemies":"Small Slimes","floor":4.0,"turns":5.0},{"damage":14.0,"enemies":"Gremlin Gang","floor":5.0,"turns":8.0},{"damage":36.0,"enemies":"Lagavulin","floor":7.0,"turns":10.0},{"damage":7.0,"enemies":"Looter","floor":10.0,"turns":4.0},{"damage":10.0,"enemies":"Exordium Thugs","floor":11.0,"turns":3.0},{"damage":7.0,"enemies":"Blue Slaver","floor":13.0,"turns":3.0},{"damage":9,"enemies":"3 Louse","floor":14,"turns":5},{"damage":54,"enemies":"Hexaghost","floor":16,"turns":16}],"seed_played":"7206054294840452749","potions_obtained":[{"floor":1.0,"key":"Poison Potion"},{"floor":3.0,"key":"SpeedPotion"},{"floor":10.0,"key":"SkillPotion"},{"floor":13,"key":"Ancient Potion"}],"is_trial":false,"path_per_floor":["M","$","M","M","M","R","E","R","T","M","M","R","M","M","R","B"],"character_chosen":"IRONCLAD","items_purchased":["Feel No Pain"],"campfire_rested":0,"item_purchase_floors":[2],"current_hp_per_floor":[88,88,88,88,80,80,50,50,50,51,49,49,50,49,49,0],"gold":317,"neow_bonus":"TEN_PERCENT_HP_BONUS","is_prod":false,"is_daily":false,"chose_seed":false,"campfire_upgraded":4,"win_rate":0,"timestamp":1551026944,"path_taken":["M","$","M","M","M","R","E","R","T","M","M","R","M","M","R","BOSS"],"build_version":"2019-01-23","purchased_purges":0,"victory":false,"max_hp_per_floor":[88,88,88,88,88,88,88,88,88,88,88,88,88,88,88,88],"card_choices":[{"not_picked":["Fire Breathing","Sword Boomerang","Cleave"],"picked":"SKIP","floor":1.0},{"not_picked":["Wild Strike","Twin Strike"],"picked":"Body Slam","floor":3.0},{"not_picked":["Armaments","Shrug It Off"],"picked":"Power Through","floor":4.0},{"not_picked":["Pummel","Flex"],"picked":"Shrug It Off","floor":5.0},{"not_picked":["Flex","Power Through"],"picked":"Bludgeon","floor":7.0},{"not_picked":["Sword Boomerang","Wild Strike","Thunderclap"],"picked":"SKIP","floor":10.0},{"not_picked":["Heavy Blade","Cleave"],"picked":"Rage","floor":11.0},{"not_picked":["Entrench","Rage"],"picked":"Corruption","floor":13},{"not_picked":["Rage","Sword Boomerang"],"picked":"Disarm","floor":14}],"player_experience":408285,"relics_obtained":[{"floor":7.0,"key":"MawBank"},{"floor":9.0,"key":"Blood Vial"}],"event_choices":[],"is_beta":false,"boss_relics":[],"items_purged_floors":[],"is_endless":false,"potions_floor_spawned":[1,3,10,13],"killed_by":"Hexaghost","ascension_level":0}