{"path_per_floor":["?","?","?","?","?","?","?","?","?","?","?","?","?","?","?","B",null,"?","?","?"],"character_chosen":"IRONCLAD","items_purchased":["Anger","Bronze Scales","Panache"],"gold_per_floor":[114,64,64,83,102,140,140,178,178,216,216,235,85,85,85,210,210,229,49,68],"floor_reached":21,"campfire_rested":1,"playtime":1138,"current_hp_per_floor":[80,80,60,59,64,54,54,49,49,44,44,35,35,35,59,23,23,14,14,17],"items_purged":[],"gold":68,"score":197,"play_id":"c5191cc8-bc4d-4068-b5d4-d161f12018c4","local_time":"20180306213801","daily_mods":[{"name":"Diverse","description":"Start with 2 cards from another class.","modID":"Diverse","img":{"data":{"file":{"file":{"path":"images\\ui\\run_mods\\diverse.png"},"type":"Internal"},"width":64,"height":64,"format":"RGBA8888","useMipMaps":false,"isPrepared":false},"glTarget":3553,"glHandle":685,"minFilter":"Linear","magFilter":"Linear","uWrap":"ClampToEdge","vWrap":"ClampToEdge"},"positive":true},{"name":"Restless Journey","description":"You no longer heal when entering new acts.","modID":"Restless Journey","img":{"data":{"file":{"file":{"path":"images\\ui\\run_mods\\restless_journey.png"},"type":"Internal"},"width":64,"height":64,"format":"RGBA8888","useMipMaps":false,"isPrepared":false},"glTarget":3553,"glHandle":676,"minFilter":"Linear","magFilter":"Linear","uWrap":"ClampToEdge","vWrap":"ClampToEdge"},"positive":false},{"name":"Uncertain Future","description":"The map shows only ?.","modID":"Uncertain Future","img":{"data":{"file":{"file":{"path":"images\\ui\\run_mods\\uncertain_future.png"},"type":"Internal"},"width":64,"height":64,"format":"RGBA8888","useMipMaps":false,"isPrepared":false},"glTarget":3553,"glHandle":679,"minFilter":"Linear","magFilter":"Linear","uWrap":"ClampToEdge","vWrap":"ClampToEdge"},"positive":false},{"name":"Binary","description":"Card rewards contain only 2 cards.","modID":"Binary","img":{"data":{"file":{"file":{"path":"images\\ui\\run_mods\\binary.png"},"type":"Internal"},"width":64,"height":64,"format":"RGBA8888","useMipMaps":false,"isPrepared":false},"glTarget":3553,"glHandle":680,"minFilter":"Linear","magFilter":"Linear","uWrap":"ClampToEdge","vWrap":"ClampToEdge"},"positive":false}],"is_prod":false,"is_daily":true,"is_ascension_mode":false,"campfire_upgraded":1,"timestamp":1520384881,"path_taken":["?","?","?","?","?","?","?","?","?","?","?","?","?","?","?","BOSS","?","?","?","?"],"build_version":"2018-03-01-PROD1","purchased_purges":0,"victory":false,"master_deck":["Strike_R+1","Strike_R","Strike_R+1","Strike_R","Strike_R","Defend_R","Defend_R","Defend_R","Defend_R","Bash","Cloak And Dagger","Well Laid Plans","Armaments+1","Anger","Impervious","Cleave","Barricade","Panache"],"max_hp_per_floor":[80,80,80,80,80,80,80,80,80,80,80,80,80,80,80,80,80,80,80,80],"relics":["Burning Blood","Golden Idol","Whetstone","Vajra","Peace Pipe","Happy Flower","Calipers","Bronze Scales","Runic Pyramid"],"card_choices":[{"not_picked":["Sword Boomerang"],"picked":"Armaments"},{"not_picked":["Warcry"],"picked":"Impervious"},{"not_picked":["Iron Wave"],"picked":"Cleave"},{"not_picked":["Bludgeon"],"picked":"Barricade"}],"player_experience":125241,"potions_floor_usage":[5,6,12,21],"damage_taken":[{"damage":2,"enemies":"2 Louse","floor":1,"turns":3},{"damage":7,"enemies":"Jaw Worm","floor":4,"turns":4},{"damage":1,"enemies":"Cultist","floor":5,"turns":3},{"damage":16,"enemies":"3 Sentries","floor":6,"turns":9},{"damage":11,"enemies":"Gremlin Nob","floor":8,"turns":4},{"damage":11,"enemies":"3 Sentries","floor":10,"turns":8},{"damage":15,"enemies":"Gremlin Gang","floor":12,"turns":5},{"damage":42,"enemies":"Slime Boss","floor":16,"turns":10},{"damage":15,"enemies":"2 Thieves","floor":18,"turns":5},{"damage":3,"enemies":"Chosen","floor":20,"turns":9},{"damage":17,"enemies":"Snecko","floor":21,"turns":6}],"event_choices":[{"event_name":"Golden Idol","player_choice":"Take Damage","floor":3,"damage_taken":0}],"boss_relics":[{"not_picked":["Runic Cube","Runic Dome"],"picked":"Runic Pyramid"}],"potions_floor_spawned":[4,5,8,20],"seed_played":"6669194513917691148","killed_by":"Snecko","ascension_level":0,"is_trial":false}