{"gold_per_floor":[109,109,127,127,77,109,109,141,141,158,158,172,192,209,209,312,312,330,230,230,241,260,260,193,209,209,226,226,102,118,118,118,214,214,233,245,18,32,32,60,76,76,76,76,86,0,0,12,12,12],"floor_reached":51,"playtime":7724,"items_purged":["Strike_R","Defend_R","Dark Embrace"],"score":931,"play_id":"a95d5b5e-0e99-415a-b9dc-b59c032c77d2","local_time":"20190217214606","is_ascension_mode":true,"campfire_choices":[{"data":"True Grit","floor":7.0,"key":"SMITH"},{"data":"Bash","floor":15.0,"key":"SMITH"},{"data":"RitualDagger","floor":23,"key":"SMITH"},{"data":"Whirlwind","floor":32,"key":"SMITH"},{"data":"Shrug It Off","floor":42,"key":"SMITH"},{"data":"Inflame","floor":44,"key":"SMITH"},{"floor":49,"key":"REST"}],"neow_cost":"NONE","seed_source_timestamp":0,"circlet_count":0,"master_deck":["Strike_R","Strike_R","Strike_R","Defend_R","Defend_R","Bash+1","True Grit+1","Intimidate+1","Shrug It Off+1","Limit Break+1","Battle Trance+1","Flex+1","Headbutt","RitualDagger+1","Headbutt+1","Inflame+1","Whirlwind+1","True Grit+1","True Grit+1","Spot Weakness+1","Decay","Parasite"],"special_seed":0,"relics":["Burning Blood","NeowsBlessing","Blood Vial","Bag of Preparation","Gambling Chip","Toxic Egg 2","Cursed Key","Dream Catcher","Busted Crown","Frozen Egg 2","Red Mask"],"potions_floor_usage":[35,37,40,50,50,50],"damage_taken":[{"damage":0.0,"enemies":"Small Slimes","floor":1.0,"turns":1.0},{"damage":0.0,"enemies":"2 Louse","floor":3.0,"turns":1.0},{"damage":0.0,"enemies":"Gremlin Nob","floor":6.0,"turns":1.0},{"damage":57.0,"enemies":"Lagavulin","floor":8.0,"turns":9.0},{"damage":0.0,"enemies":"Jaw Worm","floor":10.0,"turns":4.0},{"damage":17.0,"enemies":"2 Fungi Beasts","floor":12.0,"turns":5.0},{"damage":0.0,"enemies":"Exordium Thugs","floor":13.0,"turns":7.0},{"damage":0.0,"enemies":"Looter","floor":14.0,"turns":5.0},{"damage":21.0,"enemies":"The Guardian","floor":16.0,"turns":8.0},{"damage":7,"enemies":"Chosen","floor":18,"turns":6},{"damage":0,"enemies":"Shell Parasite","floor":21,"turns":4},{"damage":12,"enemies":"Snake Plant","floor":22,"turns":3},{"damage":10,"enemies":"Chosen and Byrds","floor":25,"turns":5},{"damage":6,"enemies":"3 Cultists","floor":27,"turns":4},{"damage":0,"enemies":"Snake Plant","floor":30,"turns":2},{"damage":23,"enemies":"Automaton","floor":33,"turns":6},{"damage":2,"enemies":"Orb Walker","floor":35,"turns":3},{"damage":9,"enemies":"3 Darklings","floor":36,"turns":2},{"damage":2,"enemies":"4 Shapes","floor":38,"turns":4},{"damage":0,"enemies":"Giant Head","floor":40,"turns":5},{"damage":0,"enemies":"Sphere and 2 Shapes","floor":41,"turns":3},{"damage":28,"enemies":"Writhing Mass","floor":45,"turns":3},{"damage":0,"enemies":"3 Darklings","floor":48,"turns":1},{"damage":46,"enemies":"Donu and Deca","floor":50,"turns":6}],"seed_played":"1726192807447812949","potions_obtained":[{"floor":1.0,"key":"FearPotion"},{"floor":8.0,"key":"FearPotion"},{"floor":13.0,"key":"Block Potion"},{"floor":14.0,"key":"PowerPotion"},{"floor":16,"key":"FearPotion"},{"floor":22,"key":"Regen Potion"},{"floor":33,"key":"Weak Potion"},{"floor":38,"key":"SkillPotion"},{"floor":40,"key":"EssenceOfSteel"},{"floor":41,"key":"FearPotion"}],"is_trial":false,"path_per_floor":["M","?","M","?","?","E","R","E","T","M","?","M","M","M","R","B",null,"M","$","?","M","M","R","?","M","T","M","?","$","M","?","R","B",null,"M","M","$","M","?","E","M","R","T","R","M","?","?","M","R","B",null],"character_chosen":"IRONCLAD","items_purchased":["Headbutt","True Grit+1","Fruit Juice"],"campfire_rested":1,"item_purchase_floors":[19,29,37],"current_hp_per_floor":[78,60,68,68,68,76,76,27,27,35,35,26,34,42,42,29,67,68,68,62,70,66,66,66,64,64,66,66,66,74,74,74,59,75,80,77,82,85,85,85,85,85,85,85,63,63,63,71,85,57],"gold":12,"neow_bonus":"THREE_ENEMY_KILL","is_prod":false,"is_daily":false,"chose_seed":false,"campfire_upgraded":6,"win_rate":0,"timestamp":1550457966,"path_taken":["M","?","M","?","?","E","R","E","T","M","?","M","M","M","R","BOSS","BOSS","M","$","?","M","M","R","?","?","T","M","?","$","M","?","R","BOSS","M","M","$","M","?","E","?","R","T","R","M","?","?","M","R","BOSS"],"build_version":"2019-01-23","purchased_purges":3,"victory":true,"max_hp_per_floor":[80,80,80,80,80,80,80,80,80,80,80,80,80,80,80,80,80,80,80,80,80,80,80,80,80,80,80,80,80,80,80,80,80,80,80,80,85,85,85,85,85,85,85,85,85,85,85,85,85,85],"card_choices":[{"not_picked":["Sentinel","Perfected Strike","Wild Strike"],"picked":"SKIP","floor":1.0},{"not_picked":["Sentinel","Heavy Blade"],"picked":"True Grit","floor":3.0},{"not_picked":["Blood for Blood","Berserk"],"picked":"Intimidate","floor":6.0},{"not_picked":["Seeing Red","Warcry"],"picked":"Shrug It Off","floor":8.0},{"not_picked":["Sword Boomerang","Wild Strike"],"picked":"Limit Break+1","floor":10.0},{"not_picked":["Havoc+1","Pommel Strike"],"picked":"Battle Trance+1","floor":12.0},{"not_picked":["Iron Wave","Armaments+1","Infernal Blade+1"],"picked":"SKIP","floor":13.0},{"not_picked":["Havoc+1","Clash","Body Slam"],"picked":"SKIP","floor":14.0},{"not_picked":["Exhume+1","Fiend Fire"],"picked":"Dark Embrace","floor":16},{"not_picked":["Anger","Hemokinesis"],"picked":"Flex+1","floor":18},{"not_picked":["Clothesline","Intimidate+1","Armaments+1"],"picked":"SKIP","floor":21},{"not_picked":["Iron Wave","Rampage"],"picked":"Headbutt+1","floor":22},{"not_picked":["Pummel+1","Twin Strike"],"picked":"Inflame","floor":25},{"not_picked":["Perfected Strike","Havoc+1"],"picked":"Whirlwind","floor":27},{"not_picked":["Corruption","Havoc+1"],"picked":"True Grit+1","floor":30},{"not_picked":["Wild Strike+1"],"picked":"SKIP","floor":35},{"not_picked":["Wild Strike+1"],"picked":"SKIP","floor":35},{"not_picked":["Fire Breathing+1"],"picked":"SKIP","floor":36},{"not_picked":["Fire Breathing+1"],"picked":"SKIP","floor":38},{"not_picked":["True Grit+1"],"picked":"SKIP","floor":40},{"not_picked":["Carnage"],"picked":"SKIP","floor":41},{"not_picked":["Warcry+1"],"picked":"SKIP","floor":45},{"not_picked":["Burning Pact+1"],"picked":"SKIP","floor":48}],"player_experience":563187,"relics_obtained":[{"floor":6.0,"key":"Bag of Preparation"},{"floor":8.0,"key":"Gambling Chip"},{"floor":9.0,"key":"Toxic Egg 2"},{"floor":40,"key":"Frozen Egg 2"}],"event_choices":[{"damage_healed":0.0,"max_hp_gain":0.0,"max_hp_loss":0.0,"gold_gain":0.0,"event_name":"Scrap Ooze","player_choice":"Success","floor":2.0,"gold_loss":0.0,"damage_taken":18.0,"relics_obtained":["Blood Vial"]},{"cards_removed":["Defend_R"],"damage_healed":0.0,"max_hp_gain":0.0,"max_hp_loss":0.0,"gold_gain":0.0,"event_name":"Living Wall","player_choice":"Forget","floor":4.0,"gold_loss":0.0,"damage_taken":0.0},{"cards_removed":["Strike_R"],"damage_healed":0.0,"max_hp_gain":0.0,"max_hp_loss":0.0,"gold_gain":0.0,"event_name":"The Cleric","player_choice":"Card Removal","floor":5.0,"gold_loss":50.0,"damage_taken":0.0},{"damage_healed":0.0,"max_hp_gain":0.0,"max_hp_loss":0.0,"gold_gain":0.0,"event_name":"Upgrade Shrine","player_choice":"Upgraded","floor":11.0,"gold_loss":0.0,"damage_taken":0.0,"cards_upgraded":["Intimidate"]},{"damage_healed":0,"gold_gain":0,"player_choice":"Joined the Cult","damage_taken":6,"max_hp_gain":0,"max_hp_loss":0,"event_name":"Nest","floor":20,"gold_loss":0,"cards_obtained":["RitualDagger"]},{"damage_healed":0,"gold_gain":0,"player_choice":"Paid Gold","damage_taken":0,"relics_obtained":["Dream Catcher"],"max_hp_gain":0,"max_hp_loss":0,"event_name":"WeMeetAgain","floor":24,"gold_loss":67},{"damage_healed":0,"gold_gain":0,"player_choice":"Ignored","damage_taken":0,"max_hp_gain":0,"max_hp_loss":0,"event_name":"Ghosts","floor":28,"gold_loss":0},{"damage_healed":0,"gold_gain":0,"player_choice":"Read","damage_taken":0,"max_hp_gain":0,"max_hp_loss":0,"event_name":"The Library","floor":31,"gold_loss":0,"cards_obtained":["Spot Weakness"]},{"damage_healed":0,"gold_gain":0,"player_choice":"Cursed","damage_taken":0,"max_hp_gain":0,"max_hp_loss":0,"event_name":"Wheel of Change","floor":39,"gold_loss":0,"cards_obtained":["Decay"]},{"damage_healed":0,"gold_gain":0,"player_choice":"Paid","damage_taken":0,"relics_obtained":["Red Mask"],"max_hp_gain":0,"max_hp_loss":0,"event_name":"Tomb of Lord Red Mask","floor":46,"gold_loss":86},{"damage_healed":0,"gold_gain":0,"player_choice":"Ignored","damage_taken":0,"max_hp_gain":0,"max_hp_loss":0,"event_name":"Mysterious Sphere","floor":47,"gold_loss":0}],"is_beta":false,"boss_relics":[{"not_picked":["Fusion Hammer","Astrolabe"],"picked":"Cursed Key"},{"not_picked":["Calling Bell","Pandora\u0027s Box"],"picked":"Busted Crown"}],"items_purged_floors":[19,29,37],"is_endless":false,"potions_floor_spawned":[1,8,13,14,16,22,25,33,38,40,41,48],"ascension_level":6}