{"gold_per_floor":[111,111,111,126,142,142,177,59,86,86,86,86,101,117,117,243,243,261,54,54,54,87,87,104,121,196,196,111,126,126,187,187,187],"floor_reached":33,"playtime":1508,"items_purged":["Injury"],"score":278,"play_id":"8e95e0b4-8f4f-4cb6-80ee-1d8caeae5b8e","local_time":"20181029192923","is_ascension_mode":true,"campfire_choices":[{"data":"Dagger Spray","floor":6.0,"key":"SMITH"},{"floor":10.0,"key":"REST"},{"floor":12.0,"key":"REST"},{"floor":15.0,"key":"REST"},{"floor":23,"key":"REST"},{"floor":30,"key":"REST"},{"data":"Adrenaline","floor":32,"key":"SMITH"}],"neow_cost":"NONE","seed_source_timestamp":0,"circlet_count":0,"master_deck":["Defend_G+1","Defend_G+1","Defend_G+1","Defend_G+1","Strike_G+1","Strike_G+1","Strike_G+1","Strike_G+1","Survivor","Neutralize","Dagger Spray+1","Backflip","Skewer","Flying Knee","Adrenaline+1","Doppelganger","Footwork","Footwork","Flying Knee","Dash+1","Poisoned Stab"],"special_seed":0,"relics":["Empty Cage","Bloody Idol","Juzu Bracelet","Vajra","Black Star","Red Mask","Dodecahedron","Toxic Egg 2","Tiny Chest","Anchor"],"potions_floor_usage":[18,22,24,31],"damage_taken":[{"damage":3.0,"enemies":"Jaw Worm","floor":1.0,"turns":5.0},{"damage":2.0,"enemies":"Cultist","floor":4.0,"turns":4.0},{"damage":3.0,"enemies":"2 Louse","floor":5.0,"turns":3.0},{"damage":52.0,"enemies":"Lagavulin","floor":7.0,"turns":9.0},{"damage":0.0,"enemies":"Blue Slaver","floor":11.0,"turns":1.0},{"damage":4.0,"enemies":"2 Fungi Beasts","floor":13.0,"turns":2.0},{"damage":15.0,"enemies":"3 Louse","floor":14.0,"turns":2.0},{"damage":44.0,"enemies":"Slime Boss","floor":16.0,"turns":11.0},{"damage":4,"enemies":"Chosen","floor":18,"turns":5},{"damage":32,"enemies":"Masked Bandits","floor":22,"turns":5},{"damage":14,"enemies":"2 Thieves","floor":24,"turns":4},{"damage":43,"enemies":"3 Cultists","floor":25,"turns":5},{"damage":3,"enemies":"Snake Plant","floor":29,"turns":6},{"damage":6,"enemies":"Gremlin Leader","floor":31,"turns":8},{"damage":52,"enemies":"Collector","floor":33,"turns":8}],"seed_played":"3099141077657153209","potions_obtained":[{"floor":2.0,"key":"SneckoOil"},{"floor":2.0,"key":"Ancient Potion"},{"floor":2.0,"key":"SmokeBomb"},{"floor":5.0,"key":"LiquidBronze"},{"floor":14.0,"key":"EssenceOfSteel"},{"floor":16.0,"key":"Block Potion"},{"floor":18,"key":"Swift Potion"},{"floor":22,"key":"Weak Potion"},{"floor":29,"key":"Weak Potion"}],"is_trial":false,"path_per_floor":["M","?","?","M","M","R","E","$","T","R","M","R","M","M","R","B",null,"M","$","?","?","?","R","M","M","T","?","?","M","R","E","R"],"character_chosen":"THE_SILENT","items_purchased":["Flying Knee","Caltrops","Footwork","Flying Knee"],"campfire_rested":5,"item_purchase_floors":[8,8,19,19],"current_hp_per_floor":[67,67,67,65,62,62,10,10,10,31,31,52,48,33,54,10,70,66,66,66,66,39,60,56,18,23,23,23,25,46,50,50,0],"gold":187,"neow_bonus":"BOSS_RELIC","is_prod":false,"is_daily":false,"chose_seed":false,"campfire_upgraded":2,"win_rate":0,"timestamp":1540850363,"path_taken":["M","?","?","M","M","R","E","$","T","R","M","R","M","M","R","BOSS","M","$","?","?","?","R","M","M","T","?","?","M","R","E","R","BOSS"],"build_version":"2018-10-29","purchased_purges":1,"victory":false,"max_hp_per_floor":[70,70,70,70,70,70,70,70,70,70,70,70,70,70,70,70,70,70,70,70,70,70,70,70,70,70,70,70,70,70,70,70,70],"card_choices":[{"not_picked":["Backflip","Outmaneuver"],"picked":"Dagger Spray","floor":1.0},{"not_picked":["Poisoned Stab","Prepared"],"picked":"Backflip","floor":4.0},{"not_picked":["Outmaneuver","Quick Slash","Blade Dance"],"picked":"SKIP","floor":5.0},{"not_picked":["Malaise","Escape Plan"],"picked":"Skewer","floor":7.0},{"not_picked":["Dagger Throw","Quick Slash","Crippling Poison"],"picked":"SKIP","floor":13.0},{"not_picked":["Blade Dance","Acrobatics"],"picked":"Adrenaline","floor":14.0},{"not_picked":["Phantasmal Killer","Burst"],"picked":"Doppelganger","floor":16.0},{"not_picked":["Dagger Throw","Prepared"],"picked":"Footwork","floor":18},{"not_picked":["Deadly Poison","Dagger Throw","Endless Agony"],"picked":"SKIP","floor":24},{"not_picked":["Bouncing Flask","Dagger Spray"],"picked":"Dash+1","floor":25},{"not_picked":["Infinite Blades","Dagger Throw","Endless Agony"],"picked":"SKIP","floor":29},{"not_picked":["Accuracy","Quick Slash"],"picked":"Poisoned Stab","floor":31}],"player_experience":476766,"relics_obtained":[{"floor":7.0,"key":"Juzu Bracelet"},{"floor":9.0,"key":"Vajra"},{"floor":22,"key":"Red Mask"},{"floor":26,"key":"Dodecahedron"},{"floor":31,"key":"Tiny Chest"},{"floor":31,"key":"Anchor"}],"event_choices":[{"event_name":"The Lab","player_choice":"Got Potions","floor":2.0,"damage_taken":0.0},{"event_name":"Golden Idol","player_choice":"Take Wound","floor":3.0,"damage_taken":0.0},{"damage_healed":0,"gold_gain":0,"player_choice":"Simplicity","damage_taken":0,"max_hp_gain":0,"max_hp_loss":0,"event_name":"Back to Basics","floor":20,"gold_loss":0,"cards_upgraded":["Defend_G","Defend_G","Defend_G","Defend_G","Strike_G","Strike_G","Strike_G","Strike_G"]},{"damage_healed":0,"gold_gain":0,"player_choice":"Gave Idol","damage_taken":0,"relics_obtained":["Bloody Idol"],"max_hp_gain":0,"max_hp_loss":0,"event_name":"Forgotten Altar","floor":21,"relics_lost":["Golden Idol"],"gold_loss":0},{"damage_healed":0,"gold_gain":0,"player_choice":"Fought Bandits","damage_taken":0,"max_hp_gain":0,"max_hp_loss":0,"event_name":"Masked Bandits","floor":22,"gold_loss":0},{"cards_removed":["Caltrops"],"damage_healed":0,"gold_gain":0,"player_choice":"Purged","damage_taken":0,"max_hp_gain":0,"max_hp_loss":0,"event_name":"Purifier","floor":27,"gold_loss":0},{"damage_healed":0,"gold_gain":0,"player_choice":"Obtained Relic","damage_taken":0,"relics_obtained":["Toxic Egg 2"],"max_hp_gain":0,"max_hp_loss":0,"event_name":"Addict","floor":28,"gold_loss":85}],"is_beta":true,"boss_relics":[{"not_picked":["Tiny House","Runic Dome"],"picked":"Black Star"}],"items_purged_floors":[19],"is_endless":false,"potions_floor_spawned":[4,5,11,14,16,18,22,29],"killed_by":"Collector","ascension_level":1}