{"path_per_floor":["M","?","$","?","?","R","?","?","T","R","$","M","M","M","R","B",null,"M","M","M","M","?","R"],"character_chosen":"DEFECT","items_purchased":["Defragment"],"gold_per_floor":[214,214,70,70,70,70,145,95,95,95,95,106,122,138,138,233,233,249,260,279,296,296,296,296],"floor_reached":24,"campfire_rested":1,"playtime":1086,"item_purchase_floors":[3],"current_hp_per_floor":[73,73,73,73,66,66,55,55,55,55,55,55,55,54,54,32,75,73,73,36,36,22,46,0],"items_purged":["Regret"],"gold":296,"score":195,"play_id":"4b0ff6e8-537c-49ca-ba6d-a520e0236e78","local_time":"20180601184003","is_prod":false,"is_daily":false,"chose_seed":false,"is_ascension_mode":true,"campfire_upgraded":3,"win_rate":0.0,"timestamp":1527892803,"campfire_choices":[{"data":"Fusion","floor":6,"key":"SMITH"},{"data":"Defragment","floor":10,"key":"SMITH"},{"data":"Dualcast","floor":15,"key":"SMITH"},{"floor":23,"key":"REST"}],"path_taken":["M","?","$","?","?","R","?","?","T","R","?","?","M","M","R","BOSS","M","M","?","M","?","R","E"],"build_version":"2018-05-31","seed_source_timestamp":17419517895895,"purchased_purges":1,"victory":false,"master_deck":["Strike_B","Strike_B","Defend_B","Defend_B+1","Defend_B+1","Zap","Dualcast+1","Fusion+1","Defragment+1","Hologram","Cold Snap","Buffer","Go for the Eyes+1","Redo","Self Repair+1"],"max_hp_per_floor":[75,75,75,75,75,75,75,75,75,75,75,75,75,75,75,75,75,75,75,75,75,80,80,80],"relics":["Cracked Core","War Paint","Bag of Preparation","Lizard Tail"],"card_choices":[{"not_picked":["Skim","Coolheaded"],"picked":"Fusion","floor":1},{"not_picked":["Leap","Coolheaded"],"picked":"Hologram","floor":12},{"not_picked":["FTL","Aggregate"],"picked":"Cold Snap","floor":13},{"not_picked":["Steam","Glacier","Rip and Tear"],"picked":"SKIP","floor":14},{"not_picked":["All For One","Amplify"],"picked":"Buffer","floor":16},{"not_picked":["Ball Lightning","Hologram"],"picked":"Go for the Eyes+1","floor":18},{"not_picked":["Fusion","White Noise"],"picked":"Redo","floor":19},{"not_picked":["Redo","Compile Driver"],"picked":"Self Repair+1","floor":20},{"not_picked":["Cold Snap","Redo","Glacier+1"],"picked":"SKIP","floor":21}],"player_experience":227383,"potions_floor_usage":[16,18,21,24],"damage_taken":[{"damage":2,"enemies":"2 Louse","floor":1,"turns":3},{"damage":0,"enemies":"Small Slimes","floor":12,"turns":2},{"damage":0,"enemies":"Jaw Worm","floor":13,"turns":3},{"damage":1,"enemies":"Red Slaver","floor":14,"turns":4},{"damage":22,"enemies":"Slime Boss","floor":16,"turns":6},{"damage":2,"enemies":"Chosen","floor":18,"turns":8},{"damage":0,"enemies":"Spheric Guardian","floor":19,"turns":4},{"damage":37,"enemies":"3 Cultists","floor":20,"turns":7},{"damage":10,"enemies":"Centurion and Healer","floor":21,"turns":18},{"damage":99,"enemies":"Slavers","floor":24,"turns":6}],"relics_obtained":[{"floor":9,"key":"Bag of Preparation"}],"event_choices":[{"event_name":"Big Fish","player_choice":"Box","floor":2,"damage_taken":0},{"event_name":"Purifier","player_choice":"One Purge","floor":4,"damage_taken":0},{"event_name":"Golden Wing","player_choice":"Card Removal","floor":5,"damage_taken":0},{"event_name":"World of Goop","player_choice":"Gather Gold","floor":7,"damage_taken":0},{"event_name":"The Cleric","player_choice":"Card Removal","floor":8,"damage_taken":0},{"event_name":"Forgotten Altar","player_choice":"Shed Blood","floor":22,"damage_taken":0}],"boss_relics":[{"not_picked":["Velvet Choker","Runic Pyramid"],"picked":"Lizard Tail"}],"items_purged_floors":[3],"potions_floor_spawned":[1,14,16,18,19],"seed_played":"-7463906131736681214","killed_by":"Slavers","ascension_level":1,"potions_obtained":[{"floor":1,"key":"Explosive Potion"},{"floor":14,"key":"AttackPotion"},{"floor":16,"key":"Swift Potion"},{"floor":18,"key":"FearPotion"},{"floor":19,"key":"Weak Potion"}],"is_trial":false}