{"path_per_floor":["M","?","M","$","M","E","R","E","T","M","$","M","M","?","R","B",null,"M","M","$","?","M","R","E","M","T","M","R","M","R","$","R","B",null,"M","$","?","$","M","E","R","M","T","?","R","M","M","$","R","B"],"character_chosen":"THE_SILENT","items_purchased":["Blind","Dagger Spray","War Paint","Noxious Fumes"],"gold_per_floor":[114,114,129,54,69,99,99,129,179,194,94,109,124,124,124,224,224,239,254,40,40,55,55,85,100,100,115,115,130,130,85,85,185,185,200,50,0,0,15,45,45,60,60,60,60,75,90,54,54,54],"floor_reached":51,"campfire_rested":1,"playtime":3025,"current_hp_per_floor":[68,65,65,65,64,63,62,59,65,58,58,58,58,63,63,61,63,62,61,60,59,58,57,56,55,54,53,52,51,50,49,48,31,52,51,50,49,48,44,44,44,44,49,48,47,36,38,38,43,25],"items_purged":["Grand Finale","Corpse Explosion","Writhe"],"gold":54,"score":759,"play_id":"fce8aca7-6109-4927-b726-59be0e1df046","local_time":"20180415033358","daily_mods":["Shiny","Cursed Run","Terminal"],"is_prod":false,"is_daily":true,"chose_seed":false,"is_ascension_mode":false,"campfire_upgraded":8,"timestamp":1523772238,"path_taken":["M","?","?","$","M","E","R","E","T","M","$","M","M","?","R","BOSS","M","M","$","?","M","R","E","M","T","M","R","M","R","$","R","BOSS","M","$","?","?","?","E","R","M","T","?","R","?","M","$","R","BOSS"],"build_version":"2018-04-12","seed_source_timestamp":0,"purchased_purges":3,"victory":true,"master_deck":["Adrenaline+1","Envenom","Doppelganger","Burst","Wraith Form v2","Venomology","Tools of the Trade","Night Terror+1","Phantasmal Killer","Unload","After Image","Tactician+1","Bullet Time+1","Storm of Steel+1","Glass Knife+1","Die Die Die","A Thousand Cuts+1","Backflip","Backflip","Caltrops","PiercingWail+1","Glass Knife+1","Backflip+1","Blind","Skewer+1","Dagger Spray+1","Writhe","Sucker Punch","Regret","Cloak And Dagger","Noxious Fumes","Cloak And Dagger+1","Injury"],"max_hp_per_floor":[68,67,66,65,64,63,62,61,66,65,64,63,62,66,65,64,63,62,61,60,59,58,57,56,55,54,53,52,51,50,49,48,53,52,51,50,49,48,47,46,45,44,49,48,47,46,45,44,43,48],"relics":["Cursed Key","Darkstone Periapt","Du-Vu Doll","Bronze Scales","Bag of Preparation","Pen Nib","Omamori","Black Star","Toolbox","Mercury Hourglass","Matryoshka","Runic Pyramid","War Paint","Red Mask","Happy Flower","Dream Catcher","Paper Crane","Mummified Hand"],"card_choices":[{"not_picked":["Sucker Punch","Underhanded Strike"],"picked":"Backflip","floor":1},{"not_picked":["Dagger Throw","Quick Slash"],"picked":"Backflip","floor":5},{"not_picked":["Flying Knee","Deadly Poison"],"picked":"Caltrops","floor":10},{"not_picked":["Flechettes","Flying Knee"],"picked":"PiercingWail","floor":12},{"not_picked":["Grand Finale","Tools of the Trade"],"picked":"Glass Knife","floor":16},{"not_picked":["Sucker Punch","Concentrate"],"picked":"Backflip","floor":19},{"not_picked":["Leg Sweep","Predator"],"picked":"Skewer","floor":24},{"not_picked":["Concentrate","Dodge and Roll"],"picked":"Sucker Punch","floor":35},{"not_picked":["Sucker Punch","Distraction"],"picked":"Cloak And Dagger","floor":46},{"not_picked":["Quick Slash","Flying Knee"],"picked":"Cloak And Dagger","floor":49}],"player_experience":335727,"potions_floor_usage":[6,6,13,16,16,16,24,25,25,33,33,33,39,40,46,46,47,50,50,50,50],"damage_taken":[{"damage":0,"enemies":"Jaw Worm","floor":1,"turns":3},{"damage":0,"enemies":"Small Slimes","floor":3,"turns":3},{"damage":0,"enemies":"Cultist","floor":5,"turns":3},{"damage":0,"enemies":"Gremlin Nob","floor":6,"turns":3},{"damage":3,"enemies":"3 Sentries","floor":8,"turns":4},{"damage":7,"enemies":"Blue Slaver","floor":10,"turns":3},{"damage":0,"enemies":"Lots of Slimes","floor":12,"turns":1},{"damage":0,"enemies":"Large Slime","floor":13,"turns":4},{"damage":2,"enemies":"The Guardian","floor":16,"turns":10},{"damage":0,"enemies":"3 Byrds","floor":18,"turns":3},{"damage":0,"enemies":"Spheric Guardian","floor":19,"turns":3},{"damage":0,"enemies":"3 Cultists","floor":22,"turns":4},{"damage":0,"enemies":"Gremlin Leader","floor":24,"turns":5},{"damage":1,"enemies":"Snecko","floor":25,"turns":3},{"damage":0,"enemies":"Chosen and Byrds","floor":27,"turns":2},{"damage":0,"enemies":"Snake Plant","floor":29,"turns":2},{"damage":26,"enemies":"Champ","floor":33,"turns":9},{"damage":0,"enemies":"Orb Walker","floor":35,"turns":2},{"damage":4,"enemies":"3 Shapes","floor":39,"turns":2},{"damage":0,"enemies":"Nemesis","floor":40,"turns":3},{"damage":0,"enemies":"3 Darklings","floor":42,"turns":3},{"damage":11,"enemies":"Maw","floor":46,"turns":5},{"damage":6,"enemies":"Sphere and 2 Shapes","floor":47,"turns":2},{"damage":24,"enemies":"Awakened One","floor":50,"turns":8}],"event_choices":[{"event_name":"Scrap Ooze","player_choice":"success","floor":2,"damage_taken":3},{"event_name":"Big Fish","player_choice":"Donut","floor":14,"damage_taken":0},{"event_name":"Addict","player_choice":"Ignored","floor":21,"damage_taken":0},{"event_name":"Tomb of Lord Red Mask","player_choice":"Paid","floor":37,"damage_taken":0},{"event_name":"Mysterious Sphere","player_choice":"Ignore","floor":44,"damage_taken":0}],"boss_relics":[{"not_picked":["Orrery","Eternal Feather"],"picked":"Black Star"},{"not_picked":["Velvet Choker","Sozu"],"picked":"Runic Pyramid"}],"potions_floor_spawned":[5,6,16,18,24,29,39,42,46],"seed_played":"-1933974520208401120","ascension_level":0,"is_trial":false}