{"gold_per_floor":[115,115,115,126,139,139,214,214,262,312,312,343,10,10,10,86,86,60,3,20,36,36],"floor_reached":22,"playtime":721,"items_purged":[],"score":363,"play_id":"d257b9ed-fe9c-4842-bb01-f1f2effd61cf","local_time":"20190209143058","is_ascension_mode":true,"campfire_choices":[{"data":"Inflame","floor":6,"key":"SMITH"},{"floor":8,"key":"REST"},{"data":"Bash","floor":11,"key":"SMITH"},{"data":"Searing Blow+1","floor":15,"key":"SMITH"}],"neow_cost":"NONE","seed_source_timestamp":7454402674106,"circlet_count":0,"master_deck":["AscendersBane","Strike_R","Strike_R","Strike_R","Strike_R","Strike_R","Defend_R","Defend_R","Defend_R","Defend_R","Bash+1","Sever Soul","Cleave+1","Inflame+1","Searing Blow+2","Reaper+1","Pommel Strike+1","True Grit","Armaments+1"],"relics":["Burning Blood","Molten Egg 2","WarpedTongs","Oddly Smooth Stone","Gremlin Horn","Charon\u0027s Ashes","Spirit Poop","Black Star"],"potions_floor_usage":[12,12,20,22],"damage_taken":[{"damage":4,"enemies":"2 Louse","floor":1,"turns":4},{"damage":12,"enemies":"Cultist","floor":4,"turns":5},{"damage":2,"enemies":"Small Slimes","floor":5,"turns":2},{"damage":37,"enemies":"3 Sentries","floor":12,"turns":7},{"damage":9,"enemies":"Slime Boss","floor":16,"turns":7},{"damage":26,"enemies":"2 Thieves","floor":18,"turns":4},{"damage":20,"enemies":"3 Byrds","floor":20,"turns":5},{"damage":22,"enemies":"Centurion and Healer","floor":21,"turns":7},{"damage":42,"enemies":"Snake Plant","floor":22,"turns":5}],"seed_played":"7384504580179664094","potions_obtained":[{"floor":1,"key":"BloodPotion"},{"floor":5,"key":"BloodPotion"},{"floor":20,"key":"SpeedPotion"}],"is_trial":false,"path_per_floor":["M","?","?","M","M","R","?","R","T","T","R","E","$","?","R","B",null,"M","$","M","M","M"],"character_chosen":"IRONCLAD","items_purchased":["Charon\u0027s Ashes","Block Potion"],"campfire_rested":1,"item_purchase_floors":[13,19],"current_hp_per_floor":[77,32,32,26,30,30,19,43,43,43,43,28,28,28,28,25,68,52,52,44,40,0],"gold":36,"neow_bonus":"TEN_PERCENT_HP_BONUS","is_prod":false,"is_daily":false,"chose_seed":false,"campfire_upgraded":3,"win_rate":0,"timestamp":1549719058,"path_taken":["M","?","?","?","M","R","?","R","T","?","R","E","?","?","R","BOSS","M","$","?","M","M"],"build_version":"2019-02-06","purchased_purges":0,"victory":false,"max_hp_per_floor":[82,82,82,82,82,82,82,82,82,82,82,82,82,82,82,82,82,82,82,82,82,82],"card_choices":[{"not_picked":["Hemokinesis","Dual Wield"],"picked":"Sever Soul","floor":1},{"not_picked":["Heavy Blade+1","Entrench"],"picked":"Cleave+1","floor":4},{"not_picked":["Thunderclap+1","Twin Strike+1"],"picked":"Inflame","floor":5},{"not_picked":["Bloodletting","Dark Embrace"],"picked":"Searing Blow+1","floor":12},{"not_picked":["Juggernaut","Demon Form"],"picked":"Reaper+1","floor":16},{"not_picked":["Perfected Strike+1","Bloodletting"],"picked":"Pommel Strike+1","floor":18},{"not_picked":["Flex","Armaments"],"picked":"True Grit","floor":20},{"not_picked":["Perfected Strike+1","Combust"],"picked":"Armaments+1","floor":21}],"player_experience":959284,"relics_obtained":[{"floor":10,"key":"Oddly Smooth Stone"},{"floor":12,"key":"Gremlin Horn"}],"event_choices":[{"damage_healed":0,"gold_gain":0,"player_choice":"Success","damage_taken":45,"relics_obtained":["Molten Egg 2"],"max_hp_gain":0,"max_hp_loss":0,"event_name":"Scrap Ooze","floor":2,"gold_loss":0},{"damage_healed":0,"gold_gain":0,"player_choice":"Rummage","damage_taken":0,"relics_obtained":["WarpedTongs"],"max_hp_gain":0,"max_hp_loss":0,"event_name":"Accursed Blacksmith","floor":3,"gold_loss":0,"cards_obtained":["Pain"]},{"damage_healed":0,"gold_gain":75,"player_choice":"Gather Gold","damage_taken":11,"max_hp_gain":0,"max_hp_loss":0,"event_name":"World of Goop","floor":7,"gold_loss":0},{"cards_removed":["Pain"],"damage_healed":0,"gold_gain":0,"player_choice":"Offered Curse","damage_taken":0,"relics_obtained":["Spirit Poop"],"max_hp_gain":0,"max_hp_loss":0,"event_name":"Bonfire Elementals","floor":14,"gold_loss":0}],"is_beta":true,"boss_relics":[{"not_picked":["Orrery","Lizard Tail"],"picked":"Black Star"}],"items_purged_floors":[],"is_endless":false,"potions_floor_spawned":[1,5,20],"killed_by":"Snake Plant","ascension_level":20}