{"gold_per_floor":[113,124,124,49,62,62,89,89,89,122,122,197,231,249,249,345,345,364,164,179,195,195,195,230,329,329,8,8,43,143,167,167,267],"floor_reached":33,"playtime":1765,"items_purged":["Strike_R","Strike_R"],"score":523,"play_id":"614dd339-6537-4801-a644-c0f613927a3b","local_time":"20190204230123","is_ascension_mode":true,"campfire_choices":[{"data":"1","floor":6,"key":"LIFT"},{"data":"2","floor":8,"key":"LIFT"},{"data":"3","floor":11,"key":"LIFT"},{"data":"Armaments","floor":15,"key":"SMITH"},{"data":"Body Slam","floor":23,"key":"SMITH"},{"data":"True Grit","floor":32,"key":"SMITH"}],"neow_cost":"NONE","seed_source_timestamp":10325019253167,"circlet_count":0,"master_deck":["Strike_R","Strike_R","Strike_R","Defend_R","Defend_R+1","Defend_R+1","Defend_R","Bash","Body Slam+1","Armaments+1","Power Through","Metallicize","Ghostly Armor","Headbutt","Brutality","Intimidate+1","Shrug It Off","Body Slam","Shrug It Off","Feel No Pain","Shrug It Off","True Grit+1","Flame Barrier"],"relics":["Burning Blood","Girya","Boot","Mango","Mummified Hand","War Paint","Mark of Pain","Nilry\u0027s Codex","Gremlin Horn","Anchor","Medical Kit","StoneCalendar","Pocketwatch","Meat on the Bone","Vajra"],"potions_floor_usage":[10,20,33],"damage_taken":[{"damage":4,"enemies":"Small Slimes","floor":1,"turns":4},{"damage":6,"enemies":"Jaw Worm","floor":2,"turns":4},{"damage":0,"enemies":"2 Louse","floor":5,"turns":4},{"damage":34,"enemies":"Lagavulin","floor":7,"turns":6},{"damage":12,"enemies":"3 Sentries","floor":10,"turns":7},{"damage":10,"enemies":"Lagavulin","floor":13,"turns":5},{"damage":0,"enemies":"Blue Slaver","floor":14,"turns":2},{"damage":9,"enemies":"The Guardian","floor":16,"turns":13},{"damage":2,"enemies":"Chosen","floor":18,"turns":3},{"damage":17,"enemies":"2 Thieves","floor":20,"turns":5},{"damage":5,"enemies":"Shelled Parasite and Fungi","floor":21,"turns":4},{"damage":36,"enemies":"Slavers","floor":24,"turns":10},{"damage":14,"enemies":"Book of Stabbing","floor":29,"turns":7},{"damage":0,"enemies":"Colosseum Slavers","floor":30,"turns":3},{"damage":2,"enemies":"Colosseum Nobs","floor":30,"turns":4},{"damage":23,"enemies":"Automaton","floor":33,"turns":25}],"seed_played":"5762757855539904369","potions_obtained":[{"floor":2,"key":"SkillPotion"},{"floor":5,"key":"Explosive Potion"},{"floor":14,"key":"Dexterity Potion"},{"floor":20,"key":"SpeedPotion"},{"floor":29,"key":"AttackPotion"},{"floor":30,"key":"Fire Potion"}],"is_trial":false,"path_per_floor":["M","M","?","$","M","R","E","R","T","E","R","?","E","M","R","B",null,"M","$","M","M","?","R","E","?","T","$","?","E","?","T","R","B"],"character_chosen":"IRONCLAD","items_purchased":["Shrug It Off","Body Slam","Medical Kit","Feel No Pain","Shrug It Off"],"campfire_rested":0,"item_purchase_floors":[19,19,27,27,27],"current_hp_per_floor":[88,88,70,70,76,76,48,48,62,56,56,45,41,47,47,44,102,102,102,91,92,76,76,46,46,46,46,46,38,48,48,48,43],"gold":267,"neow_bonus":"TEN_PERCENT_HP_BONUS","is_prod":false,"is_daily":false,"chose_seed":false,"campfire_upgraded":3,"win_rate":0,"timestamp":1549317683,"path_taken":["M","M","?","$","M","R","E","R","T","E","R","?","E","M","R","BOSS","M","$","M","M","?","R","E","?","T","$","?","E","?","?","R","BOSS"],"build_version":"2019-01-23","purchased_purges":2,"victory":false,"max_hp_per_floor":[88,88,88,88,88,88,88,88,102,102,102,102,102,102,102,102,102,102,102,102,102,102,102,102,102,102,102,102,102,102,102,102,102],"card_choices":[{"not_picked":["Heavy Blade","Clothesline"],"picked":"Body Slam","floor":1},{"not_picked":["Rage","Sever Soul"],"picked":"Armaments","floor":2},{"not_picked":["Pommel Strike","Dropkick","Anger"],"picked":"SKIP","floor":5},{"not_picked":["Warcry","Havoc"],"picked":"Power Through","floor":7},{"not_picked":["Iron Wave","Hemokinesis"],"picked":"Metallicize","floor":10},{"not_picked":["Corruption","Body Slam"],"picked":"Ghostly Armor","floor":13},{"not_picked":["Anger","Whirlwind"],"picked":"Headbutt","floor":14},{"not_picked":["Dark Embrace","Immolate"],"picked":"Brutality","floor":16},{"not_picked":["Combust","Heavy Blade"],"picked":"Intimidate+1","floor":18},{"not_picked":["Headbutt","Twin Strike"],"picked":"Shrug It Off","floor":20},{"not_picked":["Ghostly Armor","Infernal Blade","Clash"],"picked":"SKIP","floor":21},{"not_picked":["Warcry","Carnage","Dark Embrace"],"picked":"SKIP","floor":24},{"not_picked":["Warcry","Anger"],"picked":"Flame Barrier","floor":29}],"player_experience":951942,"relics_obtained":[{"floor":7,"key":"Boot"},{"floor":9,"key":"Mango"},{"floor":10,"key":"Mummified Hand"},{"floor":13,"key":"War Paint"},{"floor":22,"key":"Nilry\u0027s Codex"},{"floor":24,"key":"Gremlin Horn"},{"floor":26,"key":"Anchor"},{"floor":29,"key":"StoneCalendar"},{"floor":30,"key":"Pocketwatch"},{"floor":30,"key":"Meat on the Bone"},{"floor":31,"key":"Vajra"}],"event_choices":[{"damage_healed":0,"gold_gain":0,"player_choice":"Success","damage_taken":18,"relics_obtained":["Girya"],"max_hp_gain":0,"max_hp_loss":0,"event_name":"Scrap Ooze","floor":3,"gold_loss":0},{"damage_healed":0,"gold_gain":75,"player_choice":"Gather Gold","damage_taken":11,"max_hp_gain":0,"max_hp_loss":0,"event_name":"World of Goop","floor":12,"gold_loss":0},{"damage_healed":0,"gold_gain":0,"player_choice":"Obtained Book","damage_taken":16,"max_hp_gain":0,"max_hp_loss":0,"event_name":"Cursed Tome","floor":22,"gold_loss":0},{"damage_healed":0,"gold_gain":99,"player_choice":"Stole From Cult","damage_taken":0,"max_hp_gain":0,"max_hp_loss":0,"event_name":"Nest","floor":25,"gold_loss":0},{"damage_healed":0,"gold_gain":0,"player_choice":"Read","damage_taken":0,"max_hp_gain":0,"max_hp_loss":0,"event_name":"The Library","floor":28,"gold_loss":0,"cards_obtained":["True Grit"]},{"damage_healed":0,"gold_gain":0,"player_choice":"Fight","damage_taken":0,"max_hp_gain":0,"max_hp_loss":0,"event_name":"Colosseum","floor":30,"gold_loss":0},{"damage_healed":0,"gold_gain":0,"player_choice":"Fought Nobs","damage_taken":0,"max_hp_gain":0,"max_hp_loss":0,"event_name":"Colosseum","floor":30,"gold_loss":0}],"is_beta":true,"boss_relics":[{"not_picked":["Orrery","Runic Pyramid"],"picked":"Mark of Pain"}],"items_purged_floors":[4,19],"is_endless":false,"potions_floor_spawned":[2,5,14,20,29,30,30],"killed_by":"Automaton","ascension_level":1}