{"gold_per_floor":[366,376,376,376,21,51,51,85,85,95,95,109,109,143,143,143],"floor_reached":16,"playtime":698,"items_purged":["Strike_R"],"score":189,"play_id":"9581befe-8c6c-4b9e-8908-0632618d886b","local_time":"20190204232051","is_ascension_mode":true,"campfire_choices":[{"floor":7,"key":"REST"},{"data":"Armaments","floor":11,"key":"SMITH"},{"data":"Bash","floor":13,"key":"SMITH"},{"data":"Shrug It Off","floor":15,"key":"SMITH"}],"neow_cost":"PERCENT_DAMAGE","seed_source_timestamp":290055068162161,"circlet_count":0,"master_deck":["AscendersBane","Strike_R","Strike_R","Strike_R","Defend_R","Defend_R","Defend_R","Defend_R","Bash+1","Dual Wield","Burning Pact","Rampage","Armaments+1","Reaper","Cleave","Shrug It Off+1"],"relics":["Burning Blood","Mercury Hourglass","FossilizedHelix","Vajra","Shuriken","Oddly Smooth Stone"],"potions_floor_usage":[6,8,12,14,16],"damage_taken":[{"damage":10,"enemies":"Jaw Worm","floor":1,"turns":6},{"damage":12,"enemies":"Small Slimes","floor":2,"turns":5},{"damage":15,"enemies":"Lagavulin","floor":6,"turns":6},{"damage":16,"enemies":"Gremlin Nob","floor":8,"turns":4},{"damage":0,"enemies":"Cultist","floor":10,"turns":3},{"damage":0,"enemies":"Large Slime","floor":12,"turns":6},{"damage":20,"enemies":"3 Sentries","floor":14,"turns":6},{"damage":100,"enemies":"Hexaghost","floor":16,"turns":14}],"seed_played":"-7320759084649426484","potions_obtained":[{"floor":2,"key":"SpeedPotion"},{"floor":6,"key":"LiquidBronze"},{"floor":10,"key":"Fire Potion"},{"floor":12,"key":"Block Potion"},{"floor":14,"key":"BloodPotion"}],"is_trial":false,"path_per_floor":["M","M","?","?","$","E","R","E","T","M","R","M","R","E","R","B"],"character_chosen":"IRONCLAD","items_purchased":["Mercury Hourglass","Rampage"],"campfire_rested":1,"item_purchase_floors":[5,5],"current_hp_per_floor":[47,41,41,41,41,32,56,46,46,52,52,58,58,76,76,0],"gold":143,"neow_bonus":"TWO_FIFTY_GOLD","is_prod":false,"is_daily":false,"chose_seed":false,"campfire_upgraded":3,"win_rate":0,"timestamp":1549315251,"path_taken":["M","M","?","?","$","E","R","E","T","M","R","?","R","E","R","BOSS"],"build_version":"2019-01-23","purchased_purges":1,"victory":false,"max_hp_per_floor":[80,80,80,80,80,80,80,80,80,80,80,80,80,80,80,80],"card_choices":[{"not_picked":["Pommel Strike","Thunderclap"],"picked":"Dual Wield","floor":1},{"not_picked":["Clash","Corruption"],"picked":"Burning Pact","floor":2},{"not_picked":["Intimidate","Rage"],"picked":"Armaments","floor":6},{"not_picked":["Seeing Red","Clash"],"picked":"Reaper","floor":8},{"not_picked":["Clash","Shockwave","Clothesline"],"picked":"SKIP","floor":10},{"not_picked":["Corruption","Wild Strike"],"picked":"Cleave","floor":12},{"not_picked":["Havoc","Blood for Blood"],"picked":"Shrug It Off","floor":14}],"player_experience":716144,"relics_obtained":[{"floor":6,"key":"FossilizedHelix"},{"floor":8,"key":"Vajra"},{"floor":9,"key":"Shuriken"},{"floor":14,"key":"Oddly Smooth Stone"}],"event_choices":[{"damage_healed":0,"gold_gain":0,"player_choice":"Ignored","damage_taken":0,"max_hp_gain":0,"max_hp_loss":0,"event_name":"Shining Light","floor":3,"gold_loss":0},{"cards_removed":["Strike_R"],"damage_healed":0,"gold_gain":0,"player_choice":"Purged","damage_taken":0,"max_hp_gain":0,"max_hp_loss":0,"event_name":"Purifier","floor":4,"gold_loss":0}],"is_beta":false,"boss_relics":[],"items_purged_floors":[5],"is_endless":false,"potions_floor_spawned":[2,6,10,12,14],"killed_by":"Hexaghost","ascension_level":12}