{"gold_per_floor":[16,16,16,31,47,81,140,140,163,175,175,48,64,79,79,175,175,187,39,53,53,53,53,80,80,104,122,122,141,154,154,154,257,257,274,274,274,292,194,194,207,222,304,333,343,188,198,212,212,212],"floor_reached":50,"playtime":2666,"items_purged":[],"score":546,"play_id":"81eba937-a2eb-477c-bd0f-3355eea1d459","local_time":"20190125023657","is_ascension_mode":false,"campfire_choices":[{"floor":8,"key":"REST"},{"floor":15,"key":"REST"},{"data":"Discovery","floor":23,"key":"SMITH"},{"floor":28,"key":"REST"},{"floor":32,"key":"REST"},{"floor":40,"key":"RECALL"},{"data":"Reinforced Body","floor":49,"key":"SMITH"}],"neow_cost":"NO_GOLD","seed_source_timestamp":25878340546528,"circlet_count":0,"master_deck":["Strike_B+1","Strike_B+1","Strike_B+1","Strike_B+1","Defend_B+1","Defend_B+1","Defend_B+1","Defend_B+1","Zap","Dualcast","Blind","Ball Lightning","Conserve Battery","White Noise","Reinforced Body+1","Melter","Jack Of All Trades","Self Repair","Discovery+1","Genetic Algorithm","Conserve Battery","Buffer","Redo+1","Sunder","Self Repair","Stack","Electrodynamics","Dark Shackles"],"relics":["Cracked Core","Blood Vial","Pocketwatch","Smiling Mask","Black Star","DataDisk","Letter Opener","Boot","Busted Crown","Meat on the Bone","Strawberry","Centennial Puzzle","Lantern"],"potions_floor_usage":[6,13,20,20,27,33,45,50],"damage_taken":[{"damage":3,"enemies":"Jaw Worm","floor":1,"turns":3},{"damage":5,"enemies":"Small Slimes","floor":4,"turns":3},{"damage":0,"enemies":"2 Louse","floor":5,"turns":3},{"damage":16,"enemies":"Lagavulin","floor":6,"turns":7},{"damage":17,"enemies":"Lagavulin Event","floor":7,"turns":6},{"damage":1,"enemies":"Red Slaver","floor":10,"turns":4},{"damage":25,"enemies":"Gremlin Gang","floor":13,"turns":5},{"damage":7,"enemies":"Looter","floor":14,"turns":2},{"damage":0,"enemies":"Slime Boss","floor":16,"turns":8},{"damage":15,"enemies":"3 Byrds","floor":18,"turns":3},{"damage":3,"enemies":"Chosen","floor":20,"turns":5},{"damage":55,"enemies":"Book of Stabbing","floor":24,"turns":9},{"damage":13,"enemies":"Centurion and Healer","floor":27,"turns":5},{"damage":6,"enemies":"Shelled Parasite and Fungi","floor":29,"turns":6},{"damage":15,"enemies":"Snecko","floor":30,"turns":6},{"damage":38,"enemies":"Automaton","floor":33,"turns":12},{"damage":1,"enemies":"3 Shapes","floor":35,"turns":2},{"damage":0,"enemies":"Orb Walker","floor":38,"turns":4},{"damage":24,"enemies":"Maw","floor":41,"turns":10},{"damage":15,"enemies":"Jaw Worm Horde","floor":42,"turns":5},{"damage":1,"enemies":"Nemesis","floor":44,"turns":9},{"damage":29,"enemies":"Spire Growth","floor":45,"turns":5},{"damage":6,"enemies":"Sphere and 2 Shapes","floor":47,"turns":4},{"damage":27,"enemies":"Writhing Mass","floor":48,"turns":6},{"damage":80,"enemies":"Awakened One","floor":50,"turns":7}],"seed_played":"-6723577392944265083","potions_obtained":[{"floor":5,"key":"Swift Potion"},{"floor":7,"key":"SteroidPotion"},{"floor":16,"key":"Swift Potion"},{"floor":18,"key":"Swift Potion"},{"floor":24,"key":"Fire Potion"},{"floor":30,"key":"SteroidPotion"},{"floor":35,"key":"Block Potion"},{"floor":42,"key":"GamblersBrew"},{"floor":47,"key":"PowerPotion"}],"is_trial":false,"path_per_floor":["M","?","$","M","M","E","?","R","T","M","?","$","M","M","R","B",null,"M","$","M","$","?","R","E","?","T","M","R","M","M","?","R","B",null,"M","?","?","M","$","R","M","M","T","E","M","$","M","M","R","B"],"character_chosen":"DEFECT","items_purchased":["Self Repair","Discovery","DataDisk","Dark Shackles","Lantern"],"campfire_rested":4,"item_purchase_floors":[12,12,19,39,46],"current_hp_per_floor":[72,72,72,67,67,51,36,58,58,59,59,59,43,38,60,69,75,67,67,73,73,59,59,13,13,13,9,33,43,37,37,61,39,80,79,79,79,80,80,80,70,71,71,87,72,72,82,71,71,0],"gold":212,"neow_bonus":"RANDOM_COLORLESS_2","is_prod":false,"is_daily":false,"chose_seed":false,"campfire_upgraded":2,"win_rate":0,"timestamp":1548396417,"path_taken":["M","?","$","M","M","E","?","R","T","M","?","$","M","M","R","BOSS","M","$","M","$","?","R","E","?","T","M","R","?","?","?","R","BOSS","M","?","?","?","$","R","M","M","T","E","M","$","M","M","R","BOSS"],"build_version":"2019-01-23","purchased_purges":0,"victory":false,"max_hp_per_floor":[75,75,75,75,75,75,75,75,75,75,75,75,75,75,75,75,75,75,75,75,75,80,80,80,80,80,80,80,80,80,80,80,80,80,80,80,80,80,80,80,80,80,80,87,87,87,87,87,87,87],"card_choices":[{"not_picked":["Scrape","Genetic Algorithm"],"picked":"Ball Lightning","floor":1},{"not_picked":["Skim","Stack"],"picked":"Conserve Battery","floor":4},{"not_picked":["Coolheaded","Aggregate"],"picked":"White Noise","floor":5},{"not_picked":["Lockon","Storm"],"picked":"Reinforced Body","floor":6},{"not_picked":["Tempest","Loop"],"picked":"Melter","floor":7},{"not_picked":["Hello World","Redo","Streamline"],"picked":"SKIP","floor":10},{"not_picked":["Conserve Battery","Coolheaded"],"picked":"Genetic Algorithm","floor":13},{"not_picked":["Thunder Strike","Rebound"],"picked":"Conserve Battery","floor":14},{"not_picked":["Rainbow","Hyperbeam"],"picked":"Buffer","floor":16},{"not_picked":["Aggregate+1","Rip and Tear"],"picked":"Redo+1","floor":18},{"not_picked":["Doom and Gloom","Compile Driver","Barrage"],"picked":"SKIP","floor":20},{"not_picked":["Darkness","Turbo"],"picked":"Sunder","floor":24},{"not_picked":["Chaos+1","Ball Lightning"],"picked":"Stack","floor":27},{"not_picked":["White Noise","Tempest","Skim"],"picked":"SKIP","floor":29},{"not_picked":["Tempest+1","Beam Cell","Streamline"],"picked":"SKIP","floor":30},{"not_picked":["Amplify","Echo Form"],"picked":"Electrodynamics","floor":33},{"not_picked":["Coolheaded+1"],"picked":"SKIP","floor":35},{"not_picked":["Go for the Eyes"],"picked":"SKIP","floor":38},{"not_picked":["Aggregate+1"],"picked":"SKIP","floor":41},{"not_picked":["Coolheaded"],"picked":"SKIP","floor":42},{"not_picked":["Turbo"],"picked":"SKIP","floor":44},{"not_picked":["Tempest"],"picked":"SKIP","floor":45},{"not_picked":["Sunder"],"picked":"SKIP","floor":47},{"not_picked":["Conserve Battery"],"picked":"SKIP","floor":48}],"player_experience":602776,"relics_obtained":[{"floor":6,"key":"Blood Vial"},{"floor":7,"key":"Pocketwatch"},{"floor":9,"key":"Smiling Mask"},{"floor":24,"key":"Letter Opener"},{"floor":24,"key":"Boot"},{"floor":43,"key":"Meat on the Bone"},{"floor":44,"key":"Strawberry"},{"floor":44,"key":"Centennial Puzzle"}],"event_choices":[{"damage_healed":0,"gold_gain":0,"player_choice":"Leave","damage_taken":0,"max_hp_gain":0,"max_hp_loss":0,"event_name":"The Cleric","floor":2,"gold_loss":0},{"damage_healed":0,"gold_gain":30,"player_choice":"Searched \u00273\u0027 times","damage_taken":0,"max_hp_gain":0,"max_hp_loss":0,"event_name":"Dead Adventurer","floor":7,"gold_loss":0},{"damage_healed":0,"gold_gain":0,"cards_transformed":["Finesse"],"player_choice":"Change","damage_taken":0,"max_hp_gain":0,"max_hp_loss":0,"event_name":"Living Wall","floor":11,"gold_loss":0,"cards_obtained":["Jack Of All Trades"]},{"damage_healed":0,"gold_gain":0,"player_choice":"Shed Blood","damage_taken":19,"max_hp_gain":5,"max_hp_loss":0,"event_name":"Forgotten Altar","floor":22,"gold_loss":0},{"damage_healed":0,"gold_gain":0,"player_choice":"Copied","damage_taken":0,"max_hp_gain":0,"max_hp_loss":0,"event_name":"Duplicator","floor":25,"gold_loss":0,"cards_obtained":["Self Repair"]},{"damage_healed":0,"gold_gain":0,"player_choice":"Simplicity","damage_taken":0,"max_hp_gain":0,"max_hp_loss":0,"event_name":"Back to Basics","floor":31,"gold_loss":0,"cards_upgraded":["Strike_B","Strike_B","Strike_B","Strike_B","Defend_B","Defend_B","Defend_B","Defend_B"]},{"damage_healed":0,"gold_gain":0,"player_choice":"Memory 1","damage_taken":0,"max_hp_gain":0,"max_hp_loss":0,"event_name":"SensoryStone","floor":36,"gold_loss":0},{"damage_healed":0,"gold_gain":0,"player_choice":"Ignored","damage_taken":0,"max_hp_gain":0,"max_hp_loss":0,"event_name":"SecretPortal","floor":37,"gold_loss":0}],"is_beta":true,"boss_relics":[{"not_picked":["Pandora\u0027s Box","Ectoplasm"],"picked":"Black Star"},{"not_picked":["Coffee Dripper","FrozenCore"],"picked":"Busted Crown"}],"items_purged_floors":[],"is_endless":false,"potions_floor_spawned":[5,7,16,18,24,30,35,42,47],"killed_by":"Awakened One","ascension_level":0}