{"gold_per_floor":[109,34,44,44,44,44,76,76,76,89,105,105,53,53,53,127,127,141,173,173,15,34,34],"floor_reached":23,"playtime":1501,"items_purged":[],"score":374,"play_id":"4880e0d7-042d-48a4-8fb7-8d27cc88f0d7","local_time":"20181019231340","is_ascension_mode":true,"campfire_choices":[{"data":"Predator","floor":6.0,"key":"SMITH"},{"data":"Slice","floor":8.0,"key":"SMITH"},{"data":"Tactician","floor":12.0,"key":"SMITH"},{"data":"Prepared","floor":15.0,"key":"SMITH"}],"neow_cost":"TEN_PERCENT_HP_LOSS","seed_source_timestamp":38476048051224,"circlet_count":0,"master_deck":["Defend_G","Defend_G","Defend_G","Defend_G","Defend_G","Strike_G","Strike_G","Strike_G","Strike_G","Survivor","Neutralize+1","AscendersBane","Slice+1","Predator+1","Tactician+1","Underhanded Strike","Acrobatics","Prepared+1","Doppelganger","PiercingWail","Footwork","Glass Knife","Acrobatics"],"special_seed":0,"relics":["Ring of the Snake","Tingsha","Bird Faced Urn","Matryoshka","Fusion Hammer","Red Mask"],"potions_floor_usage":[18,19],"damage_taken":[{"damage":4.0,"enemies":"Small Slimes","floor":1.0,"turns":4.0},{"damage":4.0,"enemies":"Cultist","floor":3.0,"turns":4.0},{"damage":15.0,"enemies":"Lagavulin","floor":7.0,"turns":6.0},{"damage":0.0,"enemies":"2 Louse","floor":10.0,"turns":3.0},{"damage":7.0,"enemies":"Exordium Wildlife","floor":11.0,"turns":4.0},{"damage":19,"enemies":"The Guardian","floor":16,"turns":10},{"damage":13,"enemies":"2 Thieves","floor":18,"turns":4},{"damage":22,"enemies":"Masked Bandits","floor":19,"turns":5},{"damage":0,"enemies":"Chosen","floor":22,"turns":5},{"damage":18,"enemies":"Gremlin Leader","floor":23,"turns":5}],"seed_played":"-2885932537818630158","potions_obtained":[{"floor":3.0,"key":"SkillPotion"},{"floor":16,"key":"Block Potion"},{"floor":18,"key":"Dexterity Potion"}],"is_trial":false,"path_per_floor":["M","?","M","?","?","R","E","R","T","M","M","R","$","?","R","B",null,"M","?","?","$","M"],"character_chosen":"THE_SILENT","items_purchased":["Prepared","Footwork","Glass Knife"],"campfire_rested":0,"item_purchase_floors":[13,21,21],"current_hp_per_floor":[55,55,51,51,51,51,36,36,36,36,29,29,29,29,29,10,48,35,13,13,13,15,0],"gold":34,"neow_bonus":"ONE_RARE_RELIC","is_prod":false,"is_daily":false,"chose_seed":false,"campfire_upgraded":4,"win_rate":0,"timestamp":1539983620,"path_taken":["M","?","M","?","?","R","E","R","T","M","?","R","$","?","R","BOSS","M","?","?","?","?","E"],"build_version":"2018-10-18","purchased_purges":0,"victory":false,"max_hp_per_floor":[60,60,60,60,60,60,60,60,60,60,60,60,60,60,60,60,60,60,60,60,60,60,60],"card_choices":[{"not_picked":["Expertise","Bane"],"picked":"Slice","floor":1.0},{"not_picked":["PiercingWail","Blade Dance"],"picked":"Predator","floor":3.0},{"not_picked":["Quick Slash","Slice"],"picked":"Tactician","floor":7.0},{"not_picked":["Blade Dance","PiercingWail"],"picked":"Underhanded Strike","floor":10.0},{"not_picked":["Sucker Punch","PiercingWail"],"picked":"Acrobatics","floor":11.0},{"not_picked":["Storm of Steel","Wraith Form v2"],"picked":"Doppelganger","floor":16},{"not_picked":["Dodge and Roll","Accuracy+1"],"picked":"PiercingWail","floor":18},{"not_picked":["Sucker Punch","Prepared"],"picked":"Acrobatics","floor":22}],"player_experience":734782,"relics_obtained":[{"floor":7.0,"key":"Bird Faced Urn"},{"floor":9.0,"key":"Matryoshka"},{"floor":19,"key":"Red Mask"}],"event_choices":[{"cards_removed":["Strike_G"],"damage_healed":0.0,"max_hp_gain":0.0,"max_hp_loss":0.0,"gold_gain":0.0,"event_name":"The Cleric","player_choice":"Card Removal","floor":2.0,"gold_loss":75.0,"damage_taken":0.0},{"damage_healed":0.0,"max_hp_gain":0.0,"max_hp_loss":0.0,"gold_gain":0.0,"event_name":"Liars Game","player_choice":"Ignored","floor":4.0,"gold_loss":0.0,"damage_taken":0.0},{"damage_healed":0.0,"max_hp_gain":0.0,"max_hp_loss":0.0,"gold_gain":0.0,"event_name":"Living Wall","player_choice":"Grow","floor":5.0,"gold_loss":0.0,"damage_taken":0.0,"cards_upgraded":["Neutralize"]},{"damage_healed":0.0,"max_hp_gain":0.0,"max_hp_loss":0.0,"gold_gain":0.0,"event_name":"Golden Idol","player_choice":"Ignored","floor":14.0,"gold_loss":0.0,"damage_taken":0.0},{"damage_healed":0,"gold_gain":0,"player_choice":"Fought Bandits","damage_taken":0,"max_hp_gain":0,"max_hp_loss":0,"event_name":"Masked Bandits","floor":19,"gold_loss":0},{"damage_healed":0,"gold_gain":0,"player_choice":"Ignored","damage_taken":0,"max_hp_gain":0,"max_hp_loss":0,"event_name":"The Mausoleum","floor":20,"gold_loss":0}],"is_beta":true,"boss_relics":[{"not_picked":["Runic Pyramid","Lizard Tail"],"picked":"Fusion Hammer"}],"items_purged_floors":[],"is_endless":false,"potions_floor_spawned":[3,16,18],"killed_by":"Gremlin Leader","ascension_level":20}