{"gold_per_floor":[113,129,129,129,153,153,187,187,262,276,25,59,78,5,5,136,136,157,82,82,82,95,95,59,93,393,393,152,152,152,165,165,260,260,275,275],"floor_reached":36,"playtime":1902,"items_purged":["Injury","Injury"],"score":378,"play_id":"f7c08e3c-4f77-46d2-aaa4-9923ec1f7bb2","local_time":"20190223022626","is_ascension_mode":false,"campfire_choices":[{"data":"Bash","floor":6,"key":"SMITH"},{"floor":8,"key":"REST"},{"floor":15,"key":"REST"},{"floor":23,"key":"REST"},{"floor":27,"key":"REST"},{"floor":29,"key":"RECALL"},{"data":"Heavy Blade","floor":32,"key":"SMITH"}],"neow_cost":"NONE","seed_source_timestamp":788085313828097,"circlet_count":0,"master_deck":["Strike_R","Strike_R","Strike_R","Strike_R","Strike_R","Defend_R","Defend_R","Defend_R","Defend_R","Bash+1","Battle Trance","Clothesline","Rupture","Seeing Red+1","Combust","Hemokinesis","Pummel","Bandage Up","True Grit","Dropkick","Cleave","Disarm","Exhume","Thunderclap","Inflame","Barricade","Heavy Blade+1","PanicButton","Decay","Impervious","Rage+1"],"relics":["Burning Blood","Strawberry","Bloody Idol","Odd Mushroom","Letter Opener","Question Card","Cursed Key","Anchor","Old Coin","Lizard Tail"],"potions_floor_usage":[7,12,13,16,25,31,33,35,36],"damage_taken":[{"damage":6,"enemies":"2 Louse","floor":1,"turns":3},{"damage":1,"enemies":"Jaw Worm","floor":2,"turns":5},{"damage":4,"enemies":"Small Slimes","floor":5,"turns":4},{"damage":62,"enemies":"The Mushroom Lair","floor":7,"turns":8},{"damage":13,"enemies":"Exordium Wildlife","floor":10,"turns":5},{"damage":51,"enemies":"Lagavulin","floor":12,"turns":8},{"damage":9,"enemies":"Red Slaver","floor":13,"turns":3},{"damage":38,"enemies":"Hexaghost","floor":16,"turns":12},{"damage":32,"enemies":"Spheric Guardian","floor":18,"turns":4},{"damage":20,"enemies":"Chosen","floor":22,"turns":5},{"damage":38,"enemies":"Book of Stabbing","floor":25,"turns":5},{"damage":11,"enemies":"Centurion and Healer","floor":31,"turns":8},{"damage":73,"enemies":"Collector","floor":33,"turns":8},{"damage":22,"enemies":"Orb Walker","floor":35,"turns":5},{"damage":157,"enemies":"2 Orb Walkers","floor":36,"turns":7}],"seed_played":"3448145716588809439","potions_obtained":[{"floor":5,"key":"GamblersBrew"},{"floor":10,"key":"GamblersBrew"},{"floor":12,"key":"AttackPotion"},{"floor":13,"key":"SkillPotion"},{"floor":22,"key":"Weak Potion"},{"floor":25,"key":"PowerPotion"},{"floor":31,"key":"Swift Potion"},{"floor":33,"key":"AttackPotion"},{"floor":35,"key":"Block Potion"}],"is_trial":false,"path_per_floor":["M","M","?","?","M","R","?","R","T","M","$","E","M","$","R","B",null,"M","$","?","?","M","R","$","E","T","R","$","R","?","M","R","B",null,"M","?"],"character_chosen":"IRONCLAD","items_purchased":["Hemokinesis","Pummel","Bandage Up","True Grit","Disarm","Inflame","Heavy Blade","PanicButton"],"campfire_rested":4,"item_purchase_floors":[11,11,11,11,14,24,28,28],"current_hp_per_floor":[87,87,87,87,87,87,31,57,57,50,50,9,10,10,36,8,87,65,65,65,65,60,86,86,63,68,87,87,87,87,87,87,33,87,76,0],"gold":275,"neow_bonus":"RANDOM_COMMON_RELIC","is_prod":false,"is_daily":false,"chose_seed":false,"campfire_upgraded":2,"win_rate":0,"timestamp":1550901386,"path_taken":["M","M","?","?","M","R","?","R","T","M","$","E","?","?","R","BOSS","M","$","?","?","?","R","?","E","T","R","$","R","?","M","R","BOSS","M","?"],"build_version":"2019-02-06","purchased_purges":2,"victory":false,"max_hp_per_floor":[87,87,87,87,87,87,87,87,87,87,87,87,87,87,87,87,87,87,87,87,87,87,87,87,87,87,87,87,87,87,87,87,87,87,87,87],"card_choices":[{"not_picked":["Wild Strike","Body Slam"],"picked":"Battle Trance","floor":1},{"not_picked":["Body Slam","Iron Wave"],"picked":"Clothesline","floor":2},{"not_picked":["Headbutt","Battle Trance"],"picked":"Rupture","floor":5},{"not_picked":["Anger","True Grit"],"picked":"Seeing Red","floor":7},{"not_picked":["Corruption","Body Slam"],"picked":"Combust","floor":10},{"not_picked":["Clothesline","Body Slam"],"picked":"Dropkick","floor":12},{"not_picked":["Armaments","Anger","Clash"],"picked":"Cleave","floor":13},{"not_picked":["Fiend Fire","Limit Break","Berserk"],"picked":"Exhume","floor":16},{"not_picked":["Body Slam+1","Clash","Corruption"],"picked":"Thunderclap","floor":18},{"not_picked":["Whirlwind","Sentinel","Clothesline","Clash"],"picked":"SKIP","floor":22},{"not_picked":["Twin Strike","Iron Wave+1","Second Wind"],"picked":"Barricade","floor":25},{"not_picked":["Perfected Strike","Sentinel","Metallicize","Fire Breathing"],"picked":"SKIP","floor":31},{"not_picked":["Bludgeon","Reaper","Fiend Fire"],"picked":"Impervious","floor":33},{"not_picked":["Dual Wield+1","Wild Strike+1","Iron Wave+1"],"picked":"Rage+1","floor":35}],"player_experience":648414,"relics_obtained":[{"floor":7,"key":"Odd Mushroom"},{"floor":9,"key":"Letter Opener"},{"floor":12,"key":"Question Card"},{"floor":25,"key":"Anchor"},{"floor":26,"key":"Old Coin"}],"event_choices":[{"damage_healed":0,"gold_gain":0,"player_choice":"Leave","damage_taken":0,"max_hp_gain":0,"max_hp_loss":0,"event_name":"The Cleric","floor":3,"gold_loss":0},{"damage_healed":0,"gold_gain":0,"player_choice":"Take Wound","damage_taken":0,"relics_obtained":["Golden Idol"],"max_hp_gain":0,"max_hp_loss":0,"event_name":"Golden Idol","floor":4,"gold_loss":0,"cards_obtained":["Injury"]},{"damage_healed":0,"gold_gain":0,"player_choice":"Fought Mushrooms","damage_taken":0,"max_hp_gain":0,"max_hp_loss":0,"event_name":"Mushrooms","floor":7,"gold_loss":0},{"damage_healed":0,"gold_gain":0,"player_choice":"Gave Idol","damage_taken":0,"relics_obtained":["Bloody Idol"],"max_hp_gain":0,"max_hp_loss":0,"event_name":"Forgotten Altar","floor":20,"relics_lost":["Golden Idol"],"gold_loss":0},{"damage_healed":0,"gold_gain":0,"player_choice":"Upgraded","damage_taken":0,"max_hp_gain":0,"max_hp_loss":0,"event_name":"Upgrade Shrine","floor":21,"gold_loss":0,"cards_upgraded":["Seeing Red"]},{"damage_healed":0,"gold_gain":0,"player_choice":"Cursed","damage_taken":0,"max_hp_gain":0,"max_hp_loss":0,"event_name":"Wheel of Change","floor":30,"gold_loss":0,"cards_obtained":["Decay"]},{"damage_healed":0,"gold_gain":0,"player_choice":"Fight","damage_taken":0,"max_hp_gain":0,"max_hp_loss":0,"event_name":"Mysterious Sphere","floor":36,"gold_loss":0}],"is_beta":true,"boss_relics":[{"not_picked":["Empty Cage","Runic Dome"],"picked":"Cursed Key"},{"not_picked":["Runic Cube","Astrolabe"],"picked":"Lizard Tail"}],"items_purged_floors":[19,28],"is_endless":false,"potions_floor_spawned":[5,10,12,13,22,25,31,33,35],"killed_by":"2 Orb Walkers","ascension_level":0}