{"path_per_floor":["M","M","$","M","T","E","R","?","T","R","M","$","M","M","R"],"character_chosen":"DEFECT","items_purchased":[],"gold_per_floor":[366,384,309,324,324,352,352,352,352,352,371,271,283,299,299,299],"floor_reached":16,"campfire_rested":2,"playtime":392,"item_purchase_floors":[],"current_hp_per_floor":[38,38,38,38,38,9,31,16,16,38,40,40,34,33,33,33],"items_purged":["Strike_B","Defend_B"],"gold":299,"score":112,"play_id":"36d4d4f4-5a31-47d2-8c17-6ecb6e62ac6e","local_time":"20180621215111","is_prod":false,"is_daily":false,"chose_seed":false,"is_ascension_mode":true,"campfire_upgraded":1,"win_rate":0,"timestamp":1529632271,"campfire_choices":[{"floor":7,"key":"REST"},{"floor":10,"key":"REST"},{"data":"Dualcast","floor":15,"key":"SMITH"}],"path_taken":["M","M","$","M","?","E","R","?","T","R","M","?","M","M","R","BOSS"],"build_version":"2018-06-21","seed_source_timestamp":0,"purchased_purges":2,"circlet_count":0,"victory":false,"master_deck":["Strike_B","Strike_B","Strike_B","Defend_B","Defend_B","Defend_B","Zap+1","Dualcast+1","Leap+1","Ball Lightning","Melter"],"max_hp_per_floor":[75,75,75,75,75,75,75,75,75,75,77,77,79,81,81,81],"special_seed":0,"relics":["Cracked Core","Singing Bowl","Shuriken","Orichalcum"],"card_choices":[{"not_picked":["Hologram","Coolheaded","Stack"],"picked":"SKIP","floor":1.0},{"not_picked":["Lockon","Hologram"],"picked":"Leap","floor":2.0},{"not_picked":["Turbo","Steam Power"],"picked":"Ball Lightning","floor":4.0},{"not_picked":["Blizzard","Stack"],"picked":"Melter","floor":6},{"not_picked":["BootSequence","Amplify","Leap"],"picked":"Singing Bowl","floor":11},{"not_picked":["Beam Cell","Storm","Compile Driver"],"picked":"Singing Bowl","floor":13},{"not_picked":["Recycle","Beam Cell","Stack"],"picked":"Singing Bowl","floor":14}],"player_experience":254748,"potions_floor_usage":[],"damage_taken":[{"damage":0.0,"enemies":"Cultist","floor":1.0,"turns":3.0},{"damage":0.0,"enemies":"2 Louse","floor":2.0,"turns":2.0},{"damage":0.0,"enemies":"Jaw Worm","floor":4.0,"turns":3.0},{"damage":29,"enemies":"Gremlin Nob","floor":6,"turns":4},{"damage":0,"enemies":"Looter","floor":11,"turns":2},{"damage":8,"enemies":"Blue Slaver","floor":13,"turns":2},{"damage":3,"enemies":"2 Fungi Beasts","floor":14,"turns":3},{"damage":0,"enemies":"The Guardian","floor":16,"turns":1}],"relics_obtained":[{"floor":5.0,"key":"Singing Bowl"},{"floor":6,"key":"Shuriken"},{"floor":9,"key":"Orichalcum"}],"event_choices":[{"event_name":"Shining Light","player_choice":"Entered Light","floor":8,"damage_taken":0}],"boss_relics":[],"items_purged_floors":[],"is_endless":false,"potions_floor_spawned":[2,11,13,14],"seed_played":"6774640848434341841","killed_by":"The Guardian","ascension_level":2,"potions_obtained":[{"floor":2.0,"key":"GamblersBrew"},{"floor":11,"key":"Strength Potion"},{"floor":13,"key":"FocusPotion"}],"is_trial":false}