{"gold_per_floor":[110,70,145,70,89,89,115,115,115,129,146,159,159,159,159,231,231,244,15,105,115,133,133,133,133],"floor_reached":25,"playtime":827,"items_purged":["Strike_G"],"score":452,"play_id":"20a4e765-3008-4f30-81d7-c732b1667716","local_time":"20190116234146","is_ascension_mode":true,"campfire_choices":[{"data":"Deadly Poison","floor":6.0,"key":"SMITH"},{"data":"Neutralize","floor":13.0,"key":"SMITH"},{"data":"Footwork","floor":15.0,"key":"SMITH"},{"floor":23,"key":"REST"}],"neow_cost":"NONE","seed_source_timestamp":14305475853487,"circlet_count":0,"master_deck":["AscendersBane","Defend_G","Defend_G","Defend_G","Defend_G","Defend_G","Strike_G","Strike_G","Strike_G","Survivor","Neutralize+1","Well Laid Plans","Footwork+1","Deadly Poison+1","PiercingWail","Dagger Spray+1","Burst","Dagger Throw+1","Envenom","Bane+1","Glass Knife+1","Deadly Poison"],"special_seed":0,"relics":["Ring of the Serpent","NeowsBlessing","Bottled Lightning","Gambling Chip","Molten Egg 2"],"potions_floor_usage":[18,25,25],"damage_taken":[{"damage":0.0,"enemies":"Small Slimes","floor":1.0,"turns":1.0},{"damage":0.0,"enemies":"Jaw Worm","floor":5.0,"turns":1.0},{"damage":0.0,"enemies":"Gremlin Nob","floor":7.0,"turns":1.0},{"damage":1.0,"enemies":"Cultist","floor":10.0,"turns":4.0},{"damage":1.0,"enemies":"Looter","floor":11.0,"turns":4.0},{"damage":0.0,"enemies":"Exordium Wildlife","floor":12.0,"turns":2.0},{"damage":2.0,"enemies":"Hexaghost","floor":16.0,"turns":10.0},{"damage":14,"enemies":"Shell Parasite","floor":18,"turns":6},{"damage":1,"enemies":"Chosen","floor":21,"turns":5},{"damage":4,"enemies":"Centurion and Healer","floor":22,"turns":6},{"damage":27,"enemies":"Slavers","floor":25,"turns":3}],"seed_played":"-3476009930955569033","potions_obtained":[{"floor":7.0,"key":"Strength Potion"},{"floor":10.0,"key":"EssenceOfSteel"}],"is_trial":false,"path_per_floor":["M","$","?","?","M","R","E","?","T","M","M","M","R","?","R","B",null,"M","$","?","M","M","R","?","E"],"character_chosen":"THE_SILENT","items_purchased":["Footwork","Glass Knife+1"],"campfire_rested":1,"item_purchase_floors":[2,19],"current_hp_per_floor":[59,59,48,48,48,48,48,30,30,29,28,28,28,28,28,26,56,42,42,18,17,13,32,14,0],"gold":133,"neow_bonus":"THREE_ENEMY_KILL","is_prod":false,"is_daily":false,"chose_seed":false,"campfire_upgraded":3,"win_rate":0,"timestamp":1547678506,"path_taken":["M","$","?","?","M","R","E","?","T","M","M","M","R","?","R","BOSS","M","$","?","?","M","R","?","E"],"build_version":"2019-01-14v2","purchased_purges":1,"victory":false,"max_hp_per_floor":[66,66,66,66,66,66,66,66,66,66,66,66,66,66,66,66,66,66,66,66,66,66,66,71,71],"card_choices":[{"not_picked":["Deflect","Underhanded Strike"],"picked":"Well Laid Plans","floor":1.0},{"not_picked":["Cloak And Dagger","Sucker Punch"],"picked":"Deadly Poison","floor":5.0},{"not_picked":["Calculated Gamble","Distraction"],"picked":"PiercingWail","floor":7.0},{"not_picked":["Tactician","Deflect"],"picked":"Dagger Spray+1","floor":10.0},{"not_picked":["Quick Slash+1","Deflect"],"picked":"Burst","floor":11.0},{"not_picked":["Underhanded Strike+1","PiercingWail"],"picked":"Dagger Throw+1","floor":12.0},{"not_picked":["Night Terror","Burst"],"picked":"Envenom","floor":16.0},{"not_picked":["Slice+1","Flechettes+1"],"picked":"Bane+1","floor":18},{"not_picked":["Blade Dance","Eviscerate+1","Prepared"],"picked":"SKIP","floor":21},{"not_picked":["Terror","PiercingWail"],"picked":"Deadly Poison","floor":22}],"player_experience":893225,"relics_obtained":[{"floor":7.0,"key":"Bottled Lightning"},{"floor":9.0,"key":"Molten Egg 2"}],"event_choices":[{"damage_healed":0.0,"max_hp_gain":0.0,"max_hp_loss":0.0,"gold_gain":75.0,"event_name":"World of Goop","player_choice":"Gather Gold","floor":3.0,"gold_loss":0.0,"damage_taken":11.0},{"cards_removed":["Strike_G"],"damage_healed":0.0,"max_hp_gain":0.0,"max_hp_loss":0.0,"gold_gain":0.0,"event_name":"The Cleric","player_choice":"Card Removal","floor":4.0,"gold_loss":75.0,"damage_taken":0.0},{"damage_healed":0.0,"max_hp_gain":0.0,"max_hp_loss":0.0,"gold_gain":0.0,"event_name":"Scrap Ooze","player_choice":"Success","floor":8.0,"gold_loss":0.0,"damage_taken":18.0,"relics_obtained":["Gambling Chip"]},{"damage_healed":0.0,"max_hp_gain":0.0,"max_hp_loss":0.0,"gold_gain":0.0,"event_name":"Liars Game","player_choice":"Ignored","floor":14.0,"gold_loss":0.0,"damage_taken":0.0},{"damage_healed":0,"gold_gain":90,"player_choice":"POTION POTION GOLD ","damage_taken":24,"max_hp_gain":0,"max_hp_loss":0,"event_name":"Knowing Skull","floor":20,"potions_obtained":["Weak Potion","Swift Potion"],"gold_loss":0,"cards_obtained":[]},{"damage_healed":0,"gold_gain":0,"player_choice":"Shed Blood","damage_taken":23,"max_hp_gain":5,"max_hp_loss":0,"event_name":"Forgotten Altar","floor":24,"gold_loss":0}],"is_beta":true,"boss_relics":[{"not_picked":["Coffee Dripper","Black Star"],"picked":"Ring of the Serpent"}],"items_purged_floors":[19],"is_endless":false,"potions_floor_spawned":[7,10,21],"killed_by":"Slavers","ascension_level":20}