{"gold_per_floor":[210,226,0,0,20,20,54,54,54,88,88,88,126,142,142,142],"floor_reached":16,"playtime":1947,"items_purged":[],"score":212,"play_id":"87349890-24f5-4811-b2ea-737e36387770","local_time":"20190224205415","is_ascension_mode":true,"campfire_choices":[{"data":"Glass Knife","floor":6,"key":"SMITH"},{"floor":8,"key":"REST"},{"data":"Blur","floor":12,"key":"SMITH"},{"floor":15,"key":"REST"}],"neow_cost":"NONE","seed_source_timestamp":16320060453836,"circlet_count":0,"master_deck":["AscendersBane","Defend_G","Defend_G","Defend_G","Defend_G","Defend_G","Strike_G","Strike_G","Strike_G","Strike_G","Strike_G","Survivor","Neutralize","Dagger Throw","Glass Knife+1","Injury","Acrobatics","Blur+1","Terror"],"special_seed":0,"relics":["Ring of the Snake","Golden Idol","Mummified Hand","Molten Egg 2","Dodecahedron","Singing Bowl"],"potions_floor_usage":[7,10,10,13,16],"damage_taken":[{"damage":8.0,"enemies":"2 Louse","floor":1.0,"turns":3.0},{"damage":2.0,"enemies":"Jaw Worm","floor":2.0,"turns":6.0},{"damage":0,"enemies":"Cultist","floor":5,"turns":3},{"damage":20,"enemies":"Gremlin Nob","floor":7,"turns":4},{"damage":19,"enemies":"3 Sentries","floor":10,"turns":11},{"damage":27,"enemies":"Gremlin Nob","floor":13,"turns":5},{"damage":2,"enemies":"Exordium Thugs","floor":14,"turns":4},{"damage":72,"enemies":"Slime Boss","floor":16,"turns":11}],"seed_played":"3175625301534538769","potions_obtained":[{"floor":1.0,"key":"Poison Potion"},{"floor":7,"key":"Regen Potion"},{"floor":10,"key":"Weak Potion"},{"floor":14,"key":"Ancient Potion"}],"is_trial":false,"path_per_floor":["M","M","$","?","M","R","E","R","T","E","?","R","E","M","R","B"],"character_chosen":"THE_SILENT","items_purchased":["Dexterity Potion","Glass Knife"],"campfire_rested":2,"item_purchase_floors":[3,3],"current_hp_per_floor":[51,49,49,49,49,49,29,48,48,44,66,66,39,39,59,0],"gold":142,"neow_bonus":"HUNDRED_GOLD","is_prod":false,"is_daily":false,"chose_seed":false,"campfire_upgraded":2,"win_rate":0,"timestamp":1551063255,"path_taken":["M","M","$","?","M","R","E","R","T","E","?","R","E","M","R","BOSS"],"build_version":"2019-01-23","purchased_purges":0,"victory":false,"max_hp_per_floor":[66,66,66,66,66,66,66,66,66,66,66,66,66,68,68,68],"card_choices":[{"not_picked":["Accuracy","Outmaneuver"],"picked":"Dagger Throw","floor":1.0},{"not_picked":["Blade Dance","Accuracy","Sucker Punch"],"picked":"SKIP","floor":2.0},{"not_picked":["Blade Dance","Accuracy","Sucker Punch"],"picked":"SKIP","floor":2.0},{"not_picked":["Flying Knee","Endless Agony"],"picked":"Acrobatics","floor":5},{"not_picked":["Endless Agony","Calculated Gamble","Sucker Punch"],"picked":"SKIP","floor":7},{"not_picked":["Concentrate","Acrobatics"],"picked":"Blur","floor":10},{"not_picked":["Quick Slash+1","Storm of Steel"],"picked":"Terror","floor":13},{"not_picked":["Choke+1","Riddle With Holes+1","Flechettes+1"],"picked":"Singing Bowl","floor":14}],"player_experience":492725,"relics_obtained":[{"floor":7,"key":"Mummified Hand"},{"floor":9,"key":"Molten Egg 2"},{"floor":10,"key":"Dodecahedron"},{"floor":13,"key":"Singing Bowl"}],"event_choices":[{"damage_healed":0,"gold_gain":0,"player_choice":"Take Wound","damage_taken":0,"relics_obtained":["Golden Idol"],"max_hp_gain":0,"max_hp_loss":0,"event_name":"Golden Idol","floor":4,"gold_loss":0,"cards_obtained":["Injury"]},{"damage_healed":22,"gold_gain":0,"player_choice":"Banana","damage_taken":0,"max_hp_gain":0,"max_hp_loss":0,"event_name":"Big Fish","floor":11,"gold_loss":0}],"is_beta":false,"boss_relics":[],"items_purged_floors":[],"is_endless":false,"potions_floor_spawned":[1,7,10,14],"killed_by":"Slime Boss","ascension_level":16}