{"gold_per_floor":[115,125,200,215,140,140,172,172,172,172,201,201,211,3,3,80,80,96,107,26,26,40,40,70,70,93,93,93,43,43,55,55,55],"floor_reached":33,"playtime":1218,"items_purged":[],"score":515,"play_id":"b8cedc46-8722-4f53-8ab4-7edcb8447e73","local_time":"20190221155153","is_ascension_mode":true,"campfire_choices":[{"data":"Zap","floor":6,"key":"SMITH"},{"floor":8,"key":"REST"},{"floor":10,"key":"REST"},{"data":"Recycle","floor":12,"key":"SMITH"},{"floor":15,"key":"REST"},{"floor":23,"key":"REST"},{"floor":25,"key":"REST"},{"data":"Apotheosis","floor":27,"key":"SMITH"},{"floor":30,"key":"REST"},{"data":"Conserve Battery","floor":32,"key":"SMITH"}],"neow_cost":"NONE","seed_source_timestamp":449752843017218,"circlet_count":0,"master_deck":["AscendersBane","Strike_B+1","Strike_B","Defend_B","Defend_B","Defend_B","Defend_B","Zap+1","Dualcast","Reboot","Conserve Battery+1","Streamline","Rebound","Recycle+1","Stack","Apotheosis+1","Electrodynamics","Self Repair","Sunder+1","Go for the Eyes+1","Stack","Self Repair"],"relics":["Cracked Core","Cables","Pocketwatch","Nuclear Battery","Pen Nib","PreservedInsect","Boot"],"potions_floor_usage":[7,11,13,33],"damage_taken":[{"damage":1,"enemies":"Small Slimes","floor":1,"turns":3},{"damage":0,"enemies":"Jaw Worm","floor":2,"turns":4},{"damage":0,"enemies":"2 Louse","floor":4,"turns":2},{"damage":41,"enemies":"3 Sentries","floor":7,"turns":13},{"damage":13,"enemies":"Lagavulin","floor":11,"turns":4},{"damage":10,"enemies":"Gremlin Gang","floor":13,"turns":3},{"damage":12,"enemies":"Hexaghost","floor":16,"turns":9},{"damage":12,"enemies":"Chosen","floor":18,"turns":5},{"damage":2,"enemies":"Spheric Guardian","floor":19,"turns":3},{"damage":28,"enemies":"Centurion and Healer","floor":22,"turns":6},{"damage":26,"enemies":"Slavers","floor":24,"turns":3},{"damage":5,"enemies":"Snake Plant","floor":31,"turns":3},{"damage":72,"enemies":"Champ","floor":33,"turns":11}],"seed_played":"8464406310466005620","potions_obtained":[{"floor":4,"key":"Swift Potion"},{"floor":7,"key":"AttackPotion"},{"floor":11,"key":"PowerPotion"},{"floor":13,"key":"SteroidPotion"},{"floor":18,"key":"AttackPotion"}],"is_trial":false,"path_per_floor":["M","M","?","M","?","R","E","R","T","R","E","R","M","$","R","B",null,"M","M","$","?","M","R","E","R","T","R","?","?","R","M","R","B"],"character_chosen":"DEFECT","items_purchased":["Apotheosis","Sunder"],"campfire_rested":6,"item_purchase_floors":[14,20],"current_hp_per_floor":[63,63,52,52,52,52,11,32,32,53,40,40,30,30,51,39,63,51,49,49,49,28,49,23,44,44,44,44,44,65,70,70,0],"gold":55,"neow_bonus":"ONE_RANDOM_RARE_CARD","is_prod":false,"is_daily":false,"chose_seed":false,"campfire_upgraded":4,"win_rate":0,"timestamp":1550757113,"path_taken":["M","M","?","M","?","R","E","R","T","R","E","R","M","?","R","BOSS","M","M","$","?","?","R","E","R","T","R","?","?","R","?","R","BOSS"],"build_version":"2019-01-23","purchased_purges":0,"victory":false,"max_hp_per_floor":[71,71,71,71,71,71,71,71,71,71,71,71,71,71,71,71,71,71,71,71,71,71,71,71,71,71,71,71,71,71,71,71,71],"card_choices":[{"not_picked":["FTL","Coolheaded"],"picked":"Conserve Battery","floor":1},{"not_picked":["Reprogram","Scrape"],"picked":"Streamline","floor":2},{"not_picked":["Rip and Tear","Compile Driver","Force Field"],"picked":"SKIP","floor":4},{"not_picked":["Barrage","Heatsinks"],"picked":"Rebound","floor":7},{"not_picked":["Biased Cognition","Gash"],"picked":"Recycle","floor":11},{"not_picked":["Cold Snap","Redo"],"picked":"Stack","floor":13},{"not_picked":["Thunder Strike","Core Surge"],"picked":"Electrodynamics","floor":16},{"not_picked":["Aggregate","Heatsinks","Scrape"],"picked":"SKIP","floor":18},{"not_picked":["Steam","Leap"],"picked":"Self Repair","floor":19},{"not_picked":["Compile Driver","Sunder"],"picked":"Go for the Eyes+1","floor":22},{"not_picked":["Ball Lightning","Turbo"],"picked":"Stack","floor":24},{"not_picked":["Scrape","Double Energy"],"picked":"Self Repair","floor":31}],"player_experience":749309,"relics_obtained":[{"floor":7,"key":"Cables"},{"floor":11,"key":"Pocketwatch"},{"floor":24,"key":"PreservedInsect"},{"floor":26,"key":"Boot"}],"event_choices":[{"damage_healed":0,"gold_gain":75,"player_choice":"Gather Gold","damage_taken":11,"max_hp_gain":0,"max_hp_loss":0,"event_name":"World of Goop","floor":3,"gold_loss":0},{"cards_removed":["Strike_B"],"damage_healed":0,"gold_gain":0,"player_choice":"Card Removal","damage_taken":0,"max_hp_gain":0,"max_hp_loss":0,"event_name":"The Cleric","floor":5,"gold_loss":75},{"damage_healed":0,"gold_gain":0,"player_choice":"Gave Potion","damage_taken":0,"relics_obtained":["Pen Nib"],"max_hp_gain":0,"max_hp_loss":0,"event_name":"WeMeetAgain","floor":21,"gold_loss":0},{"cards_removed":["Strike_B"],"damage_healed":0,"gold_gain":0,"player_choice":"Elegance","damage_taken":0,"max_hp_gain":0,"max_hp_loss":0,"event_name":"Back to Basics","floor":28,"gold_loss":0},{"damage_healed":0,"gold_gain":0,"player_choice":"Upgraded Two","damage_taken":0,"max_hp_gain":0,"max_hp_loss":0,"event_name":"Designer","floor":29,"gold_loss":50,"cards_upgraded":["Sunder","Strike_B"]}],"is_beta":false,"boss_relics":[{"not_picked":["Busted Crown","Velvet Choker"],"picked":"Nuclear Battery"}],"items_purged_floors":[],"is_endless":false,"potions_floor_spawned":[4,7,11,13,18,19],"killed_by":"Champ","ascension_level":18}