{"gold_per_floor":[11,30,40,51,64,64,98,98,98,113,39,39,39,39,39,164,164,150,169,169,84,84,84,111,111,111,143,143,174,190,190,190,291,291,308,308,323,133,150,150,184,184,184,200,200,54,71,104,104,104],"floor_reached":51,"playtime":3455,"items_purged":["Doubt"],"score":1206,"play_id":"5fdd3c3b-9d68-443f-b9e2-6c8b7b3be988","local_time":"20190125201936","is_ascension_mode":true,"campfire_choices":[{"data":"Apotheosis","floor":6.0,"key":"SMITH"},{"floor":8.0,"key":"REST"},{"floor":13.0,"key":"REST"},{"data":"Noxious Fumes","floor":15.0,"key":"SMITH"},{"data":"Caltrops","floor":23.0,"key":"SMITH"},{"floor":32.0,"key":"REST"},{"floor":40.0,"key":"REST"},{"floor":42.0,"key":"REST"},{"floor":49,"key":"REST"}],"neow_cost":"NO_GOLD","seed_source_timestamp":22680122318480,"circlet_count":0,"master_deck":["AscendersBane","Defend_G","Defend_G","Defend_G","Defend_G","Strike_G","Strike_G","Survivor","Neutralize","Apotheosis+1","Blind","Well Laid Plans","Caltrops+1","Deadly Poison","Dagger Spray","Predator+1","Noxious Fumes+1","Deadly Poison","Dash","Adrenaline","Grand Finale","Flying Knee","Backflip","PiercingWail","Burst","Terror","Footwork","Terror"],"special_seed":0,"relics":["Ring of the Snake","Potion Belt","Sundial","Bloody Idol","Busted Crown","Juzu Bracelet","Bottled Flame","Ancient Tea Set","Bottled Tornado","Whetstone","GremlinMask","Sozu","Bronze Scales","Bag of Preparation","Mercury Hourglass","Orichalcum"],"potions_floor_usage":[50,50],"damage_taken":[{"damage":0.0,"enemies":"Cultist","floor":1.0,"turns":4.0},{"damage":1.0,"enemies":"Jaw Worm","floor":2.0,"turns":4.0},{"damage":10.0,"enemies":"2 Louse","floor":3.0,"turns":4.0},{"damage":7.0,"enemies":"Exordium Thugs","floor":4.0,"turns":6.0},{"damage":0.0,"enemies":"Looter","floor":5.0,"turns":3.0},{"damage":7.0,"enemies":"3 Sentries","floor":7.0,"turns":7.0},{"damage":12.0,"enemies":"3 Louse","floor":10.0,"turns":2.0},{"damage":1.0,"enemies":"The Guardian","floor":16.0,"turns":9.0},{"damage":1.0,"enemies":"2 Thieves","floor":18.0,"turns":4.0},{"damage":0.0,"enemies":"3 Byrds","floor":19.0,"turns":3.0},{"damage":15.0,"enemies":"Book of Stabbing","floor":24.0,"turns":4.0},{"damage":5.0,"enemies":"Slavers","floor":27.0,"turns":5.0},{"damage":37.0,"enemies":"Gremlin Leader","floor":29.0,"turns":7.0},{"damage":7.0,"enemies":"Snecko","floor":30.0,"turns":5.0},{"damage":21.0,"enemies":"Collector","floor":33.0,"turns":8.0},{"damage":17.0,"enemies":"3 Shapes","floor":35.0,"turns":4.0},{"damage":9.0,"enemies":"Orb Walker","floor":37.0,"turns":5.0},{"damage":24.0,"enemies":"3 Darklings","floor":39.0,"turns":4.0},{"damage":44.0,"enemies":"Nemesis","floor":41.0,"turns":9.0},{"damage":21.0,"enemies":"Transient","floor":44.0,"turns":5.0},{"damage":8.0,"enemies":"Sphere and 2 Shapes","floor":47.0,"turns":5.0},{"damage":33.0,"enemies":"Giant Head","floor":48.0,"turns":8.0},{"damage":41,"enemies":"Donu and Deca","floor":50,"turns":7}],"seed_played":"-3467523951400892155","potions_obtained":[{"floor":3.0,"key":"Strength Potion"},{"floor":4.0,"key":"LiquidBronze"},{"floor":10.0,"key":"Energy Potion"},{"floor":18.0,"key":"SteroidPotion"},{"floor":24.0,"key":"EssenceOfSteel"},{"floor":29.0,"key":"SteroidPotion"},{"floor":30.0,"key":"AttackPotion"}],"is_trial":false,"path_per_floor":["M","M","M","M","M","R","E","R","T","M","$","?","R","?","R","B",null,"M","M","?","?","?","R","E","?","T","E","?","E","M","?","R","B",null,"M","?","M","$","M","R","E","R","T","M","?","$","M","E","R","B",null],"character_chosen":"THE_SILENT","items_purchased":["Dash","Bronze Scales","Terror","Footwork"],"campfire_rested":6,"item_purchase_floors":[11,38,38,46],"current_hp_per_floor":[63,62,52,45,45,45,38,59,59,47,47,47,68,51,51,50,65,64,64,64,64,64,64,54,54,54,54,54,22,20,20,41,25,59,47,47,43,43,24,45,6,27,27,11,70,70,67,39,60,19],"gold":104,"neow_bonus":"RANDOM_COLORLESS_2","is_prod":false,"is_daily":false,"chose_seed":false,"campfire_upgraded":3,"win_rate":0,"timestamp":1548443976,"path_taken":["M","M","M","M","M","R","E","R","T","?","$","?","R","?","R","BOSS","M","M","?","?","?","R","E","?","T","E","?","E","M","?","R","BOSS","M","?","M","$","M","R","E","R","T","M","?","?","M","E","R","BOSS"],"build_version":"2019-01-23","purchased_purges":1,"victory":true,"max_hp_per_floor":[70,70,70,70,70,70,70,70,70,70,70,70,70,70,70,70,70,70,70,70,70,70,70,70,70,70,70,70,70,70,70,70,70,70,70,70,70,70,70,70,70,70,70,70,70,70,70,70,70,70],"card_choices":[{"not_picked":["Deadly Poison","PiercingWail"],"picked":"Well Laid Plans","floor":1.0},{"not_picked":["Deflect","Choke"],"picked":"Caltrops","floor":2.0},{"not_picked":["Setup","Blade Dance"],"picked":"Deadly Poison","floor":3.0},{"not_picked":["Prepared","Dodge and Roll"],"picked":"Dagger Spray","floor":4.0},{"not_picked":["Dagger Throw","Acrobatics"],"picked":"Predator","floor":5.0},{"not_picked":["Underhanded Strike","Infinite Blades"],"picked":"Noxious Fumes","floor":7.0},{"not_picked":["Flying Knee","Endless Agony"],"picked":"Deadly Poison","floor":10.0},{"not_picked":["Phantasmal Killer","Night Terror"],"picked":"Adrenaline","floor":16.0},{"not_picked":["Choke"],"picked":"SKIP","floor":18.0},{"not_picked":["Blade Dance"],"picked":"SKIP","floor":19.0},{"not_picked":["Grand Finale"],"picked":"SKIP","floor":24.0},{"not_picked":["Slice"],"picked":"SKIP","floor":27.0},{"not_picked":[],"picked":"PiercingWail","floor":29.0},{"not_picked":["Deflect"],"picked":"SKIP","floor":30.0},{"not_picked":[],"picked":"Burst","floor":33.0},{"not_picked":["Bouncing Flask"],"picked":"SKIP","floor":35.0},{"not_picked":["Slice"],"picked":"SKIP","floor":37.0},{"not_picked":["Prepared"],"picked":"SKIP","floor":39.0},{"not_picked":["Setup+1"],"picked":"SKIP","floor":41.0},{"not_picked":["Slice"],"picked":"SKIP","floor":44.0},{"not_picked":["Tactician"],"picked":"SKIP","floor":47.0},{"not_picked":[],"picked":"Terror","floor":48.0}],"player_experience":379151,"relics_obtained":[{"floor":7.0,"key":"Potion Belt"},{"floor":9.0,"key":"Sundial"},{"floor":24.0,"key":"Bottled Flame"},{"floor":26.0,"key":"Ancient Tea Set"},{"floor":27.0,"key":"Bottled Tornado"},{"floor":29.0,"key":"Whetstone"},{"floor":41.0,"key":"Bag of Preparation"},{"floor":43.0,"key":"Mercury Hourglass"},{"floor":48.0,"key":"Orichalcum"}],"event_choices":[{"damage_healed":0.0,"max_hp_gain":0.0,"max_hp_loss":0.0,"gold_gain":0.0,"event_name":"The Cleric","player_choice":"Leave","floor":12.0,"gold_loss":0.0,"damage_taken":0.0},{"damage_healed":0.0,"max_hp_gain":0.0,"max_hp_loss":0.0,"gold_gain":0.0,"event_name":"Golden Idol","player_choice":"Take Damage","floor":14.0,"gold_loss":0.0,"damage_taken":17.0,"relics_obtained":["Golden Idol"]},{"damage_healed":0.0,"max_hp_gain":0.0,"max_hp_loss":0.0,"gold_gain":0.0,"event_name":"Forgotten Altar","player_choice":"Gave Idol","floor":20.0,"relics_lost":["Golden Idol"],"gold_loss":0.0,"damage_taken":0.0,"relics_obtained":["Bloody Idol"]},{"damage_healed":0.0,"max_hp_gain":0.0,"max_hp_loss":0.0,"gold_gain":0.0,"event_name":"Addict","player_choice":"Obtained Relic","floor":21.0,"gold_loss":85.0,"damage_taken":0.0,"relics_obtained":["Juzu Bracelet"]},{"damage_healed":0.0,"max_hp_gain":0.0,"max_hp_loss":0.0,"gold_gain":0.0,"cards_transformed":["Defend_G","Strike_G"],"event_name":"Drug Dealer","player_choice":"Became Test Subject","floor":22.0,"gold_loss":0.0,"damage_taken":0.0,"cards_obtained":["Grand Finale","Flying Knee"]},{"damage_healed":0.0,"max_hp_gain":0.0,"max_hp_loss":0.0,"gold_gain":0.0,"event_name":"The Library","player_choice":"Read","floor":25.0,"gold_loss":0.0,"damage_taken":0.0,"cards_obtained":["Backflip"]},{"cards_removed":["Strike_G"],"damage_healed":0.0,"max_hp_gain":0.0,"max_hp_loss":0.0,"gold_gain":0.0,"event_name":"Purifier","player_choice":"Purged","floor":28.0,"gold_loss":0.0,"damage_taken":0.0},{"damage_healed":0.0,"max_hp_gain":0.0,"max_hp_loss":0.0,"gold_gain":0.0,"event_name":"FaceTrader","player_choice":"Trade","floor":31.0,"gold_loss":0.0,"damage_taken":0.0,"relics_obtained":["GremlinMask"]},{"cards_removed":["Strike_G"],"damage_healed":0.0,"max_hp_gain":0.0,"max_hp_loss":0.0,"gold_gain":0.0,"event_name":"Falling","player_choice":"Removed Attack","floor":36.0,"gold_loss":0.0,"damage_taken":0.0},{"damage_healed":59.0,"max_hp_gain":0.0,"max_hp_loss":0.0,"gold_gain":0.0,"event_name":"MindBloom","player_choice":"Heal","floor":45.0,"gold_loss":0.0,"damage_taken":0.0,"cards_obtained":["Doubt"]}],"is_beta":false,"boss_relics":[{"not_picked":["Eternal Feather","Lizard Tail"],"picked":"Busted Crown"},{"not_picked":["Empty Cage","HoveringKite"],"picked":"Sozu"}],"items_purged_floors":[46],"is_endless":false,"potions_floor_spawned":[3,4,5,10,18,24,29,30,35,39,47],"ascension_level":12}