{"path_per_floor":["M","?","M","M","?","R","M","E","T","M","?","M","M","?","R","B",null,"M","M","?","?","M"],"character_chosen":"DEFECT","items_purchased":[],"gold_per_floor":[116,116,129,142,142,142,157,183,183,198,148,158,173,200,200,303,303,319,337,337,337,353,353],"floor_reached":23,"campfire_rested":0,"playtime":783,"item_purchase_floors":[],"current_hp_per_floor":[74,59,59,57,57,57,49,28,28,40,40,47,49,56,56,52,75,58,49,49,49,46,0],"items_purged":[],"gold":353,"score":205,"play_id":"5e3d743f-3f94-4e3f-9451-ecaa4e61d104","local_time":"20180601194941","is_prod":false,"is_daily":false,"chose_seed":false,"is_ascension_mode":true,"campfire_upgraded":2,"win_rate":0.0,"timestamp":1527896981,"campfire_choices":[{"data":"Dualcast","floor":6,"key":"SMITH"},{"data":"Genetic Algorithm","floor":15,"key":"SMITH"}],"path_taken":["M","?","M","M","?","R","M","E","T","?","?","M","M","?","R","BOSS","M","M","?","?","M","E"],"build_version":"2018-05-31","seed_source_timestamp":21900311130535,"purchased_purges":0,"victory":false,"master_deck":["Strike_B","Strike_B","Defend_B+1","Defend_B","Defend_B","Zap+1","Dualcast+1","Sweeping Beam","Go for the Eyes","Ball Lightning","Leap","Self Repair","Beam Cell","Genetic Algorithm+1","Auto Shields","Darkness","Multi-Cast","Doom and Gloom","Melter","Redo"],"max_hp_per_floor":[75,75,75,75,75,75,75,75,75,75,75,75,75,75,75,75,75,75,75,75,75,75,75],"relics":["Cracked Core","Meat on the Bone","Mummified Hand","Odd Mushroom","Black Star"],"card_choices":[{"not_picked":["Steam","Streamline","BootSequence"],"picked":"SKIP","floor":1},{"not_picked":["Steam Power","Conserve Battery"],"picked":"Go for the Eyes","floor":3},{"not_picked":["Hologram","Cold Snap"],"picked":"Ball Lightning","floor":4},{"not_picked":["Compile Driver","Consume"],"picked":"Leap","floor":7},{"not_picked":["Beam Cell","Rebound"],"picked":"Self Repair","floor":8},{"not_picked":["Leap","Cold Snap"],"picked":"Beam Cell","floor":10},{"not_picked":["Reinforced Body","Leap"],"picked":"Genetic Algorithm","floor":12},{"not_picked":["Steam","Sweeping Beam"],"picked":"Auto Shields","floor":13},{"not_picked":["Rebound","Meteor Strike"],"picked":"Darkness","floor":14},{"not_picked":["Seek","Echo Form"],"picked":"Multi-Cast","floor":16},{"not_picked":["Beam Cell","Go for the Eyes"],"picked":"Doom and Gloom","floor":18},{"not_picked":["Go for the Eyes+1","Stack+1","BootSequence"],"picked":"SKIP","floor":19},{"not_picked":["Steam","Streamline"],"picked":"Redo","floor":22}],"player_experience":231798,"potions_floor_usage":[22],"damage_taken":[{"damage":1,"enemies":"Cultist","floor":1,"turns":3},{"damage":0,"enemies":"Small Slimes","floor":3,"turns":2},{"damage":2,"enemies":"2 Louse","floor":4,"turns":2},{"damage":8,"enemies":"Exordium Thugs","floor":7,"turns":4},{"damage":21,"enemies":"Gremlin Nob","floor":8,"turns":4},{"damage":0,"enemies":"3 Louse","floor":10,"turns":3},{"damage":0,"enemies":"Red Slaver","floor":12,"turns":3},{"damage":5,"enemies":"2 Fungi Beasts","floor":13,"turns":3},{"damage":12,"enemies":"The Mushroom Lair","floor":14,"turns":3},{"damage":11,"enemies":"Slime Boss","floor":16,"turns":8},{"damage":24,"enemies":"2 Thieves","floor":18,"turns":3},{"damage":16,"enemies":"Chosen","floor":19,"turns":6},{"damage":10,"enemies":"Snake Plant","floor":22,"turns":5},{"damage":48,"enemies":"Slavers","floor":23,"turns":5}],"relics_obtained":[{"floor":8,"key":"Meat on the Bone"},{"floor":9,"key":"Mummified Hand"},{"floor":14,"key":"Odd Mushroom"}],"event_choices":[{"event_name":"Shining Light","player_choice":"Entered Light","floor":2,"damage_taken":0},{"event_name":"Match and Keep!","player_choice":"0 cards matched","floor":5,"damage_taken":0},{"event_name":"The Cleric","player_choice":"Card Removal","floor":11,"damage_taken":0},{"event_name":"Mushrooms","player_choice":"Fought Mushrooms","floor":14,"damage_taken":0},{"event_name":"Drug Dealer","player_choice":"Ignored","floor":20,"damage_taken":0},{"event_name":"Transmorgrifier","player_choice":"Transform","floor":21,"damage_taken":0}],"boss_relics":[{"not_picked":["Ectoplasm","White Beast Statue"],"picked":"Black Star"}],"items_purged_floors":[],"potions_floor_spawned":[1,4,8,10,12,18],"seed_played":"-2207773015961688916","killed_by":"Slavers","ascension_level":1,"potions_obtained":[{"floor":1,"key":"SpeedPotion"},{"floor":4,"key":"FearPotion"},{"floor":8,"key":"Poison Potion"},{"floor":12,"key":"FocusPotion"},{"floor":18,"key":"EssenceOfSteel"}],"is_trial":false}