{"gold_per_floor":[116,136,56,56,68,68,95,110,183,193,157,174,31,44,44,148,148,168,184,184,184],"floor_reached":21,"playtime":783,"items_purged":[],"score":256,"play_id":"cc6f7c20-8d26-4e32-a8a9-1e7cc58a0fac","local_time":"20190223174355","is_ascension_mode":true,"campfire_choices":[{"data":"Noxious Fumes","floor":6,"key":"SMITH"},{"floor":15,"key":"REST"}],"neow_cost":"NONE","seed_source_timestamp":149235215104829,"circlet_count":0,"master_deck":["Defend_G","Defend_G","Defend_G","Defend_G","Defend_G","Strike_G","Strike_G","Strike_G","Strike_G","Survivor","Neutralize","Poisoned Stab","Flying Knee","Noxious Fumes+1","Poisoned Stab","Poisoned Stab","PiercingWail","Leg Sweep","PiercingWail","Burst","Envenom","PiercingWail"],"relics":["Ring of the Snake","NeowsBlessing","Ice Cream","Letter Opener","Velvet Choker"],"potions_floor_usage":[7,8,14,16,20],"damage_taken":[{"damage":0,"enemies":"2 Louse","floor":1,"turns":1},{"damage":0,"enemies":"Cultist","floor":2,"turns":1},{"damage":0,"enemies":"Jaw Worm","floor":5,"turns":1},{"damage":22,"enemies":"Gremlin Nob","floor":7,"turns":4},{"damage":8,"enemies":"3 Louse","floor":8,"turns":2},{"damage":19,"enemies":"Exordium Wildlife","floor":10,"turns":4},{"damage":7,"enemies":"Lots of Slimes","floor":12,"turns":5},{"damage":1,"enemies":"Looter","floor":14,"turns":3},{"damage":10,"enemies":"Slime Boss","floor":16,"turns":10},{"damage":6,"enemies":"Spheric Guardian","floor":18,"turns":5},{"damage":24,"enemies":"3 Byrds","floor":19,"turns":6},{"damage":18,"enemies":"Colosseum Slavers","floor":20,"turns":6},{"damage":13,"enemies":"Centurion and Healer","floor":21,"turns":6}],"seed_played":"3366670569649395845","potions_obtained":[{"floor":2,"key":"Energy Potion"},{"floor":5,"key":"Poison Potion"},{"floor":7,"key":"Fire Potion"},{"floor":14,"key":"GhostInAJar"},{"floor":18,"key":"Strength Potion"},{"floor":19,"key":"Dexterity Potion"}],"is_trial":false,"path_per_floor":["M","M","$","?","M","R","E","M","T","M","?","M","$","M","R","B",null,"M","M","?","M"],"character_chosen":"THE_SILENT","items_purchased":["Noxious Fumes","Burst"],"campfire_rested":1,"item_purchase_floors":[3,13],"current_hp_per_floor":[63,63,63,63,63,63,41,33,33,14,14,7,7,6,27,17,57,51,27,9,0],"gold":184,"neow_bonus":"THREE_ENEMY_KILL","is_prod":false,"is_daily":false,"chose_seed":false,"campfire_upgraded":1,"win_rate":0,"timestamp":1550961835,"path_taken":["M","M","$","?","?","R","E","M","T","M","?","M","?","M","R","BOSS","M","M","?","M"],"build_version":"2019-01-23","purchased_purges":0,"victory":false,"max_hp_per_floor":[70,70,70,70,70,70,70,70,70,70,70,70,70,70,70,70,70,70,70,70,70],"card_choices":[{"not_picked":["Dagger Throw","Predator"],"picked":"Poisoned Stab","floor":1},{"not_picked":["Concentrate","Accuracy"],"picked":"Flying Knee","floor":2},{"not_picked":["Leg Sweep","Concentrate"],"picked":"Poisoned Stab","floor":5},{"not_picked":["Dagger Throw","Blade Dance"],"picked":"Poisoned Stab","floor":7},{"not_picked":["Finisher","Heel Hook"],"picked":"PiercingWail","floor":8},{"not_picked":["Accuracy","Dash"],"picked":"Leg Sweep","floor":10},{"not_picked":["Quick Slash","Sucker Punch"],"picked":"PiercingWail","floor":12},{"not_picked":["Underhanded Strike","Finisher","Sucker Punch"],"picked":"SKIP","floor":14},{"not_picked":["Phantasmal Killer","Wraith Form v2"],"picked":"Envenom","floor":16},{"not_picked":["Heel Hook","Blade Dance"],"picked":"PiercingWail","floor":18},{"not_picked":["Quick Slash","Deadly Poison","Riddle With Holes"],"picked":"SKIP","floor":19}],"player_experience":355365,"relics_obtained":[{"floor":7,"key":"Ice Cream"},{"floor":9,"key":"Letter Opener"}],"event_choices":[{"cards_removed":["Strike_G"],"damage_healed":0,"gold_gain":0,"player_choice":"Offered Basic","damage_taken":0,"max_hp_gain":0,"max_hp_loss":0,"event_name":"Bonfire Elementals","floor":4,"gold_loss":0},{"damage_healed":0,"gold_gain":0,"player_choice":"Left Gold","damage_taken":0,"max_hp_gain":0,"max_hp_loss":0,"event_name":"World of Goop","floor":11,"gold_loss":36},{"damage_healed":0,"gold_gain":0,"player_choice":"Fight","damage_taken":0,"max_hp_gain":0,"max_hp_loss":0,"event_name":"Colosseum","floor":20,"gold_loss":0},{"damage_healed":0,"gold_gain":0,"player_choice":"Fled From Nobs","damage_taken":0,"max_hp_gain":0,"max_hp_loss":0,"event_name":"Colosseum","floor":20,"gold_loss":0}],"is_beta":false,"boss_relics":[{"not_picked":["HoveringKite","Black Star"],"picked":"Velvet Choker"}],"items_purged_floors":[],"is_endless":false,"potions_floor_spawned":[2,5,7,14,18,19,20],"killed_by":"Centurion and Healer","ascension_level":8}