{"path_per_floor":["M","M","$","?","M","M","R","M","T","?","E","R","M","M","R","B",null,"M","M","?","?","$","R"],"character_chosen":"IRONCLAD","items_purchased":["Transmutation"],"gold_per_floor":[109,120,45,120,130,149,149,166,240,205,238,238,249,260,260,364,364,381,398,398,398,86,86,86],"floor_reached":24,"campfire_rested":2,"playtime":1017,"current_hp_per_floor":[80,80,80,69,71,66,66,68,68,80,80,80,74,71,87,47,87,47,23,23,23,23,35,0],"items_purged":["Writhe","Regret"],"gold":86,"score":234,"play_id":"aac998de-0ce8-4d09-b894-5eef306dd333","local_time":"20180401031851","is_prod":false,"is_daily":false,"is_ascension_mode":true,"campfire_upgraded":2,"timestamp":1522561731,"path_taken":["M","M","$","?","M","M","R","?","T","?","E","R","M","M","R","BOSS","M","M","?","?","$","R","E"],"build_version":"2018-03-29v2","purchased_purges":2,"victory":false,"master_deck":["Strike_R","Strike_R","Strike_R","Strike_R","Strike_R","Defend_R","Defend_R","Defend_R","Defend_R","Bash","Offering","Thunderclap+1","Dropkick","Disarm","Clash","Rampage+1","Impervious","Perfected Strike","Exhume","Parasite","Parasite","Second Wind","Ghostly","Ghostly","Ghostly","Ghostly","Ghostly","Transmutation"],"max_hp_per_floor":[80,80,80,80,80,80,80,80,80,80,87,87,87,87,87,87,87,87,87,87,43,43,43,43],"relics":["Burning Blood","Dodecahedron","Calling Bell","Toolbox","Shovel","Frozen Egg 2","Nloth\u0027s Gift"],"card_choices":[{"not_picked":["Dark Embrace","Exhume"],"picked":"Offering","floor":0},{"not_picked":["Reckless Charge","Fire Breathing"],"picked":"Thunderclap","floor":1},{"not_picked":["Clash","Shrug It Off"],"picked":"Dropkick","floor":2},{"not_picked":["Armaments","Warcry"],"picked":"Disarm","floor":5},{"not_picked":["Cleave","Entrench"],"picked":"Clash","floor":6},{"not_picked":["Blood for Blood","Reckless Charge"],"picked":"Rampage","floor":8},{"not_picked":["Anger","Heavy Blade"],"picked":"Impervious","floor":13},{"not_picked":["Pommel Strike","Wild Strike"],"picked":"Perfected Strike","floor":14},{"not_picked":["Immolate","Impervious"],"picked":"Exhume","floor":16},{"not_picked":["Body Slam","Metallicize"],"picked":"Second Wind","floor":18}],"player_experience":270367,"potions_floor_usage":[11,11,16,19],"damage_taken":[{"damage":5,"enemies":"Cultist","floor":1,"turns":3},{"damage":4,"enemies":"2 Louse","floor":2,"turns":2},{"damage":4,"enemies":"Small Slimes","floor":5,"turns":3},{"damage":11,"enemies":"Exordium Wildlife","floor":6,"turns":3},{"damage":4,"enemies":"Blue Slaver","floor":8,"turns":2},{"damage":13,"enemies":"Lagavulin","floor":11,"turns":5},{"damage":12,"enemies":"Large Slime","floor":13,"turns":4},{"damage":9,"enemies":"Looter","floor":14,"turns":3},{"damage":46,"enemies":"Slime Boss","floor":16,"turns":9},{"damage":46,"enemies":"Chosen","floor":18,"turns":9},{"damage":30,"enemies":"Shell Parasite","floor":19,"turns":7},{"damage":46,"enemies":"Gremlin Leader","floor":24,"turns":7}],"event_choices":[{"event_name":"World of Goop","player_choice":"Gather Gold","floor":4,"damage_taken":0},{"event_name":"The Cleric","player_choice":"Healed","floor":10,"damage_taken":0},{"event_name":"N\u0027loth","player_choice":"Traded a Strawberry","floor":20,"damage_taken":0},{"event_name":"Ghosts","player_choice":"Became a Ghost","floor":21,"damage_taken":0}],"boss_relics":[{"not_picked":["Runic Pyramid","Eternal Feather"],"picked":"Calling Bell"}],"potions_floor_spawned":[2,8,13,18],"seed_played":"4219843441873940053","killed_by":"Gremlin Leader","ascension_level":1,"is_trial":false}