{"gold_per_floor":[164,209,254,254,18,18,128,193,193,238,238,163,163,163,163,483,483,548,593,218,263,98,143,143],"floor_reached":24,"playtime":4894,"items_purged":[],"score":248,"play_id":"feeb41ce-b612-48c7-a7db-af826ba23b49","local_time":"20190101032355","daily_mods":["Allstar","Hoarder","Midas"],"is_ascension_mode":false,"campfire_choices":[{"floor":6,"key":"REST"},{"floor":13,"key":"REST"},{"floor":15,"key":"REST"}],"neow_cost":"","seed_source_timestamp":0,"circlet_count":0,"master_deck":["Strike_R","Strike_R","Strike_R","Strike_R","Strike_R","Defend_R","Defend_R","Defend_R","Defend_R","Bash","Bandage Up","Bandage Up","Jack Of All Trades","Jack Of All Trades","Jack Of All Trades","HandOfGreed","HandOfGreed","HandOfGreed","Chrysalis","Chrysalis","Chrysalis","Finesse","Finesse","Cleave","Cleave","Cleave","Bloodletting","Bloodletting","Bloodletting","Pommel Strike","Pommel Strike","Pommel Strike","Rupture","Rupture","Rupture","Pummel","Pummel","Pummel","Limit Break","Limit Break","Violence+1","Violence+1","Violence+1","Armaments+1","Armaments+1","Armaments+1","Secret Weapon+1","Secret Weapon+1","Secret Weapon+1","Shrug It Off+1","Shrug It Off+1","Shrug It Off+1","Feel No Pain","Feel No Pain","Feel No Pain","Rampage","Rampage","Rampage"],"special_seed":17897,"relics":["Burning Blood","Happy Flower","Membership Card","Bottled Tornado","Dodecahedron","Blood Vial","Juzu Bracelet","Astrolabe","Torii","Strange Spoon","Blue Candle","OrangePellets","Tiny Chest"],"potions_floor_usage":[7,18,19,21,23,24],"damage_taken":[{"damage":14,"enemies":"Small Slimes","floor":1,"turns":4},{"damage":1,"enemies":"2 Louse","floor":2,"turns":3},{"damage":7,"enemies":"Jaw Worm","floor":3,"turns":4},{"damage":22,"enemies":"3 Sentries","floor":7,"turns":5},{"damage":8,"enemies":"Blue Slaver","floor":8,"turns":2},{"damage":12,"enemies":"Exordium Wildlife","floor":10,"turns":3},{"damage":42,"enemies":"Slime Boss","floor":16,"turns":8},{"damage":31,"enemies":"2 Thieves","floor":18,"turns":4},{"damage":51,"enemies":"3 Byrds","floor":19,"turns":5},{"damage":21,"enemies":"Snecko","floor":21,"turns":6},{"damage":19,"enemies":"Snake Plant","floor":23,"turns":5},{"damage":22,"enemies":"Gremlin Leader","floor":24,"turns":2}],"seed_played":"2052676809091822558","potions_obtained":[{"floor":2,"key":"SpeedPotion"},{"floor":16,"key":"Ancient Potion"},{"floor":18,"key":"GamblersBrew"},{"floor":19,"key":"LiquidBronze"},{"floor":21,"key":"Energy Potion"},{"floor":23,"key":"Poison Potion"}],"is_trial":false,"path_per_floor":["M","M","M","?","$","R","E","M","T","M","?","$","R","T","R","B",null,"M","M","$","M","$","M","E"],"character_chosen":"IRONCLAD","items_purchased":["Membership Card","Rupture","Blood Vial","Torii","Strange Spoon","Blue Candle","Rampage","OrangePellets","Tiny Chest"],"campfire_rested":3,"item_purchase_floors":[5,5,12,20,20,20,22,22,22],"current_hp_per_floor":[80,80,80,73,73,80,72,74,74,72,72,72,80,80,80,51,80,59,26,26,21,21,14,0],"gold":143,"neow_bonus":"","is_prod":false,"is_daily":true,"chose_seed":false,"campfire_upgraded":0,"win_rate":0,"timestamp":1546325635,"path_taken":["M","M","M","?","$","R","E","M","T","M","?","$","R","?","R","BOSS","M","M","$","M","$","M","E"],"build_version":"2018-12-25","purchased_purges":0,"victory":false,"max_hp_per_floor":[80,80,80,80,80,80,80,80,80,80,80,80,80,80,80,80,80,80,80,80,80,80,80,80],"card_choices":[{"not_picked":["Battle Trance","Warcry"],"picked":"Cleave","floor":1},{"not_picked":["Havoc","Warcry"],"picked":"Bloodletting","floor":2},{"not_picked":["Sword Boomerang","Anger"],"picked":"Pommel Strike","floor":3},{"not_picked":["Havoc","Twin Strike"],"picked":"Pummel","floor":7},{"not_picked":["Pommel Strike","Fire Breathing","Double Tap"],"picked":"SKIP","floor":8},{"not_picked":["Clothesline","Metallicize","Anger"],"picked":"SKIP","floor":10},{"not_picked":["Dark Embrace","Barricade"],"picked":"Limit Break","floor":16},{"not_picked":["Sever Soul","Clash+1"],"picked":"Shrug It Off+1","floor":18},{"not_picked":["Seeing Red","Combust+1"],"picked":"Feel No Pain","floor":19},{"not_picked":["Searing Blow+1","Headbutt+1","Feel No Pain"],"picked":"SKIP","floor":21},{"not_picked":["Pommel Strike","Cleave","True Grit"],"picked":"SKIP","floor":23}],"player_experience":561632,"relics_obtained":[{"floor":7,"key":"Bottled Tornado"},{"floor":9,"key":"Dodecahedron"},{"floor":14,"key":"Juzu Bracelet"}],"event_choices":[{"damage_healed":0,"gold_gain":0,"player_choice":"Success","damage_taken":7,"relics_obtained":["Happy Flower"],"max_hp_gain":0,"max_hp_loss":0,"event_name":"Scrap Ooze","floor":4,"gold_loss":0},{"damage_healed":0,"gold_gain":0,"player_choice":"Leave","damage_taken":0,"max_hp_gain":0,"max_hp_loss":0,"event_name":"The Cleric","floor":11,"gold_loss":0}],"is_beta":true,"boss_relics":[{"not_picked":["Tiny House","Sozu"],"picked":"Astrolabe"}],"items_purged_floors":[],"is_endless":false,"potions_floor_spawned":[2,16,18,19,21,23],"killed_by":"Gremlin Leader","ascension_level":0}