{"gold_per_floor":[110,120,130,142,158,158,169,202,202,202,234,250,270,281,281,360,360,370,370,86,106,106,133,133,144,223,249,269,319,331,331],"floor_reached":31,"playtime":1751,"items_purged":["Shame"],"score":571,"play_id":"7bb70bd2-3255-4252-98b4-c0911aa84d33","local_time":"20190221185905","is_ascension_mode":true,"campfire_choices":[{"data":"Body Slam","floor":6.0,"key":"SMITH"},{"data":"True Grit","floor":10.0,"key":"SMITH"},{"data":"Disarm","floor":15.0,"key":"SMITH"},{"data":"True Grit","floor":24,"key":"SMITH"}],"neow_cost":"NONE","seed_source_timestamp":5938716924910,"circlet_count":0,"master_deck":["AscendersBane","Bash","Body Slam+1","Clothesline","Disarm+1","Twin Strike","Headbutt","True Grit+1","Ghostly Armor","Combust+1","Inflame+1","True Grit+1","Impervious","Offering","Havoc","Battle Trance","Pummel","Spot Weakness","Fire Breathing+1","Anger","Combust+1","Carnage","Heavy Blade","Offering","Rage","Twin Strike"],"special_seed":0,"relics":["Burning Blood","NeowsBlessing","Frozen Egg 2","Lantern","War Paint","Pandora\u0027s Box","Blood Vial","Brimstone","Smiling Mask","Ornamental Fan","The Courier","Blue Candle"],"potions_floor_usage":[23,27],"damage_taken":[{"damage":0.0,"enemies":"Cultist","floor":1.0,"turns":1.0},{"damage":0.0,"enemies":"Jaw Worm","floor":2.0,"turns":1.0},{"damage":0.0,"enemies":"Small Slimes","floor":3.0,"turns":1.0},{"damage":16.0,"enemies":"Red Slaver","floor":4.0,"turns":5.0},{"damage":11.0,"enemies":"Looter","floor":5.0,"turns":5.0},{"damage":19.0,"enemies":"Exordium Wildlife","floor":7.0,"turns":6.0},{"damage":14.0,"enemies":"Lagavulin","floor":8.0,"turns":7.0},{"damage":27.0,"enemies":"3 Sentries","floor":11.0,"turns":8.0},{"damage":2.0,"enemies":"2 Fungi Beasts","floor":12.0,"turns":2.0},{"damage":0.0,"enemies":"Blue Slaver","floor":13.0,"turns":2.0},{"damage":0.0,"enemies":"Exordium Wildlife","floor":14.0,"turns":4.0},{"damage":12.0,"enemies":"The Guardian","floor":16.0,"turns":10.0},{"damage":17.0,"enemies":"3 Byrds","floor":18.0,"turns":4.0},{"damage":14,"enemies":"Spheric Guardian","floor":21,"turns":3},{"damage":14,"enemies":"Book of Stabbing","floor":23,"turns":3},{"damage":31,"enemies":"Shelled Parasite and Fungi","floor":25,"turns":2},{"damage":18,"enemies":"Slavers","floor":27,"turns":3},{"damage":8,"enemies":"Sentry and Sphere","floor":28,"turns":3},{"damage":17,"enemies":"Snake Plant","floor":30,"turns":2},{"damage":44,"enemies":"Chosen and Byrds","floor":31,"turns":5}],"seed_played":"-4864417898215031483","potions_obtained":[{"floor":1.0,"key":"SpeedPotion"},{"floor":5.0,"key":"SkillPotion"},{"floor":8.0,"key":"Swift Potion"},{"floor":11.0,"key":"Energy Potion"},{"floor":13.0,"key":"PowerPotion"},{"floor":21,"key":"Regen Potion"},{"floor":30,"key":"FairyPotion"}],"is_trial":false,"path_per_floor":["M","M","M","M","M","R","M","E","T","R","E","M","M","M","R","B",null,"M","?","$","M","T","E","R","M","T","E","M","?","M","M"],"character_chosen":"IRONCLAD","items_purchased":["Brimstone"],"campfire_rested":0,"item_purchase_floors":[20],"current_hp_per_floor":[74,75,75,65,60,60,47,39,39,39,18,22,28,34,34,28,63,52,52,52,46,46,49,49,26,26,16,16,16,7,0],"gold":331,"neow_bonus":"THREE_ENEMY_KILL","is_prod":false,"is_daily":false,"chose_seed":false,"campfire_upgraded":4,"win_rate":0,"timestamp":1550771945,"path_taken":["M","M","M","M","?","R","M","E","T","R","E","M","M","M","R","BOSS","M","?","$","M","?","E","R","M","T","E","M","?","M","?"],"build_version":"2019-01-23","purchased_purges":1,"victory":false,"max_hp_per_floor":[75,75,75,75,75,75,75,75,75,75,75,75,75,75,75,75,75,75,75,75,75,75,75,75,75,75,75,75,75,75,75],"card_choices":[{"not_picked":["Combust","Warcry"],"picked":"Body Slam","floor":1.0},{"not_picked":["Shrug It Off","Headbutt"],"picked":"Clothesline","floor":2.0},{"not_picked":["Blood for Blood","Flame Barrier"],"picked":"Disarm","floor":3.0},{"not_picked":["Wild Strike","Anger"],"picked":"Twin Strike","floor":4.0},{"not_picked":["Wild Strike","Armaments"],"picked":"Headbutt","floor":5.0},{"not_picked":["Iron Wave","Barricade"],"picked":"True Grit","floor":7.0},{"not_picked":["Twin Strike","Body Slam"],"picked":"Ghostly Armor","floor":8.0},{"not_picked":["Wild Strike","Warcry"],"picked":"Combust+1","floor":11.0},{"not_picked":["Dual Wield","True Grit"],"picked":"Inflame+1","floor":12.0},{"not_picked":["Clothesline","Shockwave"],"picked":"True Grit","floor":13.0},{"not_picked":["Shockwave","Exhume","Flex"],"picked":"SKIP","floor":14.0},{"not_picked":["Berserk+1","Brutality+1"],"picked":"Impervious","floor":16.0},{"not_picked":["Carnage","Dropkick","Warcry"],"picked":"SKIP","floor":18.0},{"not_picked":["Warcry","Second Wind"],"picked":"Heavy Blade","floor":21},{"not_picked":["Sword Boomerang","Flex"],"picked":"Offering","floor":23},{"not_picked":["Headbutt","Flex","Shockwave"],"picked":"SKIP","floor":25},{"not_picked":["Blood for Blood","Bloodletting","Flex"],"picked":"SKIP","floor":27},{"not_picked":["Carnage","Armaments"],"picked":"Rage","floor":28},{"not_picked":["Carnage","Blood for Blood"],"picked":"Twin Strike","floor":30}],"player_experience":461305,"relics_obtained":[{"floor":8.0,"key":"Frozen Egg 2"},{"floor":9.0,"key":"Lantern"},{"floor":11.0,"key":"War Paint"},{"floor":22,"key":"Smiling Mask"},{"floor":23,"key":"Ornamental Fan"},{"floor":26,"key":"The Courier"},{"floor":27,"key":"Blue Candle"}],"event_choices":[{"damage_healed":0.0,"max_hp_gain":0.0,"max_hp_loss":0.0,"gold_gain":0.0,"event_name":"Addict","player_choice":"Stole Relic","floor":19.0,"gold_loss":0.0,"damage_taken":0.0,"relics_obtained":["Blood Vial"],"cards_obtained":["Shame"]},{"damage_healed":0,"gold_gain":100,"player_choice":"Bet on Murderer","damage_taken":0,"max_hp_gain":0,"max_hp_loss":0,"event_name":"The Joust","floor":29,"gold_loss":50}],"is_beta":false,"boss_relics":[{"not_picked":["White Beast Statue","Black Star"],"picked":"Pandora\u0027s Box"}],"items_purged_floors":[20],"is_endless":false,"potions_floor_spawned":[1,5,8,11,13,21,30],"killed_by":"Chosen and Byrds","ascension_level":19}