{"gold_per_floor":[111,121,137,137,161,199,19,35,60,74,108,131,150,325,325,446,446,429,449,549,227,151,172,197,197,224,244,263,263,280,280,280,383,383,400,418,431,363,363,397,397,190,236,247,259,259,259,272,272,272],"floor_reached":50,"playtime":2715,"items_purged":["Doubt"],"score":517,"play_id":"1b9ac71d-b030-40e3-b399-18d9bbb12c26","local_time":"20190202014905","is_ascension_mode":false,"campfire_choices":[{"floor":15,"key":"REST"},{"data":"Flex","floor":25,"key":"SMITH"},{"floor":32,"key":"REST"},{"floor":41,"key":"REST"},{"floor":46,"key":"REST"},{"floor":49,"key":"RECALL"}],"neow_cost":"NONE","seed_source_timestamp":334275097875382,"circlet_count":0,"master_deck":["Strike_R","Strike_R","Strike_R","Strike_R","Defend_R","Defend_R","Defend_R","Defend_R","Bash","Battle Trance","Metallicize","Clothesline","Thunderclap","Double Tap","Metallicize","Flex+1","Dropkick","Dropkick","Power Through","Infernal Blade","Impervious","Cleave","Shockwave","Flame Barrier+1","Cleave+1","Heavy Blade+1","Demon Form","Thunderclap+1","Spot Weakness","Heavy Blade+1","Shrug It Off+1","Feel No Pain"],"relics":["Black Blood","Regal Pillow","Art of War","Bronze Scales","Lantern","Shuriken","PreservedInsect","Nloth\u0027s Gift","Runic Cube","Potion Belt","TheAbacus"],"potions_floor_usage":[5,6,10,11,12,19,28,33,33,36,37,40,50],"damage_taken":[{"damage":7,"enemies":"2 Louse","floor":1,"turns":3},{"damage":3,"enemies":"Small Slimes","floor":2,"turns":3},{"damage":3,"enemies":"Cultist","floor":3,"turns":3},{"damage":9,"enemies":"Red Slaver","floor":5,"turns":5},{"damage":21,"enemies":"3 Sentries","floor":6,"turns":10},{"damage":6,"enemies":"3 Louse","floor":8,"turns":5},{"damage":5,"enemies":"Looter","floor":10,"turns":3},{"damage":18,"enemies":"Gremlin Nob","floor":11,"turns":4},{"damage":1,"enemies":"2 Fungi Beasts","floor":12,"turns":3},{"damage":4,"enemies":"Red Slaver","floor":13,"turns":3},{"damage":54,"enemies":"The Guardian","floor":16,"turns":13},{"damage":23,"enemies":"2 Thieves","floor":18,"turns":4},{"damage":1,"enemies":"3 Byrds","floor":19,"turns":3},{"damage":21,"enemies":"Snake Plant","floor":23,"turns":6},{"damage":8,"enemies":"Snecko","floor":24,"turns":5},{"damage":24,"enemies":"Cultist and Chosen","floor":27,"turns":6},{"damage":21,"enemies":"Shelled Parasite and Fungi","floor":28,"turns":4},{"damage":12,"enemies":"Snake Plant","floor":30,"turns":3},{"damage":84,"enemies":"Automaton","floor":33,"turns":15},{"damage":10,"enemies":"Orb Walker","floor":35,"turns":4},{"damage":5,"enemies":"3 Darklings","floor":36,"turns":6},{"damage":31,"enemies":"Jaw Worm Horde","floor":37,"turns":5},{"damage":48,"enemies":"Giant Head","floor":40,"turns":7},{"damage":19,"enemies":"4 Shapes","floor":44,"turns":9},{"damage":16,"enemies":"Maw","floor":45,"turns":8},{"damage":48,"enemies":"Writhing Mass","floor":48,"turns":9},{"damage":60,"enemies":"Awakened One","floor":50,"turns":4}],"seed_played":"-259611941378451103","potions_obtained":[{"floor":3,"key":"Swift Potion"},{"floor":5,"key":"SpeedPotion"},{"floor":8,"key":"Block Potion"},{"floor":10,"key":"BloodPotion"},{"floor":11,"key":"PowerPotion"},{"floor":18,"key":"FearPotion"},{"floor":24,"key":"Strength Potion"},{"floor":28,"key":"SteroidPotion"},{"floor":30,"key":"Dexterity Potion"},{"floor":33,"key":"Energy Potion"},{"floor":36,"key":"SteroidPotion"},{"floor":37,"key":"Block Potion"},{"floor":48,"key":"Dexterity Potion"}],"is_trial":false,"path_per_floor":["M","M","M","?","M","E","$","M","T","M","E","M","M","?","R","B",null,"M","M","?","$","$","M","M","R","T","M","M","?","M","?","R","B",null,"M","M","M","$","?","E","R","$","T","M","M","R","?","M","R","B"],"character_chosen":"IRONCLAD","items_purchased":["Art of War","Metallicize","Shuriken","Shockwave","Spot Weakness","TheAbacus"],"campfire_rested":4,"item_purchase_floors":[7,7,21,22,38,42],"current_hp_per_floor":[87,88,88,66,63,48,48,48,48,49,45,50,52,52,88,40,88,75,84,84,84,84,73,75,75,75,61,50,50,48,48,88,14,88,88,88,67,67,67,29,70,70,70,61,55,88,88,50,50,0],"gold":272,"neow_bonus":"TEN_PERCENT_HP_BONUS","is_prod":false,"is_daily":false,"chose_seed":false,"campfire_upgraded":1,"win_rate":0,"timestamp":1549084745,"path_taken":["M","M","M","?","M","E","$","M","T","M","E","M","M","?","R","BOSS","M","M","?","?","$","M","M","R","T","?","M","?","?","?","R","BOSS","M","M","M","$","?","E","R","$","T","M","M","R","?","M","R","BOSS"],"build_version":"2019-01-23","purchased_purges":1,"victory":false,"max_hp_per_floor":[88,88,88,88,88,88,88,88,88,88,88,88,88,88,88,88,88,88,88,88,88,88,88,88,88,88,88,88,88,88,88,88,88,88,88,88,88,88,88,88,88,88,88,88,88,88,88,88,88,88],"card_choices":[{"not_picked":["Armaments","Dual Wield"],"picked":"Battle Trance","floor":1},{"not_picked":["Twin Strike","Searing Blow"],"picked":"Metallicize","floor":2},{"not_picked":["Disarm","Dual Wield"],"picked":"Clothesline","floor":3},{"not_picked":["Sword Boomerang","Rupture"],"picked":"Thunderclap","floor":5},{"not_picked":["Anger","Havoc"],"picked":"Double Tap","floor":6},{"not_picked":["Iron Wave","Corruption"],"picked":"Flex","floor":8},{"not_picked":["Combust","Battle Trance"],"picked":"Dropkick","floor":10},{"not_picked":["Pummel","Flex"],"picked":"Dropkick","floor":11},{"not_picked":["Metallicize","Sword Boomerang"],"picked":"Power Through","floor":12},{"not_picked":["Second Wind","Iron Wave"],"picked":"Infernal Blade","floor":13},{"not_picked":["Offering","Immolate"],"picked":"Impervious","floor":16},{"not_picked":["Clash","Armaments+1","Wild Strike"],"picked":"SKIP","floor":18},{"not_picked":["Iron Wave","Anger"],"picked":"Cleave","floor":19},{"not_picked":["Feed","Seeing Red"],"picked":"Flame Barrier+1","floor":23},{"not_picked":["Hemokinesis+1","Battle Trance","Perfected Strike"],"picked":"SKIP","floor":24},{"not_picked":["Hemokinesis+1","Anger"],"picked":"Cleave+1","floor":27},{"not_picked":["Bloodletting","Twin Strike","Wild Strike+1"],"picked":"SKIP","floor":28},{"not_picked":["Armaments","Flex"],"picked":"Heavy Blade","floor":30},{"not_picked":["Immolate","Limit Break"],"picked":"Demon Form","floor":33},{"not_picked":["Dropkick","Sword Boomerang+1","Sentinel"],"picked":"SKIP","floor":35},{"not_picked":["Cleave","Perfected Strike"],"picked":"Thunderclap+1","floor":36},{"not_picked":["Twin Strike+1","Pommel Strike+1","Havoc+1"],"picked":"SKIP","floor":37},{"not_picked":["Flex+1","Twin Strike"],"picked":"Heavy Blade+1","floor":40},{"not_picked":["Heavy Blade","Power Through"],"picked":"Shrug It Off+1","floor":44},{"not_picked":["Heavy Blade+1","Thunderclap+1","Iron Wave+1"],"picked":"SKIP","floor":45},{"not_picked":["Berserk","Limit Break"],"picked":"Feel No Pain","floor":48}],"player_experience":627539,"relics_obtained":[{"floor":6,"key":"Regal Pillow"},{"floor":9,"key":"Bronze Scales"},{"floor":11,"key":"Lantern"},{"floor":26,"key":"PreservedInsect"},{"floor":40,"key":"Potion Belt"}],"event_choices":[{"damage_healed":0,"gold_gain":0,"player_choice":"Take Damage","damage_taken":22,"relics_obtained":["Golden Idol"],"max_hp_gain":0,"max_hp_loss":0,"event_name":"Golden Idol","floor":4,"gold_loss":0},{"damage_healed":0,"gold_gain":175,"player_choice":"AGREE","damage_taken":0,"max_hp_gain":0,"max_hp_loss":0,"event_name":"Liars Game","floor":14,"gold_loss":0,"cards_obtained":["Doubt"]},{"damage_healed":0,"gold_gain":100,"player_choice":"Pray","damage_taken":0,"max_hp_gain":0,"max_hp_loss":0,"event_name":"Golden Shrine","floor":20,"gold_loss":0},{"damage_healed":0,"gold_gain":0,"player_choice":"Traded Relic","damage_taken":0,"relics_obtained":["Nloth\u0027s Gift"],"max_hp_gain":0,"max_hp_loss":0,"event_name":"N\u0027loth","floor":29,"relics_lost":["Golden Idol"],"gold_loss":0},{"damage_healed":0,"gold_gain":0,"player_choice":"Ignored","damage_taken":0,"max_hp_gain":0,"max_hp_loss":0,"event_name":"Beggar","floor":31,"gold_loss":0},{"cards_removed":["Strike_R"],"damage_healed":0,"gold_gain":0,"player_choice":"Removed Attack","damage_taken":0,"max_hp_gain":0,"max_hp_loss":0,"event_name":"Falling","floor":39,"gold_loss":0},{"damage_healed":0,"gold_gain":0,"player_choice":"Forge","damage_taken":0,"max_hp_gain":0,"max_hp_loss":0,"event_name":"Accursed Blacksmith","floor":47,"gold_loss":0,"cards_upgraded":["Heavy Blade"]}],"is_beta":true,"boss_relics":[{"not_picked":["Lizard Tail","Astrolabe"],"picked":"Black Blood"},{"not_picked":["Orrery","White Beast Statue"],"picked":"Runic Cube"}],"items_purged_floors":[21],"is_endless":false,"potions_floor_spawned":[3,5,8,10,11,18,24,28,30,33,36,37,48],"killed_by":"Awakened One","ascension_level":0}