{"gold_per_floor":[109,126,136,106,123,178,178,204,278,3,20,31,48,58,58,154,154,135,187,202,220,115,115,4,4,30,30,30,30,63,63,63,161,161,173,173,28,42,1041,1041,267,281,304,604,624,624,305,323,323,323],"floor_reached":51,"playtime":4202,"items_purged":["Normality"],"score":758,"play_id":"0c57c597-b8a3-4b9f-890e-8112c5a2b898","local_time":"20181219041327","is_ascension_mode":true,"campfire_choices":[{"floor":7,"key":"REST"},{"floor":15,"key":"REST"},{"floor":23,"key":"REST"},{"floor":25,"key":"REST"},{"floor":27,"key":"REST"},{"floor":32,"key":"REST"},{"floor":40,"key":"REST"},{"data":"Storm of Steel","floor":46,"key":"SMITH"},{"floor":49,"key":"REST"}],"neow_cost":"NONE","seed_source_timestamp":463297067928384,"circlet_count":0,"master_deck":["Defend_G+1","Defend_G+1","Defend_G+1","Defend_G+1","Defend_G+1","Strike_G+1","Strike_G+1","Strike_G+1","Strike_G+1","Strike_G+1","Survivor","Neutralize","Leg Sweep","Infinite Blades","PiercingWail","Slice+1","Adrenaline","Masterful Stab+1","Dagger Throw+1","Dagger Throw+1","Riddle With Holes+1","Prepared","Outmaneuver","Burst","Backflip","Caltrops","Slice+1","Dagger Throw+1","Flying Knee+1","All Out Attack+1","Accuracy","Blade Dance+1","Reflex","Dagger Spray+1","Accuracy","Backstab+1","Storm of Steel+1","Acrobatics+1","Predator+1","PiercingWail+1","Caltrops","Accuracy+1","Flying Knee+1","Panache","Underhanded Strike+1","Dagger Throw+1"],"relics":["Calling Bell","Ancient Tea Set","Molten Egg 2","StoneCalendar","Tiny Chest","Tingsha","Paper Crane","Omamori","Empty Cage","Dream Catcher","Regal Pillow","MutagenicStrength","Bag of Marbles","Lizard Tail","Art of War","Ornamental Fan","Bird Faced Urn","TheAbacus","Oddly Smooth Stone","Old Coin","Potion Belt"],"potions_floor_usage":[5,12,13,16,33,48,50],"damage_taken":[{"damage":6,"enemies":"Cultist","floor":1,"turns":6},{"damage":7,"enemies":"2 Louse","floor":2,"turns":4},{"damage":3,"enemies":"Small Slimes","floor":3,"turns":4},{"damage":0,"enemies":"Looter","floor":4,"turns":4},{"damage":15,"enemies":"2 Fungi Beasts","floor":5,"turns":6},{"damage":18,"enemies":"Lagavulin","floor":6,"turns":9},{"damage":22,"enemies":"3 Sentries","floor":8,"turns":7},{"damage":1,"enemies":"Blue Slaver","floor":11,"turns":3},{"damage":6,"enemies":"Exordium Wildlife","floor":12,"turns":4},{"damage":0,"enemies":"Gremlin Gang","floor":13,"turns":4},{"damage":0,"enemies":"Blue Slaver","floor":14,"turns":3},{"damage":10,"enemies":"Hexaghost","floor":16,"turns":8},{"damage":11,"enemies":"2 Thieves","floor":18,"turns":4},{"damage":34,"enemies":"3 Byrds","floor":20,"turns":6},{"damage":28,"enemies":"Snake Plant","floor":21,"turns":5},{"damage":32,"enemies":"Book of Stabbing","floor":30,"turns":5},{"damage":41,"enemies":"Collector","floor":33,"turns":11},{"damage":21,"enemies":"3 Darklings","floor":35,"turns":4},{"damage":15,"enemies":"Orb Walker","floor":38,"turns":2},{"damage":17,"enemies":"4 Shapes","floor":42,"turns":7},{"damage":17,"enemies":"3 Darklings","floor":45,"turns":7},{"damage":6,"enemies":"Sphere and 2 Shapes","floor":48,"turns":3},{"damage":80,"enemies":"Awakened One","floor":50,"turns":14}],"seed_played":"2790734572100689012","potions_obtained":[{"floor":2,"key":"Energy Potion"},{"floor":3,"key":"Dexterity Potion"},{"floor":5,"key":"FairyPotion"},{"floor":6,"key":"Dexterity Potion"},{"floor":8,"key":"AttackPotion"},{"floor":14,"key":"PowerPotion"},{"floor":30,"key":"Weak Potion"},{"floor":42,"key":"Ancient Potion"},{"floor":45,"key":"Energy Potion"}],"is_trial":false,"path_per_floor":["M","M","M","M","M","E","R","E","T","$","M","M","M","M","R","B",null,"M","T","M","M","$","R","$","R","T","R","?","?","E","?","R","B",null,"M","?","$","M","?","R","$","M","T","T","M","R","$","M","R","B",null],"character_chosen":"THE_SILENT","items_purchased":["Dagger Throw+1","Omamori","Dagger Throw+1","Flying Knee+1","All Out Attack+1","Accuracy","Art of War","Ornamental Fan","Bird Faced Urn","TheAbacus","Caltrops","Potion Belt","Panache"],"campfire_rested":8,"item_purchase_floors":[10,10,22,22,24,24,37,41,41,41,41,47,47],"current_hp_per_floor":[64,57,54,54,39,21,42,20,20,20,19,13,13,13,34,24,70,59,59,25,7,7,28,28,49,49,70,70,70,38,38,70,29,70,49,49,49,34,34,70,70,55,55,55,50,50,50,50,70,35],"gold":323,"neow_bonus":"BOSS_RELIC","is_prod":false,"is_daily":false,"chose_seed":false,"campfire_upgraded":1,"win_rate":0,"timestamp":1545205407,"path_taken":["M","M","?","M","M","E","R","E","T","$","M","M","M","M","R","BOSS","M","?","M","M","$","R","$","R","T","R","?","?","E","?","R","BOSS","M","?","$","M","?","R","?","M","T","?","M","R","$","M","R","BOSS"],"build_version":"2018-12-17","purchased_purges":1,"victory":true,"max_hp_per_floor":[70,70,70,70,70,70,70,70,70,70,70,70,70,70,70,70,70,70,70,70,70,70,70,70,70,70,70,70,70,70,70,70,70,70,70,70,70,70,70,70,70,70,70,70,70,70,70,70,70,70],"card_choices":[{"not_picked":["Cloak And Dagger","Quick Slash+1"],"picked":"Leg Sweep","floor":1},{"not_picked":["Well Laid Plans","Catalyst"],"picked":"Infinite Blades","floor":2},{"not_picked":["Tactician","Bane+1"],"picked":"PiercingWail","floor":3},{"not_picked":["Escape Plan","Deadly Poison"],"picked":"Prepared","floor":4},{"not_picked":["Deadly Poison","Backflip"],"picked":"Slice+1","floor":5},{"not_picked":["Distraction","Tools of the Trade"],"picked":"Adrenaline","floor":6},{"not_picked":["Outmaneuver","Cloak And Dagger"],"picked":"Masterful Stab+1","floor":8},{"not_picked":["Quick Slash+1","Cloak And Dagger"],"picked":"Dagger Throw+1","floor":11},{"not_picked":["Slice+1","Caltrops"],"picked":"Riddle With Holes+1","floor":12},{"not_picked":["Heel Hook+1","Escape Plan"],"picked":"Prepared","floor":13},{"not_picked":["Flechettes+1","Footwork"],"picked":"Outmaneuver","floor":14},{"not_picked":["Adrenaline","Bullet Time"],"picked":"Burst","floor":16},{"not_picked":["Accuracy+1","Deflect"],"picked":"Backflip","floor":18},{"not_picked":["Blur","Backflip"],"picked":"Caltrops","floor":20},{"not_picked":["Concentrate","Eviscerate+1"],"picked":"Slice+1","floor":21},{"not_picked":["Footwork","Concentrate"],"picked":"Blade Dance+1","floor":25},{"not_picked":["Masterful Stab+1","Well Laid Plans+1"],"picked":"Reflex","floor":27},{"not_picked":["Prepared","Catalyst"],"picked":"Accuracy","floor":30},{"not_picked":["Skewer+1","Leg Sweep+1"],"picked":"Backstab+1","floor":32},{"not_picked":["Grand Finale+1","Doppelganger"],"picked":"Storm of Steel","floor":33},{"not_picked":["Poisoned Stab+1","Dodge and Roll+1"],"picked":"Acrobatics+1","floor":35},{"not_picked":["Blur","Dodge and Roll"],"picked":"Predator+1","floor":38},{"not_picked":["Dagger Throw+1","Dodge and Roll"],"picked":"PiercingWail+1","floor":40},{"not_picked":["Quick Slash+1","Outmaneuver"],"picked":"Accuracy+1","floor":42},{"not_picked":["Dodge and Roll+1","Malaise"],"picked":"Flying Knee+1","floor":45},{"not_picked":["Dodge and Roll","Tactician+1"],"picked":"Underhanded Strike+1","floor":48},{"not_picked":["Catalyst","Concentrate"],"picked":"Dagger Throw+1","floor":49}],"player_experience":516733,"relics_obtained":[{"floor":0,"key":"Ancient Tea Set"},{"floor":0,"key":"Molten Egg 2"},{"floor":0,"key":"StoneCalendar"},{"floor":6,"key":"Tiny Chest"},{"floor":8,"key":"Tingsha"},{"floor":9,"key":"Paper Crane"},{"floor":19,"key":"Dream Catcher"},{"floor":26,"key":"Regal Pillow"},{"floor":30,"key":"Bag of Marbles"},{"floor":43,"key":"Oddly Smooth Stone"},{"floor":44,"key":"Old Coin"}],"event_choices":[{"damage_healed":0,"gold_gain":0,"player_choice":"Read","damage_taken":0,"max_hp_gain":0,"max_hp_loss":0,"event_name":"The Library","floor":28,"gold_loss":0,"cards_obtained":["Dagger Spray"]},{"damage_healed":0,"gold_gain":0,"player_choice":"Inject Mutagens","damage_taken":0,"relics_obtained":["MutagenicStrength"],"max_hp_gain":0,"max_hp_loss":0,"event_name":"Drug Dealer","floor":29,"gold_loss":0},{"damage_healed":0,"gold_gain":0,"player_choice":"Simplicity","damage_taken":0,"max_hp_gain":0,"max_hp_loss":0,"event_name":"Back to Basics","floor":31,"gold_loss":0,"cards_upgraded":["Defend_G","Defend_G","Defend_G","Defend_G","Defend_G","Strike_G","Strike_G","Strike_G","Strike_G","Strike_G"]},{"cards_removed":["Prepared"],"damage_healed":0,"gold_gain":0,"player_choice":"Removed Skill","damage_taken":0,"max_hp_gain":0,"max_hp_loss":0,"event_name":"Falling","floor":36,"gold_loss":0},{"damage_healed":0,"gold_gain":999,"player_choice":"Gold","damage_taken":0,"max_hp_gain":0,"max_hp_loss":0,"event_name":"MindBloom","floor":39,"gold_loss":0,"cards_obtained":["Normality","Normality"]}],"is_beta":true,"boss_relics":[{"not_picked":["Orrery","HoveringKite"],"picked":"Empty Cage"},{"not_picked":["Pandora\u0027s Box","Cursed Key"],"picked":"Lizard Tail"}],"items_purged_floors":[10],"is_endless":false,"potions_floor_spawned":[2,3,5,6,8,14,30,42,45],"ascension_level":1}