{"gold_per_floor":[111,66,36,50,70,104,104,117,141,141,158,158,176,194,194,194],"floor_reached":16,"playtime":381,"items_purged":[],"score":151,"play_id":"8ef76e3a-7de2-4553-bd16-d23ab6856854","local_time":"20190224131502","is_ascension_mode":true,"campfire_choices":[{"data":"Poisoned Stab","floor":7,"key":"SMITH"},{"data":"Dagger Spray","floor":10,"key":"SMITH"},{"floor":15,"key":"REST"}],"neow_cost":"NONE","seed_source_timestamp":219906006870712,"circlet_count":0,"master_deck":["Defend_G","Defend_G","Defend_G","Defend_G","Defend_G","Strike_G","Strike_G","Strike_G","Strike_G","Strike_G","Survivor","Neutralize","Dagger Spray+1","Calculated Gamble","Dagger Throw","Poisoned Stab+1","Quick Slash","Injury","Slice","Glass Knife"],"relics":["Ring of the Snake","NeowsBlessing","Strawberry","Boot","Golden Idol"],"potions_floor_usage":[6,16,16],"damage_taken":[{"damage":0,"enemies":"Small Slimes","floor":1,"turns":1},{"damage":0,"enemies":"Cultist","floor":4,"turns":1},{"damage":0,"enemies":"2 Louse","floor":5,"turns":1},{"damage":28,"enemies":"Gremlin Nob","floor":6,"turns":4},{"damage":8,"enemies":"Looter","floor":8,"turns":2},{"damage":12,"enemies":"Lots of Slimes","floor":11,"turns":2},{"damage":11,"enemies":"Exordium Thugs","floor":13,"turns":4},{"damage":0,"enemies":"3 Louse","floor":14,"turns":1},{"damage":36,"enemies":"The Guardian","floor":16,"turns":9}],"seed_played":"-8027328178229224137","potions_obtained":[{"floor":3,"key":"Ancient Potion"},{"floor":3,"key":"PowerPotion"},{"floor":4,"key":"Poison Potion"},{"floor":8,"key":"FearPotion"}],"is_trial":false,"path_per_floor":["M","$","?","M","M","E","R","M","T","R","M","?","M","M","R","B"],"character_chosen":"THE_SILENT","items_purchased":["Dagger Spray"],"campfire_rested":1,"item_purchase_floors":[2],"current_hp_per_floor":[63,63,63,63,63,42,42,34,34,34,22,22,11,11,34,0],"gold":194,"neow_bonus":"THREE_ENEMY_KILL","is_prod":false,"is_daily":false,"chose_seed":false,"campfire_upgraded":2,"win_rate":0,"timestamp":1551032102,"path_taken":["M","$","?","M","?","E","R","M","T","R","M","?","M","M","R","BOSS"],"build_version":"2019-01-23","purchased_purges":0,"victory":false,"max_hp_per_floor":[70,70,70,70,70,77,77,77,77,77,77,77,77,77,77,77],"card_choices":[{"not_picked":["Prepared","Dodge and Roll","Sucker Punch"],"picked":"SKIP","floor":1},{"not_picked":["Night Terror","Catalyst"],"picked":"Calculated Gamble","floor":4},{"not_picked":["Well Laid Plans","Cloak And Dagger"],"picked":"Dagger Throw","floor":5},{"not_picked":["Dagger Spray","Setup"],"picked":"Poisoned Stab","floor":6},{"not_picked":["Bane","PiercingWail"],"picked":"Quick Slash","floor":8},{"not_picked":["Accuracy","Heel Hook","Reflex"],"picked":"SKIP","floor":11},{"not_picked":["Backflip","Flechettes"],"picked":"Slice","floor":13},{"not_picked":["Tactician","Poisoned Stab"],"picked":"Glass Knife","floor":14}],"player_experience":365610,"relics_obtained":[{"floor":6,"key":"Strawberry"},{"floor":9,"key":"Boot"}],"event_choices":[{"damage_healed":0,"gold_gain":0,"player_choice":"Bought 2 Potions","damage_taken":0,"max_hp_gain":0,"max_hp_loss":0,"event_name":"The Woman in Blue","floor":3,"gold_loss":0},{"damage_healed":0,"gold_gain":0,"player_choice":"Take Wound","damage_taken":0,"relics_obtained":["Golden Idol"],"max_hp_gain":0,"max_hp_loss":0,"event_name":"Golden Idol","floor":12,"gold_loss":0,"cards_obtained":["Injury"]}],"is_beta":false,"boss_relics":[],"items_purged_floors":[],"is_endless":false,"potions_floor_spawned":[4,5,8,13],"killed_by":"The Guardian","ascension_level":9}