{"path_per_floor":["M","$","M","M","M","R","E","R","T","E","R","$","M","M","R"],"character_chosen":"DEFECT","items_purchased":["Peace Pipe","Redo"],"gold_per_floor":[359,70,86,101,111,111,111,111,138,163,163,36,48,61,61,61],"floor_reached":16,"campfire_rested":0,"playtime":520,"item_purchase_floors":[2,12],"current_hp_per_floor":[75,75,75,75,69,69,69,69,69,35,35,35,42,49,49,0],"items_purged":["Strike_B"],"gold":61,"score":151,"play_id":"e1373739-d5ca-452c-a3bc-960a015dae99","local_time":"20180621220621","is_prod":false,"is_daily":false,"chose_seed":false,"is_ascension_mode":true,"campfire_upgraded":3,"win_rate":0,"timestamp":1529633181,"campfire_choices":[{"data":"Dualcast","floor":6,"key":"SMITH"},{"data":"Zap","floor":8,"key":"SMITH"},{"data":"Clumsy","floor":11,"key":"PURGE"},{"data":"Redo","floor":15,"key":"SMITH"}],"path_taken":["M","$","M","M","M","R","E","R","T","E","R","$","M","M","R","BOSS"],"build_version":"2018-06-21","seed_source_timestamp":163999629178705,"purchased_purges":1,"circlet_count":0,"victory":false,"master_deck":["Strike_B","Strike_B+1","Strike_B+1","Defend_B","Defend_B","Defend_B","Defend_B","Zap+1","Dualcast+1","Self Repair","Leap","BootSequence","Redo+1"],"max_hp_per_floor":[75,75,75,75,75,75,75,75,75,75,75,75,75,75,75,75],"relics":["Cracked Core","Peace Pipe","Whetstone","Bag of Marbles"],"card_choices":[{"not_picked":["Melter","Turbo"],"picked":"Self Repair","floor":1},{"not_picked":["Barrage","Streamline"],"picked":"Leap","floor":3},{"not_picked":["Hologram","Genetic Algorithm"],"picked":"BootSequence","floor":4},{"not_picked":["Aggregate","Cold Snap","Turbo"],"picked":"SKIP","floor":5},{"not_picked":["Steam Power","Hello World","Beam Cell"],"picked":"SKIP","floor":10},{"not_picked":["Consume","Cold Snap","Leap"],"picked":"SKIP","floor":13},{"not_picked":["Tempest","Ball Lightning","Rebound"],"picked":"SKIP","floor":14}],"player_experience":255417,"potions_floor_usage":[7],"damage_taken":[{"damage":0,"enemies":"Cultist","floor":1,"turns":3},{"damage":7,"enemies":"Jaw Worm","floor":3,"turns":3},{"damage":5,"enemies":"2 Louse","floor":4,"turns":3},{"damage":6,"enemies":"Looter","floor":5,"turns":3},{"damage":0,"enemies":"3 Sentries","floor":7,"turns":1},{"damage":41,"enemies":"Lagavulin","floor":10,"turns":7},{"damage":0,"enemies":"Large Slime","floor":13,"turns":4},{"damage":0,"enemies":"Blue Slaver","floor":14,"turns":4},{"damage":49,"enemies":"Slime Boss","floor":16,"turns":6}],"relics_obtained":[{"floor":9,"key":"Whetstone"},{"floor":10,"key":"Bag of Marbles"}],"event_choices":[],"boss_relics":[],"items_purged_floors":[12],"is_endless":false,"potions_floor_spawned":[3,4,10,13],"seed_played":"-2367974528531356951","killed_by":"Slime Boss","ascension_level":2,"potions_obtained":[{"floor":3,"key":"LiquidBronze"},{"floor":4,"key":"SmokeBomb"},{"floor":10,"key":"Regen Potion"},{"floor":13,"key":"Dexterity Potion"}],"is_trial":false}