{"gold_per_floor":[110,110,121,66,66,66,97,97,97,130,155,155,171,192,192,283,283,308,308],"floor_reached":19,"playtime":1300,"items_purged":[],"score":319,"play_id":"e4d862cf-a982-4a6c-9ccf-389cf00ae99f","local_time":"20190201155208","is_ascension_mode":true,"campfire_choices":[{"data":"Neutralize","floor":6.0,"key":"SMITH"},{"data":"After Image","floor":8.0,"key":"SMITH"},{"floor":12.0,"key":"REST"},{"floor":15.0,"key":"REST"}],"neow_cost":"TEN_PERCENT_HP_LOSS","seed_source_timestamp":80507587356374,"circlet_count":0,"master_deck":["AscendersBane","Defend_G","Defend_G","Defend_G","Defend_G","Defend_G","Strike_G","Strike_G+1","Strike_G","Strike_G","Strike_G+1","Survivor","Neutralize+1","After Image+1","Sucker Punch","Quick Slash","Dagger Spray","Caltrops","Terror","Crippling Poison","Dagger Spray","Poisoned Stab","A Thousand Cuts","Blade Dance"],"special_seed":0,"relics":["Ring of the Snake","Golden Idol","Ginger","The Courier","Happy Flower","Fusion Hammer"],"potions_floor_usage":[19],"damage_taken":[{"damage":0.0,"enemies":"Cultist","floor":1.0,"turns":5.0},{"damage":2.0,"enemies":"2 Louse","floor":3.0,"turns":3.0},{"damage":27.0,"enemies":"Lagavulin","floor":7.0,"turns":10.0},{"damage":23.0,"enemies":"3 Sentries","floor":10.0,"turns":10.0},{"damage":0.0,"enemies":"Jaw Worm","floor":11.0,"turns":3.0},{"damage":2.0,"enemies":"Blue Slaver","floor":13.0,"turns":3.0},{"damage":15.0,"enemies":"Exordium Thugs","floor":14.0,"turns":5.0},{"damage":15.0,"enemies":"Slime Boss","floor":16.0,"turns":6.0},{"damage":12.0,"enemies":"Spheric Guardian","floor":18.0,"turns":5.0},{"damage":30,"enemies":"Masked Bandits","floor":19,"turns":3}],"seed_played":"-5298175966491616050","potions_obtained":[{"floor":3.0,"key":"Regen Potion"},{"floor":11.0,"key":"Strength Potion"},{"floor":14.0,"key":"SteroidPotion"},{"floor":16.0,"key":"Dexterity Potion"}],"is_trial":false,"path_per_floor":["M","?","M","$","?","R","E","R","T","E","M","R","M","M","R","B",null,"M","?"],"character_chosen":"THE_SILENT","items_purchased":["Dagger Spray"],"campfire_rested":2,"item_purchase_floors":[4],"current_hp_per_floor":[59,41,39,39,39,39,27,27,27,4,4,20,18,3,19,4,42,30,0],"gold":308,"neow_bonus":"THREE_RARE_CARDS","is_prod":false,"is_daily":false,"chose_seed":false,"campfire_upgraded":2,"win_rate":0,"timestamp":1549032728,"path_taken":["M","?","M","$","?","R","E","R","T","E","M","R","M","M","R","BOSS","M","?"],"build_version":"2019-01-23","purchased_purges":0,"victory":false,"max_hp_per_floor":[60,60,60,60,54,54,54,54,54,54,54,54,54,54,54,54,54,54,54],"card_choices":[{"not_picked":["Grand Finale","Die Die Die"],"picked":"After Image","floor":0.0},{"not_picked":["Underhanded Strike","Slice"],"picked":"Sucker Punch","floor":1.0},{"not_picked":["Cloak And Dagger","Flying Knee"],"picked":"Quick Slash","floor":3.0},{"not_picked":["Dagger Spray","Flying Knee"],"picked":"Caltrops","floor":7.0},{"not_picked":["Endless Agony","Deadly Poison"],"picked":"Terror","floor":10.0},{"not_picked":["Catalyst","Tactician"],"picked":"Crippling Poison","floor":11.0},{"not_picked":["Acrobatics","Deadly Poison"],"picked":"Dagger Spray","floor":13.0},{"not_picked":["Wraith Form v2","Catalyst"],"picked":"Poisoned Stab","floor":14.0},{"not_picked":["Storm of Steel","Envenom"],"picked":"A Thousand Cuts","floor":16.0},{"not_picked":["Sucker Punch","Concentrate"],"picked":"Blade Dance","floor":18.0}],"player_experience":414267,"relics_obtained":[{"floor":7.0,"key":"Ginger"},{"floor":9.0,"key":"The Courier"},{"floor":10.0,"key":"Happy Flower"}],"event_choices":[{"damage_healed":0.0,"max_hp_gain":0.0,"max_hp_loss":0.0,"gold_gain":0.0,"event_name":"Shining Light","player_choice":"Entered Light","floor":2.0,"gold_loss":0.0,"damage_taken":18.0,"cards_upgraded":["Strike_G","Strike_G"]},{"damage_healed":0.0,"max_hp_gain":0.0,"max_hp_loss":6.0,"gold_gain":0.0,"event_name":"Golden Idol","player_choice":"Lose Max HP","floor":5.0,"gold_loss":0.0,"damage_taken":0.0,"relics_obtained":["Golden Idol"]},{"damage_healed":0,"gold_gain":0,"player_choice":"Fought Bandits","damage_taken":0,"max_hp_gain":0,"max_hp_loss":0,"event_name":"Masked Bandits","floor":19,"gold_loss":0}],"is_beta":false,"boss_relics":[{"not_picked":["Coffee Dripper","White Beast Statue"],"picked":"Fusion Hammer"}],"items_purged_floors":[],"is_endless":false,"potions_floor_spawned":[3,11,14,16],"killed_by":"Masked Bandits","ascension_level":16}