{"gold_per_floor":[114,133,133,308,258,291,306,306,306,320,353,368,368,403,403,505,505,525,535,535,549,549,549,549,549,575,575,48,75,75,75,75,75],"floor_reached":33,"playtime":1117,"items_purged":["Normality"],"score":295,"play_id":"dd2fd962-fde3-45e9-a5e3-91a36e3264a7","local_time":"20190101034259","is_ascension_mode":true,"campfire_choices":[{"floor":8,"key":"REST"},{"data":"Heavy Blade","floor":13,"key":"SMITH"},{"data":"Inflame","floor":15,"key":"SMITH"},{"data":"1","floor":23,"key":"LIFT"},{"floor":25,"key":"REST"},{"data":"Thunderclap","floor":27,"key":"SMITH"},{"floor":30,"key":"RECALL"},{"data":"Dark Embrace","floor":32,"key":"SMITH"}],"neow_cost":"TEN_PERCENT_HP_LOSS","seed_source_timestamp":377005445998747,"circlet_count":0,"master_deck":["Strike_R+1","Strike_R+1","Strike_R+1","Strike_R+1","Strike_R+1","Defend_R+1","Defend_R+1","Defend_R+1","Defend_R+1","Bash+1","Inflame+1","Disarm","Heavy Blade+1","Clash","Rupture","Reaper","Offering","Doubt","Injury","Thunderclap+1","Searing Blow+1","Dark Embrace+1"],"relics":["Burning Blood","Bird Faced Urn","Pear","Anchor","Ornamental Fan","Whetstone","Happy Flower","Calling Bell","Vajra","Self Forming Clay","Girya","Orichalcum","TheAbacus","Paper Frog","Bottled Lightning"],"potions_floor_usage":[2,10,14,16],"damage_taken":[{"damage":5,"enemies":"Small Slimes","floor":1,"turns":3},{"damage":15,"enemies":"Jaw Worm","floor":2,"turns":3},{"damage":34,"enemies":"Lagavulin","floor":6,"turns":6},{"damage":0,"enemies":"2 Louse","floor":7,"turns":2},{"damage":6,"enemies":"Exordium Wildlife","floor":10,"turns":6},{"damage":20,"enemies":"Gremlin Nob","floor":11,"turns":4},{"damage":4,"enemies":"Lots of Slimes","floor":12,"turns":4},{"damage":16,"enemies":"3 Sentries","floor":14,"turns":9},{"damage":29,"enemies":"Hexaghost","floor":16,"turns":9},{"damage":20,"enemies":"Spheric Guardian","floor":18,"turns":4},{"damage":0,"enemies":"Chosen","floor":19,"turns":4},{"damage":19,"enemies":"Snake Plant","floor":21,"turns":3},{"damage":13,"enemies":"Gremlin Leader","floor":29,"turns":7},{"damage":84,"enemies":"Automaton","floor":33,"turns":8}],"seed_played":"8805175756271038459","potions_obtained":[{"floor":1,"key":"LiquidBronze"},{"floor":7,"key":"Block Potion"},{"floor":11,"key":"Dexterity Potion"},{"floor":14,"key":"Poison Potion"},{"floor":19,"key":"SmokeBomb"},{"floor":21,"key":"Ancient Potion"}],"is_trial":false,"path_per_floor":["M","M","?","?","?","E","M","R","T","M","E","M","R","E","R","B",null,"M","M","?","M","?","R","?","R","T","R","$","E","R","$","R","B"],"character_chosen":"IRONCLAD","items_purchased":["TheAbacus","Paper Frog"],"campfire_rested":2,"item_purchase_floors":[28,28],"current_hp_per_floor":[72,65,72,72,72,46,52,76,76,78,66,70,70,64,64,49,82,70,78,78,67,67,67,51,77,77,77,77,79,79,79,79,0],"gold":75,"neow_bonus":"ONE_RARE_RELIC","is_prod":false,"is_daily":false,"chose_seed":false,"campfire_upgraded":4,"win_rate":0,"timestamp":1546326779,"path_taken":["M","M","?","?","?","E","?","R","T","M","E","M","R","E","R","BOSS","M","M","?","M","?","R","?","R","T","R","$","E","R","$","R","BOSS"],"build_version":"2018-12-25","purchased_purges":1,"victory":false,"max_hp_per_floor":[72,72,82,82,82,82,82,82,82,82,82,82,82,82,82,82,82,82,82,82,82,82,82,87,87,87,87,87,87,87,87,87,87],"card_choices":[{"not_picked":["Combust","Headbutt"],"picked":"Inflame","floor":1},{"not_picked":["Thunderclap","Anger"],"picked":"Disarm","floor":2},{"not_picked":["True Grit","Exhume"],"picked":"Heavy Blade","floor":6},{"not_picked":["Bloodletting","Heavy Blade","Clothesline"],"picked":"SKIP","floor":7},{"not_picked":["Anger","Heavy Blade","Carnage"],"picked":"SKIP","floor":10},{"not_picked":["Sever Soul","Bloodletting"],"picked":"Clash","floor":11},{"not_picked":["Clothesline","True Grit"],"picked":"Rupture","floor":12},{"not_picked":["Anger","Heavy Blade"],"picked":"Reaper","floor":14},{"not_picked":["Fiend Fire","Bludgeon"],"picked":"Offering","floor":16},{"not_picked":["Warcry","Clothesline+1"],"picked":"Thunderclap","floor":18},{"not_picked":["Clothesline+1","Spot Weakness"],"picked":"Searing Blow+1","floor":19},{"not_picked":["Spot Weakness","Havoc","Headbutt+1"],"picked":"SKIP","floor":21},{"not_picked":["Wild Strike","Headbutt"],"picked":"Dark Embrace","floor":29}],"player_experience":566526,"relics_obtained":[{"floor":6,"key":"Anchor"},{"floor":9,"key":"Ornamental Fan"},{"floor":11,"key":"Whetstone"},{"floor":14,"key":"Happy Flower"},{"floor":17,"key":"Vajra"},{"floor":17,"key":"Self Forming Clay"},{"floor":17,"key":"Girya"},{"floor":26,"key":"Orichalcum"},{"floor":29,"key":"Bottled Lightning"}],"event_choices":[{"damage_healed":0,"gold_gain":0,"player_choice":"Success","damage_taken":3,"relics_obtained":["Pear"],"max_hp_gain":0,"max_hp_loss":0,"event_name":"Scrap Ooze","floor":3,"gold_loss":0},{"damage_healed":0,"gold_gain":175,"player_choice":"AGREE","damage_taken":0,"max_hp_gain":0,"max_hp_loss":0,"event_name":"Liars Game","floor":4,"gold_loss":0,"cards_obtained":["Doubt"]},{"cards_removed":["Doubt"],"damage_healed":0,"gold_gain":0,"player_choice":"Card Removal","damage_taken":0,"max_hp_gain":0,"max_hp_loss":0,"event_name":"The Cleric","floor":5,"gold_loss":50},{"damage_healed":0,"gold_gain":0,"player_choice":"Ignored","damage_taken":0,"max_hp_gain":0,"max_hp_loss":0,"event_name":"Vampires","floor":20,"gold_loss":0},{"damage_healed":0,"gold_gain":0,"player_choice":"Simplicity","damage_taken":0,"max_hp_gain":0,"max_hp_loss":0,"event_name":"Back to Basics","floor":22,"gold_loss":0,"cards_upgraded":["Strike_R","Strike_R","Strike_R","Strike_R","Defend_R","Defend_R","Defend_R","Defend_R"]},{"damage_healed":0,"gold_gain":0,"player_choice":"Shed Blood","damage_taken":21,"max_hp_gain":5,"max_hp_loss":0,"event_name":"Forgotten Altar","floor":24,"gold_loss":0}],"is_beta":true,"boss_relics":[{"not_picked":["Runic Pyramid","Philosopher\u0027s Stone"],"picked":"Calling Bell"}],"items_purged_floors":[28],"is_endless":false,"potions_floor_spawned":[1,7,11,14,19,21],"killed_by":"Automaton","ascension_level":1}