{"gold_per_floor":[119,119,139,139,139,139,172,172,172,191,223,223,243,11,11,88,88,106,156,172,192,51,51,63,79,79,79,79,97,97,110,110,110],"floor_reached":33,"playtime":1208,"items_purged":["Pain","Shame"],"score":514,"play_id":"ead48d00-d331-4c6a-8b8a-8d2189dfe86a","local_time":"20181018225831","is_ascension_mode":true,"campfire_choices":[{"data":"Neutralize","floor":6.0,"key":"SMITH"},{"floor":8,"key":"REST"},{"floor":12,"key":"REST"},{"floor":15,"key":"REST"},{"data":"Mind Blast","floor":23,"key":"SMITH"},{"data":"Burst","floor":30,"key":"SMITH"},{"data":"Crippling Poison","floor":32,"key":"SMITH"}],"neow_cost":"CURSE","seed_source_timestamp":10272711325851,"circlet_count":0,"master_deck":["Defend_G","Defend_G","Defend_G+1","Defend_G","Defend_G","Strike_G","Strike_G","Strike_G","Strike_G","Survivor","Neutralize+1","AscendersBane","Mind Blast+1","PanicButton","Bouncing Flask+1","Prepared","Footwork","Flying Knee","Tools of the Trade","Bouncing Flask","Night Terror","Escape Plan","Deadly Poison+1","Escape Plan","Backflip","Concentrate+1","Glass Knife","Burst+1","Shame","Backflip","Crippling Poison+1"],"special_seed":0,"relics":["Ring of the Snake","WarpedTongs","Pen Nib","Mercury Hourglass","Ornamental Fan","Coffee Dripper","Dream Catcher","Strawberry"],"potions_floor_usage":[7,16,18,24,31,33,33],"damage_taken":[{"damage":16.0,"enemies":"Jaw Worm","floor":1.0,"turns":6.0},{"damage":8.0,"enemies":"Cultist","floor":3.0,"turns":4.0},{"damage":36,"enemies":"Gremlin Nob","floor":7,"turns":4},{"damage":1,"enemies":"Small Slimes","floor":10,"turns":3},{"damage":10,"enemies":"Lagavulin","floor":11,"turns":7},{"damage":2,"enemies":"Blue Slaver","floor":13,"turns":3},{"damage":5,"enemies":"Slime Boss","floor":16,"turns":6},{"damage":11,"enemies":"2 Thieves","floor":18,"turns":5},{"damage":8,"enemies":"Chosen","floor":20,"turns":5},{"damage":13,"enemies":"Sentry and Sphere","floor":21,"turns":5},{"damage":0,"enemies":"Snake Plant","floor":24,"turns":4},{"damage":26,"enemies":"Centurion and Healer","floor":25,"turns":7},{"damage":1,"enemies":"Cultist and Chosen","floor":29,"turns":5},{"damage":0,"enemies":"Snake Plant","floor":31,"turns":3},{"damage":10,"enemies":"Collector","floor":33,"turns":3}],"seed_played":"-2367796524271008950","potions_obtained":[{"floor":3.0,"key":"Fire Potion"},{"floor":11,"key":"Fire Potion"},{"floor":13,"key":"Swift Potion"},{"floor":16,"key":"LiquidBronze"},{"floor":21,"key":"GhostInAJar"},{"floor":24,"key":"Fruit Juice"},{"floor":25,"key":"LiquidBronze"},{"floor":31,"key":"Block Potion"}],"is_trial":false,"path_per_floor":["M","?","M","?","?","R","E","R","T","M","E","R","M","$","R","B",null,"M","?","M","M","$","R","M","M","T","?","?","M","R","M","R"],"character_chosen":"THE_SILENT","items_purchased":["Tools of the Trade","Bouncing Flask","Escape Plan"],"campfire_rested":3,"item_purchase_floors":[14,14,22],"current_hp_per_floor":[43,43,35,57,37,37,1,20,20,19,9,28,26,26,45,40,60,49,49,41,28,28,28,33,7,7,7,14,13,13,13,13,3],"gold":110,"neow_bonus":"RANDOM_COLORLESS_2","is_prod":false,"is_daily":false,"chose_seed":false,"campfire_upgraded":4,"win_rate":0,"timestamp":1539896311,"path_taken":["M","?","?","?","?","R","E","R","T","M","E","R","M","$","R","BOSS","M","?","M","M","$","R","M","?","T","?","?","M","R","M","R","BOSS"],"build_version":"2018-10-17v3","purchased_purges":2,"victory":false,"max_hp_per_floor":[66,66,66,66,66,66,66,66,66,66,66,66,66,66,66,66,66,66,66,66,66,66,66,71,71,71,71,78,78,78,78,78,78],"card_choices":[{"not_picked":["Flying Knee","Dagger Throw"],"picked":"Bouncing Flask","floor":1.0},{"not_picked":["Dagger Spray","Eviscerate"],"picked":"Prepared","floor":3.0},{"not_picked":["Predator","Riddle With Holes"],"picked":"Concentrate","floor":7},{"not_picked":["Dagger Spray","Backflip"],"picked":"Footwork","floor":10},{"not_picked":["Skewer","Cloak And Dagger"],"picked":"Flying Knee","floor":11},{"not_picked":["Skewer","Cloak And Dagger","Dagger Spray"],"picked":"SKIP","floor":13},{"not_picked":["Wraith Form v2","Unload"],"picked":"Night Terror","floor":16},{"not_picked":["Noxious Fumes","Dodge and Roll"],"picked":"Escape Plan","floor":18},{"not_picked":["Infinite Blades","Prepared"],"picked":"Deadly Poison+1","floor":20},{"not_picked":["Choke","Dagger Throw","Skewer"],"picked":"SKIP","floor":21},{"not_picked":["Slice","Bane"],"picked":"Backflip","floor":24},{"not_picked":["Backflip","Deadly Poison"],"picked":"Concentrate+1","floor":25},{"not_picked":["Cloak And Dagger","Caltrops"],"picked":"Backflip","floor":29},{"not_picked":["Quick Slash","Deflect"],"picked":"Crippling Poison","floor":31}],"player_experience":717560,"relics_obtained":[{"floor":7,"key":"Pen Nib"},{"floor":9,"key":"Mercury Hourglass"},{"floor":11,"key":"Ornamental Fan"},{"floor":26,"key":"Dream Catcher"}],"event_choices":[{"damage_healed":0.0,"max_hp_gain":0.0,"max_hp_loss":0.0,"gold_gain":0.0,"event_name":"Accursed Blacksmith","player_choice":"Rummage","floor":2.0,"gold_loss":0.0,"damage_taken":0.0,"relics_obtained":["WarpedTongs"],"cards_obtained":["Pain"]},{"damage_healed":22.0,"max_hp_gain":0.0,"max_hp_loss":0.0,"gold_gain":0.0,"event_name":"Big Fish","player_choice":"Banana","floor":4.0,"gold_loss":0.0,"damage_taken":0.0},{"damage_healed":0.0,"max_hp_gain":0.0,"max_hp_loss":0.0,"gold_gain":0.0,"event_name":"Shining Light","player_choice":"Entered Light","floor":5.0,"gold_loss":0.0,"damage_taken":20.0,"cards_upgraded":["Bouncing Flask","Defend_G"]},{"damage_healed":0,"gold_gain":50,"player_choice":"Stole From Cult","damage_taken":0,"max_hp_gain":0,"max_hp_loss":0,"event_name":"Nest","floor":19,"gold_loss":0},{"damage_healed":0,"gold_gain":0,"cards_transformed":["Concentrate","Strike_G"],"player_choice":"Became Test Subject","damage_taken":0,"max_hp_gain":0,"max_hp_loss":0,"event_name":"Drug Dealer","floor":27,"gold_loss":0,"cards_obtained":["Glass Knife","Burst"]},{"damage_healed":0,"gold_gain":0,"player_choice":"Stole Relic","damage_taken":0,"relics_obtained":["Strawberry"],"max_hp_gain":0,"max_hp_loss":0,"event_name":"Addict","floor":28,"gold_loss":0,"cards_obtained":["Shame"]}],"is_beta":true,"boss_relics":[{"not_picked":["Black Star","Tiny House"],"picked":"Coffee Dripper"}],"items_purged_floors":[14,22],"is_endless":false,"potions_floor_spawned":[3,11,13,16,21,24,25,31],"killed_by":"Collector","ascension_level":20}