{"path_per_floor":["M","M","$","?","$","E","R","E","T","M","?","M","M","M","R","B",null,"M","$","?","M","M","R","E","R","T","?","?","R","?","$","R","B",null,"M"],"character_chosen":"DEFECT","items_purchased":["Creative AI","Leap","Bag of Marbles","Regen Potion","Reinforced Body"],"gold_per_floor":[115,134,54,54,0,28,28,62,62,72,72,89,101,114,114,214,214,227,31,31,43,59,59,89,89,89,189,114,114,114,37,37,141,141,151,151],"floor_reached":36,"campfire_rested":5,"playtime":2113,"current_hp_per_floor":[74,74,74,74,74,59,59,49,49,54,54,46,43,43,65,34,75,54,54,54,47,27,49,15,37,37,37,37,59,59,59,75,28,75,57,0],"items_purged":[],"gold":151,"score":436,"play_id":"4b4c2183-710c-4d72-96ed-5ab835610e08","local_time":"20180508040832","is_prod":false,"is_daily":false,"chose_seed":false,"is_ascension_mode":true,"campfire_upgraded":1,"timestamp":1525761512,"path_taken":["M","M","$","?","$","E","R","E","T","M","?","?","M","?","R","BOSS","M","$","?","?","M","R","E","R","T","?","?","R","?","$","R","BOSS","M","?"],"build_version":"2018-05-03","seed_source_timestamp":87020617261917,"purchased_purges":1,"victory":false,"master_deck":["Zap","Dualcast","Leap","Hello World","Creative AI+1","Leap","Beam Cell","Consume+1","Multi-Cast","All For One+1","Turbo","Sweeping Beam+1","Skim","Stack","Skim","Leap","Scrape+1","Darkness","Stack","Reinforced Body","Fission","Storm+1"],"max_hp_per_floor":[75,75,75,75,75,75,75,75,75,75,75,75,75,75,75,75,75,75,75,75,75,75,75,75,75,75,75,75,75,75,75,75,75,75,75,75],"relics":["Cracked Core","Bird Faced Urn","Cables","Oddly Smooth Stone","Molten Egg 2","Pandora\u0027s Box","Bag of Marbles","Omamori","Mummified Hand","Runic Pyramid"],"card_choices":[{"not_picked":["Impulse","Steam Power"],"picked":"Leap","floor":1},{"not_picked":["Double Energy","Streamline"],"picked":"Hello World","floor":2},{"not_picked":["Capacitor","Rebound"],"picked":"Beam Cell","floor":6},{"not_picked":["Coolheaded","Turbo"],"picked":"Consume","floor":10},{"not_picked":["Ball Lightning","Sweeping Beam"],"picked":"Multi-Cast","floor":12},{"not_picked":["Reboot","Creative AI"],"picked":"All For One","floor":16},{"not_picked":["Axe Kick","Rebound"],"picked":"Scrape","floor":18},{"not_picked":["Beam Cell","Capacitor"],"picked":"Darkness","floor":22},{"not_picked":["Ball Lightning","Rip and Tear"],"picked":"Stack","floor":24},{"not_picked":["Seek","Machine Learning"],"picked":"Fission","floor":33},{"not_picked":["Undo","Hologram"],"picked":"Storm","floor":35}],"player_experience":403185,"potions_floor_usage":[8,12,16,21,24,36],"damage_taken":[{"damage":1,"enemies":"Cultist","floor":1,"turns":4},{"damage":0,"enemies":"Small Slimes","floor":2,"turns":3},{"damage":16,"enemies":"3 Sentries","floor":6,"turns":7},{"damage":12,"enemies":"Gremlin Nob","floor":8,"turns":4},{"damage":1,"enemies":"Jaw Worm","floor":10,"turns":3},{"damage":10,"enemies":"Lots of Slimes","floor":12,"turns":3},{"damage":7,"enemies":"Exordium Wildlife","floor":13,"turns":4},{"damage":6,"enemies":"Large Slime","floor":14,"turns":6},{"damage":49,"enemies":"Hexaghost","floor":16,"turns":11},{"damage":27,"enemies":"3 Byrds","floor":18,"turns":5},{"damage":29,"enemies":"Chosen","floor":21,"turns":5},{"damage":28,"enemies":"Snake Plant","floor":22,"turns":4},{"damage":42,"enemies":"Book of Stabbing","floor":24,"turns":7},{"damage":61,"enemies":"Automaton","floor":33,"turns":12},{"damage":18,"enemies":"Orb Walker","floor":35,"turns":5},{"damage":78,"enemies":"Mysterious Sphere","floor":36,"turns":3}],"event_choices":[{"event_name":"Purifier","player_choice":"One Purge","floor":4,"damage_taken":0},{"event_name":"Living Wall","player_choice":"Grow","floor":11,"damage_taken":0},{"event_name":"Drug Dealer","player_choice":"Ignored","floor":20,"damage_taken":0},{"event_name":"Golden Shrine","player_choice":"Pray","floor":27,"damage_taken":0},{"event_name":"Beggar","player_choice":"Gave Gold","floor":28,"damage_taken":0},{"event_name":"Back to Basics","player_choice":"Elegance","floor":30,"damage_taken":0},{"event_name":"Mysterious Sphere","player_choice":"Fight","floor":36,"damage_taken":0}],"boss_relics":[{"not_picked":["White Beast Statue","Runic Dome"],"picked":"Pandora\u0027s Box"},{"not_picked":["Calling Bell","Inserter"],"picked":"Runic Pyramid"}],"potions_floor_spawned":[2,6,8,22,35],"seed_played":"6402975492477659497","killed_by":"Mysterious Sphere","ascension_level":1,"is_trial":false}