{"gold_per_floor":[114,114,130,1,12,12,31,106,106,106,6,33,56,68,80,92],"floor_reached":16,"playtime":501,"items_purged":["Strike_R","Strike_R"],"score":196,"play_id":"636f3bff-0da8-46e9-8c34-c81396901ada","local_time":"20181222173236","is_ascension_mode":true,"campfire_choices":[{"data":"Body Slam","floor":6,"key":"SMITH"},{"data":"Armaments","floor":10,"key":"SMITH"},{"data":"Bash","floor":15,"key":"SMITH"}],"neow_cost":"NONE","seed_source_timestamp":17705777495477,"circlet_count":0,"master_deck":["AscendersBane","Strike_R","Strike_R","Strike_R","Defend_R","Defend_R+1","Defend_R","Defend_R+1","Bash+1","Iron Wave","Body Slam+1","Shrug It Off","Armaments+1","Power Through","Cleave"],"relics":["Burning Blood","Singing Bowl","Dead Branch","MawBank"],"potions_floor_usage":[7,12],"damage_taken":[{"damage":5,"enemies":"Small Slimes","floor":1,"turns":4},{"damage":0,"enemies":"Jaw Worm","floor":3,"turns":4},{"damage":6,"enemies":"Cultist","floor":5,"turns":4},{"damage":0,"enemies":"Looter","floor":7,"turns":4},{"damage":20,"enemies":"Lagavulin","floor":12,"turns":6},{"damage":49,"enemies":"Slime Boss","floor":16,"turns":11}],"seed_played":"-1982411052979327996","potions_obtained":[{"floor":1,"key":"Energy Potion"},{"floor":7,"key":"Fruit Juice"}],"is_trial":false,"path_per_floor":["M","?","M","$","M","R","M","?","T","R","$","E","T","$","R","B"],"character_chosen":"IRONCLAD","items_purchased":["Armaments"],"campfire_rested":0,"item_purchase_floors":[4],"current_hp_per_floor":[69,46,52,52,52,52,63,52,52,52,52,40,40,40,40,0],"gold":92,"neow_bonus":"THREE_CARDS","is_prod":false,"is_daily":false,"chose_seed":false,"campfire_upgraded":3,"win_rate":0,"timestamp":1545496356,"path_taken":["M","?","M","$","M","R","M","?","T","R","$","E","?","?","R","BOSS"],"build_version":"2018-12-20","purchased_purges":2,"victory":false,"max_hp_per_floor":[75,75,75,75,75,75,80,80,80,80,80,82,82,82,82,82],"card_choices":[{"not_picked":["True Grit","Rupture"],"picked":"Iron Wave","floor":0},{"not_picked":["Carnage","Rampage"],"picked":"Body Slam","floor":1},{"not_picked":["Clothesline","Havoc"],"picked":"Shrug It Off","floor":3},{"not_picked":["Second Wind","Warcry"],"picked":"Power Through","floor":5},{"not_picked":["Anger","Fire Breathing"],"picked":"Cleave","floor":7},{"not_picked":["Armaments","Havoc","Heavy Blade"],"picked":"Singing Bowl","floor":12}],"player_experience":856700,"relics_obtained":[{"floor":9,"key":"Singing Bowl"},{"floor":12,"key":"Dead Branch"},{"floor":13,"key":"MawBank"}],"event_choices":[{"damage_healed":0,"gold_gain":0,"player_choice":"Entered Light","damage_taken":23,"max_hp_gain":0,"max_hp_loss":0,"event_name":"Shining Light","floor":2,"gold_loss":0,"cards_upgraded":["Defend_R","Defend_R"]},{"damage_healed":0,"gold_gain":75,"player_choice":"Gather Gold","damage_taken":11,"max_hp_gain":0,"max_hp_loss":0,"event_name":"World of Goop","floor":8,"gold_loss":0}],"is_beta":true,"boss_relics":[],"items_purged_floors":[4,11],"is_endless":false,"potions_floor_spawned":[1,7],"killed_by":"Slime Boss","ascension_level":20}