{"gold_per_floor":[110,110,125,137,87,87,140,140,185,214,214,243,243,254,254,325,325,336,435,465,479,479,479,512,512,512,524,544,571,571,587,587,663,663,674,674,690,704,723,723,734,19,19,19,33,33,45,45,45,45],"floor_reached":51,"playtime":2987,"items_purged":["Defend_G"],"score":1175,"play_id":"4ec51655-d0c8-4410-8282-4e61e3142231","local_time":"20190126120352","is_ascension_mode":true,"campfire_choices":[{"floor":6,"key":"REST"},{"data":"Neutralize","floor":11,"key":"SMITH"},{"data":"Dagger Spray","floor":13,"key":"SMITH"},{"floor":15,"key":"REST"},{"floor":23,"key":"REST"},{"floor":25,"key":"DIG"},{"floor":30,"key":"DIG"},{"floor":32,"key":"REST"},{"floor":40,"key":"DIG"},{"floor":46,"key":"DIG"},{"floor":49,"key":"DIG"}],"neow_cost":"NONE","seed_source_timestamp":85304668845156,"circlet_count":0,"master_deck":["AscendersBane","Defend_G","Defend_G","Defend_G","Defend_G","Strike_G+1","Survivor","Neutralize+1","Panacea","Dagger Spray+1","Sucker Punch+1","Die Die Die","Deadly Poison","Corpse Explosion","Adrenaline","Footwork","PiercingWail","Escape Plan+1","Well Laid Plans+1","Blur","Deadly Poison+1","Noxious Fumes","Catalyst","Choke+1","Endless Agony+1","Flechettes+1","Deadly Poison+1","Catalyst+1","Wraith Form v2","Noxious Fumes","Backflip","Catalyst+1","Dodge and Roll"],"relics":["Ring of the Snake","Matryoshka","Mercury Hourglass","Bronze Scales","Whetstone","Ancient Tea Set","Centennial Puzzle","Snake Skull","Fusion Hammer","Red Mask","Shovel","Dodecahedron","Prayer Wheel","Strawberry","Mummified Hand","Astrolabe","Pear","Gremlin Horn","DollysMirror","Regal Pillow","Blood Vial","Bag of Preparation","Gambling Chip","Orichalcum"],"potions_floor_usage":[10,12,24,29,39,50,50],"damage_taken":[{"damage":2,"enemies":"Jaw Worm","floor":1,"turns":5},{"damage":0,"enemies":"2 Louse","floor":3,"turns":3},{"damage":0,"enemies":"Cultist","floor":4,"turns":4},{"damage":12,"enemies":"Gremlin Nob","floor":10,"turns":3},{"damage":10,"enemies":"Lagavulin","floor":12,"turns":6},{"damage":0,"enemies":"3 Louse","floor":14,"turns":1},{"damage":28,"enemies":"Slime Boss","floor":16,"turns":7},{"damage":12,"enemies":"2 Thieves","floor":18,"turns":2},{"damage":2,"enemies":"Masked Bandits","floor":20,"turns":3},{"damage":0,"enemies":"Chosen","floor":21,"turns":4},{"damage":6,"enemies":"Slavers","floor":24,"turns":2},{"damage":12,"enemies":"Centurion and Healer","floor":27,"turns":3},{"damage":10,"enemies":"3 Cultists","floor":28,"turns":4},{"damage":0,"enemies":"Gremlin Leader","floor":29,"turns":6},{"damage":6,"enemies":"Shelled Parasite and Fungi","floor":31,"turns":4},{"damage":17,"enemies":"Champ","floor":33,"turns":10},{"damage":9,"enemies":"3 Darklings","floor":35,"turns":4},{"damage":0,"enemies":"Orb Walker","floor":37,"turns":3},{"damage":3,"enemies":"Spire Growth","floor":38,"turns":4},{"damage":2,"enemies":"4 Shapes","floor":39,"turns":3},{"damage":11,"enemies":"Transient","floor":41,"turns":5},{"damage":12,"enemies":"3 Darklings","floor":45,"turns":4},{"damage":22,"enemies":"Maw","floor":47,"turns":3},{"damage":2,"enemies":"Time Eater","floor":50,"turns":4}],"seed_played":"3533557838848922926","potions_obtained":[{"floor":1,"key":"SkillPotion"},{"floor":4,"key":"Fire Potion"},{"floor":20,"key":"EssenceOfSteel"},{"floor":21,"key":"Explosive Potion"},{"floor":27,"key":"AttackPotion"},{"floor":39,"key":"Strength Potion"},{"floor":41,"key":"SteroidPotion"}],"is_trial":false,"path_per_floor":["M","?","M","M","?","R","T","?","T","E","R","E","R","M","R","B",null,"M","?","?","M","?","R","E","R","T","M","M","E","R","M","R","B",null,"M","?","M","M","M","R","M","$","T","?","M","R","M","?","R","B",null],"character_chosen":"THE_SILENT","items_purchased":["Noxious Fumes","Backflip","DollysMirror","Regal Pillow","Blood Vial","PowerPotion"],"campfire_rested":4,"item_purchase_floors":[42,42,42,42,42,42],"current_hp_per_floor":[61,19,19,19,19,40,40,40,40,28,28,18,18,18,39,11,55,43,43,41,41,28,50,44,44,44,32,22,29,29,23,47,30,69,60,70,70,67,65,65,54,54,54,54,44,44,24,80,80,78],"gold":45,"neow_bonus":"RANDOM_COLORLESS","is_prod":false,"is_daily":false,"chose_seed":false,"campfire_upgraded":2,"win_rate":0,"timestamp":1548500632,"path_taken":["M","?","M","M","?","R","?","?","T","E","R","E","R","M","R","BOSS","M","?","?","M","?","R","E","R","T","M","M","E","R","M","R","BOSS","M","?","?","M","M","R","M","$","T","?","M","R","M","?","R","BOSS"],"build_version":"2019-01-23","purchased_purges":1,"victory":true,"max_hp_per_floor":[70,70,70,70,70,70,70,70,70,70,70,70,70,70,70,70,70,70,70,70,70,75,75,75,75,75,75,75,82,82,82,82,82,82,82,92,92,92,92,92,92,92,92,92,92,92,92,80,80,80],"card_choices":[{"not_picked":["PiercingWail","Bane"],"picked":"Dagger Spray","floor":1},{"not_picked":["Expertise","Underhanded Strike"],"picked":"Sucker Punch","floor":3},{"not_picked":["Dagger Throw","Flying Knee"],"picked":"Die Die Die","floor":4},{"not_picked":["Blade Dance","Flying Knee"],"picked":"Quick Slash","floor":10},{"not_picked":["Slice","Eviscerate"],"picked":"Deadly Poison","floor":12},{"not_picked":["Dodge and Roll","Dagger Spray"],"picked":"Corpse Explosion","floor":14},{"not_picked":["Night Terror","Doppelganger"],"picked":"Adrenaline","floor":16},{"not_picked":["Accuracy","Backflip"],"picked":"Footwork","floor":18},{"not_picked":["Dodge and Roll","Skewer"],"picked":"PiercingWail","floor":20},{"not_picked":["Prepared","Infinite Blades+1"],"picked":"Escape Plan+1","floor":21},{"not_picked":["Footwork","Bane"],"picked":"Well Laid Plans+1","floor":24},{"not_picked":["Blade Dance","Caltrops","Setup"],"picked":"SKIP","floor":27},{"not_picked":["Prepared","Flying Knee","Blade Dance+1"],"picked":"SKIP","floor":27},{"not_picked":["Masterful Stab","Prepared"],"picked":"Blur","floor":28},{"not_picked":["Storm of Steel","Reflex","Quick Slash"],"picked":"SKIP","floor":28},{"not_picked":["Setup+1","Venomology"],"picked":"Deadly Poison+1","floor":29},{"not_picked":["Tactician","Caltrops"],"picked":"Noxious Fumes","floor":31},{"not_picked":["Eviscerate","Quick Slash"],"picked":"Catalyst","floor":31},{"not_picked":["Deflect","Blade Dance","Finisher+1"],"picked":"SKIP","floor":35},{"not_picked":["Slice+1","Bane","Prepared"],"picked":"SKIP","floor":35},{"not_picked":["Setup","Flying Knee"],"picked":"Deadly Poison+1","floor":37},{"not_picked":["Underhanded Strike","Flying Knee","Flechettes"],"picked":"SKIP","floor":37},{"not_picked":["Phantasmal Killer","Blade Dance","Reflex"],"picked":"SKIP","floor":38},{"not_picked":["Prepared","Flechettes+1","Slice"],"picked":"SKIP","floor":38},{"not_picked":["Distraction","Cloak And Dagger+1"],"picked":"Catalyst+1","floor":39},{"not_picked":["Bane","Deadly Poison","Dagger Spray+1"],"picked":"SKIP","floor":39},{"not_picked":["Acrobatics","Predator+1"],"picked":"Wraith Form v2","floor":41},{"not_picked":["Dodge and Roll","Quick Slash","Bane"],"picked":"SKIP","floor":41},{"not_picked":["PiercingWail","Quick Slash","Backstab"],"picked":"SKIP","floor":45},{"not_picked":["Dagger Throw","Catalyst","Underhanded Strike+1"],"picked":"SKIP","floor":45},{"not_picked":["Prepared","Dagger Throw"],"picked":"Dodge and Roll","floor":47},{"not_picked":["Backflip","Reflex","Cloak And Dagger"],"picked":"SKIP","floor":47}],"player_experience":382606,"relics_obtained":[{"floor":7,"key":"Mercury Hourglass"},{"floor":7,"key":"Bronze Scales"},{"floor":9,"key":"Whetstone"},{"floor":9,"key":"Ancient Tea Set"},{"floor":10,"key":"Centennial Puzzle"},{"floor":12,"key":"Snake Skull"},{"floor":20,"key":"Red Mask"},{"floor":24,"key":"Shovel"},{"floor":25,"key":"Dodecahedron"},{"floor":26,"key":"Prayer Wheel"},{"floor":29,"key":"Strawberry"},{"floor":30,"key":"Mummified Hand"},{"floor":40,"key":"Gremlin Horn"},{"floor":43,"key":"Bag of Preparation"},{"floor":46,"key":"Gambling Chip"},{"floor":49,"key":"Orichalcum"}],"event_choices":[{"damage_healed":0,"gold_gain":0,"player_choice":"Success","damage_taken":42,"relics_obtained":["Matryoshka"],"max_hp_gain":0,"max_hp_loss":0,"event_name":"Scrap Ooze","floor":2,"gold_loss":0},{"cards_removed":["Strike_G"],"damage_healed":0,"gold_gain":0,"player_choice":"Card Removal","damage_taken":0,"max_hp_gain":0,"max_hp_loss":0,"event_name":"The Cleric","floor":5,"gold_loss":50},{"damage_healed":0,"gold_gain":0,"player_choice":"Got Potions","damage_taken":0,"max_hp_gain":0,"max_hp_loss":0,"event_name":"Lab","floor":8,"gold_loss":0},{"damage_healed":0,"gold_gain":99,"player_choice":"Stole From Cult","damage_taken":0,"max_hp_gain":0,"max_hp_loss":0,"event_name":"Nest","floor":19,"gold_loss":0},{"damage_healed":0,"gold_gain":0,"player_choice":"Fought Bandits","damage_taken":0,"max_hp_gain":0,"max_hp_loss":0,"event_name":"Masked Bandits","floor":20,"gold_loss":0},{"damage_healed":0,"gold_gain":0,"player_choice":"Shed Blood","damage_taken":18,"max_hp_gain":5,"max_hp_loss":0,"event_name":"Forgotten Altar","floor":22,"gold_loss":0},{"cards_removed":["Quick Slash"],"damage_healed":0,"gold_gain":0,"player_choice":"Gave Card","damage_taken":0,"relics_obtained":["Pear"],"max_hp_gain":0,"max_hp_loss":0,"event_name":"WeMeetAgain","floor":36,"gold_loss":0},{"damage_healed":0,"gold_gain":0,"player_choice":"Ignored","damage_taken":0,"max_hp_gain":0,"max_hp_loss":0,"event_name":"Tomb of Lord Red Mask","floor":44,"gold_loss":0},{"damage_healed":80,"gold_gain":0,"player_choice":"Heal","damage_taken":0,"max_hp_gain":0,"max_hp_loss":12,"event_name":"The Moai Head","floor":48,"gold_loss":0}],"is_beta":false,"boss_relics":[{"not_picked":["WristBlade","White Beast Statue"],"picked":"Fusion Hammer"},{"not_picked":["Philosopher\u0027s Stone","Calling Bell"],"picked":"Astrolabe"}],"items_purged_floors":[42],"is_endless":false,"potions_floor_spawned":[1,4,20,21,27,39,41,47],"ascension_level":13}