{"gold_per_floor":[118,133,133,147,9,9,27,59,82,82,116,116,8,8,8,84,84,97,111,31,31,46,46,77,77,77,77,77,89,89,119,119,193,193,211,226,242,259,270,270,281,281,305,324,324,359,374,374,374,374,374],"floor_reached":51,"playtime":3106,"items_purged":[],"score":1454,"play_id":"6cf782cb-b183-4bda-8219-94f72ac36ffa","local_time":"20190126132741","is_ascension_mode":true,"campfire_choices":[{"data":"Zap","floor":6,"key":"SMITH"},{"data":"Dualcast","floor":10,"key":"SMITH"},{"data":"Fission","floor":12,"key":"SMITH"},{"data":"Steam","floor":15,"key":"SMITH"},{"data":"Consume","floor":23,"key":"SMITH"},{"data":"Capacitor","floor":28,"key":"SMITH"},{"data":"Thunder Strike","floor":30,"key":"SMITH"},{"floor":32,"key":"REST"},{"data":"Hologram","floor":40,"key":"SMITH"},{"data":"Defend_B","floor":42,"key":"PURGE"},{"floor":45,"key":"REST"},{"floor":49,"key":"RECALL"}],"neow_cost":"NONE","seed_source_timestamp":2382305538415,"circlet_count":0,"master_deck":["AscendersBane","Defend_B+1","Defend_B+1","Defend_B","Zap+1","Dualcast+1","Compile Driver","Ball Lightning","Echo Form","Self Repair","Ball Lightning","Fission+1","PanicButton","Steam+1","Electrodynamics","Cold Snap+1","White Noise+1","Conserve Battery+1","BootSequence+1","Consume+1","Capacitor+1","Thunder Strike+1","FTL","Echo Form","Hologram+1","Hologram+1","Glacier","Loop+1","Glacier+1","Core Surge"],"relics":["Cracked Core","Centennial Puzzle","War Paint","Dream Catcher","Strawberry","Astrolabe","Bronze Scales","Cables","Peace Pipe","Smiling Mask","Sozu","Ornamental Fan"],"potions_floor_usage":[8,11,24,50],"damage_taken":[{"damage":2,"enemies":"Jaw Worm","floor":1,"turns":4},{"damage":1,"enemies":"Cultist","floor":2,"turns":3},{"damage":0,"enemies":"2 Louse","floor":4,"turns":2},{"damage":5,"enemies":"Large Slime","floor":7,"turns":5},{"damage":12,"enemies":"Lagavulin","floor":8,"turns":6},{"damage":20,"enemies":"3 Sentries","floor":11,"turns":6},{"damage":36,"enemies":"Hexaghost","floor":16,"turns":8},{"damage":6,"enemies":"Shell Parasite","floor":18,"turns":5},{"damage":10,"enemies":"Chosen","floor":19,"turns":4},{"damage":7,"enemies":"Snake Plant","floor":22,"turns":4},{"damage":17,"enemies":"Slavers","floor":24,"turns":3},{"damage":0,"enemies":"Centurion and Healer","floor":29,"turns":5},{"damage":40,"enemies":"Gremlin Leader","floor":31,"turns":5},{"damage":0,"enemies":"Champ","floor":33,"turns":10},{"damage":2,"enemies":"Orb Walker","floor":35,"turns":3},{"damage":18,"enemies":"3 Darklings","floor":36,"turns":4},{"damage":3,"enemies":"Transient","floor":37,"turns":6},{"damage":18,"enemies":"Writhing Mass","floor":38,"turns":5},{"damage":10,"enemies":"4 Shapes","floor":39,"turns":7},{"damage":15,"enemies":"3 Darklings","floor":41,"turns":4},{"damage":35,"enemies":"Sphere and 2 Shapes","floor":44,"turns":6},{"damage":37,"enemies":"Reptomancer","floor":46,"turns":6},{"damage":5,"enemies":"Transient","floor":47,"turns":6},{"damage":36,"enemies":"Time Eater","floor":50,"turns":12},{"damage":19,"enemies":"Awakened One","floor":51,"turns":2}],"seed_played":"-5157643336125242414","potions_obtained":[{"floor":1,"key":"Strength Potion"},{"floor":4,"key":"Dexterity Potion"},{"floor":11,"key":"Strength Potion"},{"floor":18,"key":"EssenceOfSteel"},{"floor":31,"key":"Swift Potion"}],"is_trial":false,"path_per_floor":["M","M","?","M","$","R","M","E","T","R","E","R","$","?","R","B",null,"M","M","$","?","M","R","E","?","T","?","R","M","R","E","R","B",null,"M","M","M","M","M","R","M","R","T","M","R","E","M","?","R","B","B"],"character_chosen":"DEFECT","items_purchased":["Self Repair","Ball Lightning","PanicButton","Consume"],"campfire_rested":2,"item_purchase_floors":[5,5,13,20],"current_hp_per_floor":[62,61,61,61,61,61,56,58,58,58,52,52,52,52,52,23,64,65,62,62,62,69,69,52,52,52,52,52,59,59,26,49,56,73,78,74,78,67,71,71,70,70,70,42,65,42,37,37,37,1,0],"gold":374,"neow_bonus":"RANDOM_COMMON_RELIC","is_prod":false,"is_daily":false,"chose_seed":false,"campfire_upgraded":8,"win_rate":0,"timestamp":1548505661,"path_taken":["M","M","?","M","$","R","M","E","T","R","E","R","$","?","R","BOSS","M","?","$","?","M","R","E","?","T","?","R","M","R","E","R","BOSS","M","?","?","M","M","R","M","R","T","M","R","E","M","?","R","BOSS","BOSS"],"build_version":"2019-01-23","purchased_purges":0,"victory":false,"max_hp_per_floor":[71,71,71,71,71,71,71,71,71,71,78,78,78,78,78,78,78,78,78,78,78,78,78,78,78,78,78,78,78,78,78,78,78,78,78,78,78,78,78,78,78,78,78,78,78,78,78,78,78,78,78],"card_choices":[{"not_picked":["Heatsinks","Double Energy"],"picked":"Compile Driver","floor":1},{"not_picked":["Recycle","Rebound"],"picked":"Ball Lightning","floor":2},{"not_picked":["White Noise","Gash"],"picked":"Echo Form","floor":4},{"not_picked":["Darkness","Compile Driver","Blizzard"],"picked":"SKIP","floor":7},{"not_picked":["Compile Driver","Gash","Sweeping Beam"],"picked":"SKIP","floor":8},{"not_picked":["Static Discharge","Hologram"],"picked":"Fission","floor":11},{"not_picked":["Meteor Strike","Hyperbeam"],"picked":"Electrodynamics","floor":16},{"not_picked":["Hello World","Gash","Darkness"],"picked":"SKIP","floor":18},{"not_picked":["Glacier","Stack+1"],"picked":"BootSequence+1","floor":19},{"not_picked":["Hello World","Capacitor","Conserve Battery"],"picked":"SKIP","floor":22},{"not_picked":["Storm","Sweeping Beam","Gash"],"picked":"SKIP","floor":24},{"not_picked":["Chill","Sunder"],"picked":"Thunder Strike","floor":29},{"not_picked":["Undo","Skim"],"picked":"FTL","floor":31},{"not_picked":["All For One","Buffer"],"picked":"Echo Form","floor":33},{"not_picked":["Cold Snap","Darkness"],"picked":"Hologram","floor":35},{"not_picked":["Glacier","Redo"],"picked":"Hologram+1","floor":36},{"not_picked":["Sweeping Beam+1","Reprogram","Barrage"],"picked":"SKIP","floor":37},{"not_picked":["Beam Cell+1","Reprogram"],"picked":"Glacier","floor":38},{"not_picked":["Stack","Cold Snap","Coolheaded"],"picked":"SKIP","floor":39},{"not_picked":["Stack","Cold Snap","Coolheaded"],"picked":"SKIP","floor":39},{"not_picked":["Hyperbeam","Streamline"],"picked":"Loop+1","floor":41},{"not_picked":["Turbo","Barrage","Steam+1"],"picked":"SKIP","floor":44},{"not_picked":["Sweeping Beam","BootSequence"],"picked":"Glacier+1","floor":45},{"not_picked":["Sweeping Beam+1","Steam+1","Barrage"],"picked":"SKIP","floor":46},{"not_picked":["Recycle","Leap"],"picked":"Core Surge","floor":47}],"player_experience":916336,"relics_obtained":[{"floor":8,"key":"War Paint"},{"floor":9,"key":"Dream Catcher"},{"floor":11,"key":"Strawberry"},{"floor":24,"key":"Bronze Scales"},{"floor":26,"key":"Cables"},{"floor":31,"key":"Smiling Mask"},{"floor":46,"key":"Ornamental Fan"}],"event_choices":[{"cards_removed":["Strike_B"],"damage_healed":0,"gold_gain":0,"player_choice":"Offered Basic","damage_taken":0,"max_hp_gain":0,"max_hp_loss":0,"event_name":"Bonfire Elementals","floor":3,"gold_loss":0},{"damage_healed":0,"gold_gain":0,"player_choice":"2 cards matched","damage_taken":0,"max_hp_gain":0,"max_hp_loss":0,"event_name":"Match and Keep!","floor":14,"gold_loss":0,"cards_obtained":["Doom and Gloom","Steam"]},{"damage_healed":0,"gold_gain":0,"player_choice":"Read","damage_taken":0,"max_hp_gain":0,"max_hp_loss":0,"event_name":"The Library","floor":21,"gold_loss":0,"cards_obtained":["Capacitor"]},{"cards_removed":["Doom and Gloom"],"damage_healed":0,"gold_gain":0,"player_choice":"Elegance","damage_taken":0,"max_hp_gain":0,"max_hp_loss":0,"event_name":"Back to Basics","floor":25,"gold_loss":0},{"damage_healed":0,"gold_gain":0,"player_choice":"Gave Potion","damage_taken":0,"relics_obtained":["Peace Pipe"],"max_hp_gain":0,"max_hp_loss":0,"event_name":"WeMeetAgain","floor":27,"gold_loss":0},{"damage_healed":0,"gold_gain":0,"player_choice":"Ignored","damage_taken":0,"max_hp_gain":0,"max_hp_loss":0,"event_name":"Tomb of Lord Red Mask","floor":48,"gold_loss":0}],"is_beta":true,"boss_relics":[{"not_picked":["Velvet Choker","Orrery"],"picked":"Astrolabe"},{"not_picked":["Pandora\u0027s Box","Inserter"],"picked":"Sozu"}],"items_purged_floors":[],"is_endless":false,"potions_floor_spawned":[1,4,7,11,18,31,36,38,41,46,47],"killed_by":"Awakened One","ascension_level":20}