{"gold_per_floor":[109,35,55,65,77,108,108,121,121,121,138,138,138,154,154,250,250,266,282,282,295,310,310,259,259,259,259,275,309,78,88,88,88],"floor_reached":33,"playtime":1463,"items_purged":[],"score":271,"play_id":"04dfeb11-b42b-4049-8225-dcd504e60bad","local_time":"20190223015430","is_ascension_mode":false,"campfire_choices":[{"floor":7,"key":"REST"},{"data":"Creative AI","floor":10,"key":"SMITH"},{"floor":12,"key":"REST"},{"floor":15,"key":"REST"},{"floor":23,"key":"REST"},{"floor":25,"key":"REST"},{"floor":32,"key":"REST"}],"neow_cost":"NONE","seed_source_timestamp":786609210509028,"circlet_count":0,"master_deck":["Strike_B","Strike_B","Strike_B","Strike_B","Defend_B","Defend_B","Defend_B","Defend_B","Zap","Dualcast","Scrape","Static Discharge","Chaos","Turbo","Self Repair","Creative AI+1","Go for the Eyes+1","Electrodynamics","Conserve Battery+1","Go for the Eyes+1","Stack","Leap","Leap","Leap+1"],"relics":["Cracked Core","Oddly Smooth Stone","Molten Egg 2","Fusion Hammer","Meat on the Bone","Pen Nib","Medical Kit"],"potions_floor_usage":[5,11,14,16,19,22,33],"damage_taken":[{"damage":2,"enemies":"Small Slimes","floor":1,"turns":3},{"damage":1,"enemies":"Cultist","floor":3,"turns":3},{"damage":8,"enemies":"Jaw Worm","floor":4,"turns":4},{"damage":14,"enemies":"Blue Slaver","floor":5,"turns":4},{"damage":29,"enemies":"3 Sentries","floor":6,"turns":7},{"damage":13,"enemies":"Exordium Thugs","floor":8,"turns":4},{"damage":26,"enemies":"Large Slime","floor":11,"turns":5},{"damage":6,"enemies":"2 Fungi Beasts","floor":14,"turns":2},{"damage":30,"enemies":"Slime Boss","floor":16,"turns":9},{"damage":19,"enemies":"Chosen","floor":18,"turns":5},{"damage":9,"enemies":"3 Byrds","floor":19,"turns":2},{"damage":29,"enemies":"Sentry and Sphere","floor":21,"turns":6},{"damage":22,"enemies":"Snecko","floor":22,"turns":5},{"damage":22,"enemies":"Shelled Parasite and Fungi","floor":28,"turns":7},{"damage":54,"enemies":"Gremlin Leader","floor":29,"turns":9},{"damage":18,"enemies":"Snake Plant","floor":31,"turns":6},{"damage":59,"enemies":"Automaton","floor":33,"turns":6}],"seed_played":"-3416997107572023749","potions_obtained":[{"floor":1,"key":"Regen Potion"},{"floor":8,"key":"LiquidBronze"},{"floor":11,"key":"Fire Potion"},{"floor":14,"key":"Swift Potion"},{"floor":18,"key":"PowerPotion"},{"floor":21,"key":"FearPotion"},{"floor":31,"key":"Dexterity Potion"}],"is_trial":false,"path_per_floor":["M","$","M","M","M","E","R","M","T","R","M","R","?","M","R","B",null,"M","M","$","M","M","R","$","R","T","?","M","E","$","M","R","B"],"character_chosen":"DEFECT","items_purchased":["Static Discharge","Stack","Leap","Medical Kit"],"campfire_rested":6,"item_purchase_floors":[2,24,30,30],"current_hp_per_floor":[80,80,79,71,66,44,68,62,62,62,43,67,67,61,82,59,82,70,68,68,46,31,55,55,79,79,79,64,29,29,30,54,0],"gold":88,"neow_bonus":"TEN_PERCENT_HP_BONUS","is_prod":false,"is_daily":false,"chose_seed":false,"campfire_upgraded":1,"win_rate":0,"timestamp":1550899470,"path_taken":["M","$","M","M","M","E","R","M","T","R","M","R","?","?","R","BOSS","M","M","$","M","M","R","$","R","T","?","M","E","$","M","R","BOSS"],"build_version":"2019-02-06","purchased_purges":0,"victory":false,"max_hp_per_floor":[82,82,82,82,82,82,82,82,82,82,82,82,82,82,82,82,82,82,82,82,82,82,82,82,82,82,82,82,82,82,82,82,82],"card_choices":[{"not_picked":["Hologram","Gash"],"picked":"Scrape","floor":1},{"not_picked":["Barrage","Redo"],"picked":"Chaos","floor":3},{"not_picked":["Skim","Scrape"],"picked":"Turbo","floor":4},{"not_picked":["Redo","Rebound"],"picked":"Self Repair","floor":5},{"not_picked":["Self Repair","Streamline"],"picked":"Creative AI","floor":6},{"not_picked":["Steam","Redo","Gash"],"picked":"SKIP","floor":8},{"not_picked":["Rebound+1","BootSequence","Ball Lightning+1"],"picked":"SKIP","floor":11},{"not_picked":["Gash+1","Ball Lightning+1"],"picked":"Go for the Eyes+1","floor":14},{"not_picked":["Seek","Machine Learning"],"picked":"Electrodynamics","floor":16},{"not_picked":["Rip and Tear+1","Beam Cell+1"],"picked":"Conserve Battery+1","floor":18},{"not_picked":["Turbo","Hologram","Streamline+1"],"picked":"SKIP","floor":19},{"not_picked":["Steam","Tempest"],"picked":"Go for the Eyes+1","floor":21},{"not_picked":["Redo","Amplify","Hologram"],"picked":"SKIP","floor":22},{"not_picked":["Beam Cell+1","Defragment","Sweeping Beam+1"],"picked":"SKIP","floor":28},{"not_picked":["Redo","Heatsinks","Static Discharge"],"picked":"SKIP","floor":29},{"not_picked":["Beam Cell+1","Lockon+1"],"picked":"Leap+1","floor":31}],"player_experience":646951,"relics_obtained":[{"floor":6,"key":"Oddly Smooth Stone"},{"floor":9,"key":"Molten Egg 2"},{"floor":26,"key":"Meat on the Bone"},{"floor":29,"key":"Pen Nib"}],"event_choices":[{"damage_healed":0,"gold_gain":0,"player_choice":"Ignored","damage_taken":0,"max_hp_gain":0,"max_hp_loss":0,"event_name":"Purifier","floor":13,"gold_loss":0},{"damage_healed":0,"gold_gain":0,"player_choice":"Read","damage_taken":0,"max_hp_gain":0,"max_hp_loss":0,"event_name":"The Library","floor":27,"gold_loss":0,"cards_obtained":["Leap"]}],"is_beta":true,"boss_relics":[{"not_picked":["Black Star","Coffee Dripper"],"picked":"Fusion Hammer"}],"items_purged_floors":[],"is_endless":false,"potions_floor_spawned":[1,8,11,14,18,21,31],"killed_by":"Automaton","ascension_level":0}