{"gold_per_floor":[18,30,46,60,60,60,88,33,60,60],"floor_reached":10,"playtime":411,"items_purged":[],"score":136,"play_id":"4d4afadc-0138-4113-9d31-d4845a8f3214","local_time":"20181226160518","is_ascension_mode":true,"campfire_choices":[{"data":"Armaments","floor":6.0,"key":"SMITH"}],"neow_cost":"NO_GOLD","seed_source_timestamp":0,"circlet_count":0,"master_deck":["AscendersBane","Strike_R","Strike_R","Strike_R+1","Strike_R","Defend_R","Defend_R","Defend_R","Defend_R","Bash","Armaments+1","Spot Weakness","Cleave+1","Clothesline","Feel No Pain","Shrug It Off"],"special_seed":0,"relics":["Burning Blood","Pen Nib","Whetstone"],"potions_floor_usage":[10],"damage_taken":[{"damage":11.0,"enemies":"Jaw Worm","floor":1.0,"turns":4.0},{"damage":19.0,"enemies":"Cultist","floor":2.0,"turns":6.0},{"damage":2.0,"enemies":"2 Louse","floor":3.0,"turns":4.0},{"damage":17.0,"enemies":"Gremlin Gang","floor":4.0,"turns":5.0},{"damage":30.0,"enemies":"Lagavulin","floor":7.0,"turns":6.0},{"damage":52,"enemies":"Gremlin Nob","floor":10,"turns":4}],"seed_played":"-88537504102534889","potions_obtained":[{"floor":7.0,"key":"Swift Potion"}],"is_trial":false,"path_per_floor":["M","M","M","?","R","E","$","T"],"character_chosen":"IRONCLAD","items_purchased":["Shrug It Off"],"campfire_rested":0,"item_purchase_floors":[8],"current_hp_per_floor":[77,64,68,57,57,57,33,33,33,0],"gold":60,"neow_bonus":"TWENTY_PERCENT_HP_BONUS","is_prod":false,"is_daily":false,"chose_seed":false,"campfire_upgraded":1,"win_rate":0,"timestamp":1545836718,"path_taken":["M","M","M","M","?","R","E","?","T","E"],"build_version":"2018-12-25","purchased_purges":0,"victory":false,"max_hp_per_floor":[89,89,89,89,89,89,89,89,89,89],"card_choices":[{"not_picked":["Flex","Heavy Blade"],"picked":"Armaments","floor":1.0},{"not_picked":["Warcry","Pummel"],"picked":"Spot Weakness","floor":2.0},{"not_picked":["Spot Weakness","Corruption"],"picked":"Cleave","floor":3.0},{"not_picked":["Rage","Body Slam"],"picked":"Clothesline","floor":4.0},{"not_picked":["Flame Barrier","Seeing Red"],"picked":"Feel No Pain","floor":7.0}],"player_experience":864642,"relics_obtained":[{"floor":7.0,"key":"Pen Nib"},{"floor":9.0,"key":"Whetstone"}],"event_choices":[{"cards_removed":["Strike_R"],"damage_healed":0.0,"max_hp_gain":0.0,"max_hp_loss":0.0,"gold_gain":0.0,"event_name":"Wheel of Change","player_choice":"Card Removal","floor":5.0,"gold_loss":0.0,"damage_taken":0.0}],"is_beta":true,"boss_relics":[],"items_purged_floors":[],"is_endless":false,"potions_floor_spawned":[7],"killed_by":"Gremlin Nob","ascension_level":20}