{"gold_per_floor":[114,134,134,152,206,218,241,281,317,340,386,413,425,454,466,556,568,594,618,646,658,670,682,726,788,823,340,340,375,375,392,392,464,464,476,476,489,489,506,531,531,543,567,567,602,13,68,87,87,87,87,87,2,34,34],"floor_reached":55,"playtime":2139,"items_purged":["Strike_R"],"score":1497,"play_id":"6b0dbdf3-f603-4b14-8ba8-ac01c560aa7d","local_time":"20190223235425","is_ascension_mode":true,"campfire_choices":[{"data":"True Grit","floor":6,"key":"SMITH"},{"floor":13,"key":"REST"},{"data":"1","floor":15,"key":"LIFT"},{"data":"2","floor":23,"key":"LIFT"},{"data":"3","floor":28,"key":"LIFT"},{"floor":30,"key":"DIG"},{"floor":32,"key":"REST"},{"floor":41,"key":"REST"},{"floor":44,"key":"DIG"},{"floor":49,"key":"RECALL"},{"floor":52,"key":"DIG"}],"neow_cost":"PERCENT_DAMAGE","seed_source_timestamp":774267133648937,"circlet_count":0,"master_deck":["AscendersBane","Defend_R","Defend_R","Defend_R","Defend_R","Bash","Heavy Blade","Thunderclap","True Grit+1","Sword Boomerang","Whirlwind","Anger","Ghostly Armor","Iron Wave","Reaper","Warcry","J.A.X.","Flame Barrier","Shrug It Off","Battle Trance","Heavy Blade","Limit Break","Warcry+1","Rampage+1","Sword Boomerang","Flash of Steel","Pummel+1","Pummel","Shockwave","Heavy Blade","Flash of Steel"],"relics":["Burning Blood","MawBank","Girya","Red Skull","PreservedInsect","Fusion Hammer","Pantograph","Oddly Smooth Stone","Shovel","Centennial Puzzle","Ancient Tea Set","Astrolabe","Lantern","Bag of Marbles","Du-Vu Doll","Bronze Scales","Brimstone","StoneCalendar","Dodecahedron","Turnip"],"potions_floor_usage":[8,11,11,16,16,33,33,45,46,46,55,55],"damage_taken":[{"damage":15,"enemies":"Small Slimes","floor":1,"turns":4},{"damage":1,"enemies":"Cultist","floor":2,"turns":4},{"damage":9,"enemies":"2 Louse","floor":4,"turns":3},{"damage":4,"enemies":"2 Fungi Beasts","floor":7,"turns":4},{"damage":0,"enemies":"Gremlin Nob","floor":8,"turns":2},{"damage":3,"enemies":"Looter","floor":10,"turns":4},{"damage":51,"enemies":"Lagavulin","floor":11,"turns":8},{"damage":8,"enemies":"Blue Slaver","floor":12,"turns":3},{"damage":11,"enemies":"3 Louse","floor":14,"turns":3},{"damage":0,"enemies":"Slime Boss","floor":16,"turns":5},{"damage":18,"enemies":"Spheric Guardian","floor":18,"turns":5},{"damage":7,"enemies":"Chosen","floor":19,"turns":3},{"damage":15,"enemies":"Snecko","floor":20,"turns":5},{"damage":33,"enemies":"Book of Stabbing","floor":24,"turns":3},{"damage":38,"enemies":"Slavers","floor":29,"turns":3},{"damage":17,"enemies":"Snake Plant","floor":31,"turns":3},{"damage":34,"enemies":"Automaton","floor":33,"turns":6},{"damage":20,"enemies":"3 Shapes","floor":35,"turns":3},{"damage":1,"enemies":"Orb Walker","floor":37,"turns":3},{"damage":11,"enemies":"3 Darklings","floor":39,"turns":6},{"damage":60,"enemies":"Reptomancer","floor":40,"turns":4},{"damage":3,"enemies":"Spire Growth","floor":42,"turns":1},{"damage":15,"enemies":"Nemesis","floor":45,"turns":3},{"damage":17,"enemies":"2 Orb Walkers","floor":47,"turns":2},{"damage":22,"enemies":"4 Shapes","floor":48,"turns":2},{"damage":51,"enemies":"Time Eater","floor":50,"turns":4},{"damage":36,"enemies":"Shield and Spear","floor":54,"turns":4},{"damage":165,"enemies":"The Heart","floor":55,"turns":3}],"seed_played":"-3979647623728628525","potions_obtained":[{"floor":2,"key":"Swift Potion"},{"floor":7,"key":"SteroidPotion"},{"floor":8,"key":"GamblersBrew"},{"floor":11,"key":"SkillPotion"},{"floor":14,"key":"Dexterity Potion"},{"floor":19,"key":"Swift Potion"},{"floor":29,"key":"PowerPotion"},{"floor":31,"key":"SteroidPotion"},{"floor":33,"key":"FearPotion"},{"floor":37,"key":"Explosive Potion"},{"floor":48,"key":"SkillPotion"},{"floor":54,"key":"Block Potion"}],"is_trial":false,"path_per_floor":["M","M","?","M","T","R","M","E","T","M","E","M","R","M","R","B",null,"M","M","M","?","?","R","E","?","T","$","R","E","R","M","R","B",null,"M","?","M","?","M","E","R","M","T","R","E","$","?","M","R","B",null,"R","$","E","B"],"character_chosen":"IRONCLAD","items_purchased":["Shovel","Shrug It Off","Battle Trance","Heavy Blade","Bronze Scales","Fruit Juice","Fruit Juice","Brimstone","Flash of Steel"],"campfire_rested":3,"item_purchase_floors":[27,27,27,46,46,46,46,46,53],"current_hp_per_floor":[55,60,60,57,57,57,59,65,65,68,23,21,47,42,42,48,79,67,73,71,71,71,71,60,60,60,60,60,49,49,38,64,78,86,87,87,89,89,89,35,61,64,64,64,73,83,72,87,87,97,99,99,99,86,0],"gold":34,"neow_bonus":"TWENTY_PERCENT_HP_BONUS","is_prod":false,"is_daily":false,"chose_seed":false,"campfire_upgraded":1,"win_rate":0,"timestamp":1550987665,"path_taken":["M","M","?","?","?","R","?","E","T","M","E","M","R","M","R","BOSS","M","M","M","?","?","R","E","?","T","?","R","E","R","M","R","BOSS","M","?","M","?","M","E","R","M","T","R","E","?","?","M","R","BOSS","R","$","E","BOSS"],"build_version":"2019-01-23","purchased_purges":1,"victory":false,"max_hp_per_floor":[89,89,89,89,89,89,89,89,89,89,89,89,89,89,89,89,89,89,89,89,89,89,89,89,89,89,89,89,89,89,89,89,89,89,89,89,89,89,89,89,89,89,89,89,89,99,99,99,99,99,99,99,99,99,99],"card_choices":[{"not_picked":["Iron Wave","Reckless Charge"],"picked":"Heavy Blade","floor":1},{"not_picked":["Hemokinesis","Second Wind"],"picked":"Thunderclap","floor":2},{"not_picked":["Cleave","Rampage"],"picked":"True Grit","floor":4},{"not_picked":["Armaments","Bludgeon"],"picked":"Sword Boomerang","floor":7},{"not_picked":["Wild Strike","Anger"],"picked":"Whirlwind","floor":8},{"not_picked":["Flex","Power Through"],"picked":"Anger","floor":10},{"not_picked":["Anger","Bloodletting","Corruption"],"picked":"SKIP","floor":11},{"not_picked":["Clash","Reckless Charge"],"picked":"Ghostly Armor","floor":12},{"not_picked":["Berserk","Perfected Strike"],"picked":"Iron Wave","floor":14},{"not_picked":["Berserk","Impervious"],"picked":"Reaper","floor":16},{"not_picked":["Perfected Strike+1","Body Slam"],"picked":"Warcry","floor":18},{"not_picked":["Warcry","Anger","Seeing Red"],"picked":"SKIP","floor":19},{"not_picked":["Twin Strike","Thunderclap","Body Slam"],"picked":"SKIP","floor":20},{"not_picked":["Flex","Headbutt"],"picked":"Flame Barrier","floor":24},{"not_picked":["Rampage+1","Fiend Fire"],"picked":"Heavy Blade","floor":29},{"not_picked":["Anger","Flex+1","Feel No Pain"],"picked":"SKIP","floor":31},{"not_picked":["Anger","Flex+1","Feel No Pain"],"picked":"SKIP","floor":31},{"not_picked":["Reaper","Fiend Fire"],"picked":"Limit Break","floor":33},{"not_picked":["Dropkick+1","Perfected Strike","Pommel Strike"],"picked":"SKIP","floor":35},{"not_picked":["Combust","Clothesline"],"picked":"Sword Boomerang","floor":37},{"not_picked":["Mayhem","Mind Blast"],"picked":"Flash of Steel","floor":38},{"not_picked":["Perfected Strike","Headbutt"],"picked":"Pummel+1","floor":39},{"not_picked":["True Grit","Havoc"],"picked":"Pummel","floor":40},{"not_picked":["Cleave","Flex"],"picked":"Shockwave","floor":42},{"not_picked":["Anger","Infernal Blade","Wild Strike"],"picked":"SKIP","floor":45},{"not_picked":["True Grit+1","Havoc","Clash"],"picked":"SKIP","floor":48},{"not_picked":["Wild Strike+1","Perfected Strike","Armaments"],"picked":"SKIP","floor":54}],"player_experience":595799,"relics_obtained":[{"floor":5,"key":"MawBank"},{"floor":8,"key":"Girya"},{"floor":9,"key":"Red Skull"},{"floor":11,"key":"PreservedInsect"},{"floor":24,"key":"Pantograph"},{"floor":26,"key":"Oddly Smooth Stone"},{"floor":29,"key":"Centennial Puzzle"},{"floor":30,"key":"Ancient Tea Set"},{"floor":40,"key":"Lantern"},{"floor":44,"key":"Bag of Marbles"},{"floor":45,"key":"Du-Vu Doll"},{"floor":47,"key":"StoneCalendar"},{"floor":52,"key":"Dodecahedron"},{"floor":54,"key":"Turnip"}],"event_choices":[{"cards_removed":["Strike_R"],"damage_healed":0,"gold_gain":0,"player_choice":"Offered Basic","damage_taken":0,"max_hp_gain":0,"max_hp_loss":0,"event_name":"Bonfire Elementals","floor":3,"gold_loss":0},{"damage_healed":0,"gold_gain":0,"player_choice":"Ignored","damage_taken":0,"max_hp_gain":0,"max_hp_loss":0,"event_name":"Ghosts","floor":21,"gold_loss":0},{"damage_healed":0,"gold_gain":0,"player_choice":"Obtain J.A.X.","damage_taken":0,"max_hp_gain":0,"max_hp_loss":0,"event_name":"Drug Dealer","floor":22,"gold_loss":0,"cards_obtained":["J.A.X."]},{"damage_healed":0,"gold_gain":50,"player_choice":"Stole From Cult","damage_taken":0,"max_hp_gain":0,"max_hp_loss":0,"event_name":"Nest","floor":25,"gold_loss":0},{"cards_removed":["Rupture"],"damage_healed":0,"gold_gain":0,"player_choice":"Removed Power","damage_taken":0,"max_hp_gain":0,"max_hp_loss":0,"event_name":"Falling","floor":36,"gold_loss":0},{"damage_healed":0,"gold_gain":0,"player_choice":"Memory 1","damage_taken":0,"max_hp_gain":0,"max_hp_loss":0,"event_name":"SensoryStone","floor":38,"gold_loss":0},{"damage_healed":0,"gold_gain":0,"player_choice":"Fight","damage_taken":0,"max_hp_gain":0,"max_hp_loss":0,"event_name":"Mysterious Sphere","floor":47,"gold_loss":0}],"is_beta":false,"boss_relics":[{"not_picked":["Orrery","Cursed Key"],"picked":"Fusion Hammer"},{"not_picked":["Sozu","Tiny House"],"picked":"Astrolabe"}],"items_purged_floors":[27],"is_endless":false,"potions_floor_spawned":[2,7,8,11,14,19,29,31,33,37,40,48,54],"killed_by":"The Heart","ascension_level":15}