{"gold_per_floor":[116,116,136,151,164,197,197,224,248,248],"floor_reached":10,"playtime":933,"items_purged":[],"score":82,"play_id":"679b0152-2a0e-463e-bd8d-c9e7cfb83213","local_time":"20190108205514","is_ascension_mode":true,"campfire_choices":[{"data":"Flex","floor":7,"key":"SMITH"}],"neow_cost":"NONE","seed_source_timestamp":6850092142004,"circlet_count":0,"master_deck":["Strike_R","Strike_R","Strike_R","Strike_R","Strike_R","Defend_R","Defend_R","Defend_R","Defend_R","Bash","Shrug It Off","Shrug It Off","Flex+1","Intimidate"],"relics":["Burning Blood","Happy Flower","Centennial Puzzle","Omamori"],"potions_floor_usage":[6,8,10],"damage_taken":[{"damage":0,"enemies":"Small Slimes","floor":1,"turns":3},{"damage":1,"enemies":"Cultist","floor":3,"turns":3},{"damage":4,"enemies":"Jaw Worm","floor":4,"turns":4},{"damage":8,"enemies":"3 Louse","floor":5,"turns":7},{"damage":43,"enemies":"Lagavulin","floor":6,"turns":10},{"damage":15,"enemies":"3 Sentries","floor":8,"turns":14},{"damage":39,"enemies":"Lagavulin","floor":10,"turns":8}],"seed_played":"5109966500099416196","potions_obtained":[{"floor":1,"key":"SkillPotion"},{"floor":2,"key":"Ancient Potion"},{"floor":2,"key":"GamblersBrew"},{"floor":3,"key":"Weak Potion"},{"floor":6,"key":"Dexterity Potion"}],"is_trial":false,"path_per_floor":["M","?","M","M","M","E","R","E","T","E"],"character_chosen":"IRONCLAD","items_purchased":[],"campfire_rested":0,"item_purchase_floors":[],"current_hp_per_floor":[80,80,80,80,78,41,41,32,32,0],"gold":248,"neow_bonus":"RANDOM_COMMON_RELIC","is_prod":false,"is_daily":false,"chose_seed":false,"campfire_upgraded":1,"win_rate":0,"timestamp":1546980914,"path_taken":["M","?","M","M","M","E","R","E","T","E"],"build_version":"2019-01-03v4","purchased_purges":0,"victory":false,"max_hp_per_floor":[80,80,80,80,80,80,80,80,80,80],"card_choices":[{"not_picked":["Second Wind","Sever Soul","Perfected Strike"],"picked":"SKIP","floor":1},{"not_picked":["Sword Boomerang","Clothesline"],"picked":"Shrug It Off","floor":3},{"not_picked":["Armaments","Twin Strike"],"picked":"Shrug It Off","floor":4},{"not_picked":["Sever Soul","True Grit","Perfected Strike"],"picked":"SKIP","floor":5},{"not_picked":["Body Slam","Burning Pact"],"picked":"Flex","floor":6},{"not_picked":["Clash","Second Wind"],"picked":"Intimidate","floor":8}],"player_experience":40343,"relics_obtained":[{"floor":6,"key":"Centennial Puzzle"},{"floor":8,"key":"Omamori"}],"event_choices":[{"damage_healed":0,"gold_gain":0,"player_choice":"Got Potions","damage_taken":0,"max_hp_gain":0,"max_hp_loss":0,"event_name":"Lab","floor":2,"gold_loss":0}],"is_beta":false,"boss_relics":[],"items_purged_floors":[],"is_endless":false,"potions_floor_spawned":[1,3,6],"killed_by":"Lagavulin","ascension_level":1}