{"path_per_floor":["M","M","$","?","M","R","?","M","T","$","?","M","R","M","R","B",null,"M","$","?","$","?","R","E","R","T","M","R","$","?","M","R"],"character_chosen":"IRONCLAD","items_purchased":["Armaments","Mind Blast"],"gold_per_floor":[113,125,78,78,93,93,43,53,53,53,75,86,86,96,96,197,197,215,215,215,127,52,52,85,85,85,96,96,96,96,111,111],"floor_reached":33,"campfire_rested":6,"playtime":1387,"current_hp_per_floor":[80,80,80,80,76,76,76,73,73,73,42,36,60,59,80,16,80,51,51,51,51,51,75,16,40,40,29,53,53,38,24,50],"items_purged":[],"gold":111,"score":253,"play_id":"f68a271d-cdf5-4f26-b2cc-1238b29a7d45","local_time":"20180310053116","is_prod":false,"is_daily":false,"is_ascension_mode":false,"campfire_upgraded":1,"timestamp":1520672476,"path_taken":["M","M","$","?","M","R","?","?","T","?","?","M","R","M","R","BOSS","M","$","?","$","?","R","E","R","T","M","R","?","?","M","R","BOSS"],"build_version":"2018-03-09","purchased_purges":0,"victory":false,"master_deck":["Strike_R+1","Strike_R+1","Strike_R+1","Strike_R+1","Strike_R+1","Defend_R+1","Defend_R+1","Defend_R+1","Defend_R+1","Bash","Thunderclap","Armaments+1","Flex","Dual Wield","Thunderclap","Anger","Pommel Strike","Feed","Shrug It Off","Cleave","Anger","Flex","Hemokinesis+1","Mind Blast","Anger+1","Double Tap"],"max_hp_per_floor":[80,80,80,80,80,80,80,80,80,80,80,80,80,80,80,80,80,80,80,80,80,80,80,80,80,80,80,80,80,85,88,88],"relics":["Burning Blood","Smiling Mask","Odd Mushroom","Orrery","Orichalcum","Peace Pipe"],"card_choices":[{"not_picked":["Sword Boomerang","Wild Strike"],"picked":"Thunderclap"},{"not_picked":["Body Slam","Combust"],"picked":"Flex"},{"not_picked":["Headbutt","Sentinel"],"picked":"Dual Wield"},{"not_picked":["Headbutt","Intimidate"],"picked":"Thunderclap"},{"not_picked":["Clash","Twin Strike"],"picked":"Anger"},{"not_picked":["Barricade","Flex"],"picked":"Pommel Strike"},{"not_picked":["Immolate","Bludgeon"],"picked":"Feed"},{"not_picked":["Body Slam","Clash"],"picked":"Shrug It Off"},{"not_picked":["Iron Wave","Carnage"],"picked":"Cleave"},{"not_picked":["Twin Strike","Disarm"],"picked":"Anger"},{"not_picked":["Bloodletting","Clash"],"picked":"Flex"},{"not_picked":["Heavy Blade","Sword Boomerang"],"picked":"Uppercut"},{"not_picked":["Anger","Wild Strike"],"picked":"Hemokinesis"},{"not_picked":["Inflame","Uppercut"],"picked":"Anger"},{"not_picked":["Combust","Feel No Pain"],"picked":"Double Tap"}],"player_experience":153685,"potions_floor_usage":[8,11,16,24,27,31],"damage_taken":[{"damage":0,"enemies":"Small Slimes","floor":1,"turns":3},{"damage":1,"enemies":"Cultist","floor":2,"turns":3},{"damage":10,"enemies":"Jaw Worm","floor":5,"turns":4},{"damage":9,"enemies":"Blue Slaver","floor":8,"turns":3},{"damage":37,"enemies":"The Mushroom Lair","floor":11,"turns":5},{"damage":12,"enemies":"3 Louse","floor":12,"turns":2},{"damage":7,"enemies":"Large Slime","floor":14,"turns":6},{"damage":70,"enemies":"Slime Boss","floor":16,"turns":12},{"damage":35,"enemies":"Chosen","floor":18,"turns":6},{"damage":65,"enemies":"Book of Stabbing","floor":24,"turns":8},{"damage":17,"enemies":"Spheric Guardian","floor":27,"turns":4},{"damage":35,"enemies":"Snake Plant","floor":31,"turns":5},{"damage":59,"enemies":"Champ","floor":33,"turns":14}],"event_choices":[{"event_name":"Wheel of Change","player_choice":"Curse","floor":4,"damage_taken":0},{"event_name":"The Cleric","player_choice":"Card Removal","floor":7,"damage_taken":0},{"event_name":"Mushrooms","player_choice":"Fought Mushrooms","floor":11,"damage_taken":0},{"event_name":"Back to Basics","player_choice":"Simplicity","floor":20,"damage_taken":0},{"event_name":"Beggar","player_choice":"Gave Gold","floor":22,"damage_taken":0},{"event_name":"Forgotten Altar","player_choice":"Shed Blood","floor":30,"damage_taken":0}],"boss_relics":[{"not_picked":["Runic Dome","Ectoplasm"],"picked":"Orrery"}],"potions_floor_spawned":[2,5,8,18,24,27],"seed_played":"4734110142920524151","killed_by":"Champ","ascension_level":0,"is_trial":false}