{"gold_per_floor":[118,135,148,115,129,156,156,172,172,233,233,245,92,92,92,195,195,213,223,148,148,163,163,194,28,28,46,56,56,56,56],"floor_reached":31,"playtime":1570,"items_purged":["Normality"],"score":257,"play_id":"dcfd1967-7e15-44f1-bb25-053980bada7e","local_time":"20190130031520","is_ascension_mode":false,"campfire_choices":[{"floor":7,"key":"REST"},{"floor":11,"key":"RECALL"},{"floor":15,"key":"REST"},{"floor":23,"key":"REST"}],"neow_cost":"NONE","seed_source_timestamp":81398034052390,"circlet_count":0,"master_deck":["Defend_G","Defend_G","Defend_G","Defend_G","Defend_G","Strike_G","Strike_G","Strike_G","Strike_G","Strike_G","Survivor","Neutralize","PiercingWail","Backflip","Sucker Punch","Predator","Poisoned Stab","Predator","Choke","Envenom","Clumsy","Writhe","Setup+1","Dash+1","Sadistic Nature","Sucker Punch+1"],"relics":["Fusion Hammer","Kunai","Ninja Scroll","Orichalcum","Calling Bell","Blood Vial","Dodecahedron","Incense Burner","StoneCalendar","Molten Egg 2","Pantograph"],"potions_floor_usage":[5,6,16,18,22,22,28],"damage_taken":[{"damage":1,"enemies":"Cultist","floor":1,"turns":3},{"damage":5,"enemies":"2 Louse","floor":2,"turns":4},{"damage":0,"enemies":"Small Slimes","floor":3,"turns":4},{"damage":2,"enemies":"2 Fungi Beasts","floor":5,"turns":4},{"damage":15,"enemies":"3 Sentries","floor":6,"turns":11},{"damage":0,"enemies":"Blue Slaver","floor":8,"turns":3},{"damage":0,"enemies":"3 Louse","floor":12,"turns":2},{"damage":41,"enemies":"The Guardian","floor":16,"turns":13},{"damage":2,"enemies":"Chosen","floor":18,"turns":4},{"damage":0,"enemies":"3 Byrds","floor":19,"turns":5},{"damage":9,"enemies":"Snake Plant","floor":22,"turns":3},{"damage":56,"enemies":"Gremlin Leader","floor":24,"turns":7},{"damage":10,"enemies":"Cultist and Chosen","floor":27,"turns":7},{"damage":2,"enemies":"Centurion and Healer","floor":28,"turns":7},{"damage":15,"enemies":"3 Cultists","floor":31,"turns":4}],"seed_played":"-5749751640314735676","potions_obtained":[{"floor":2,"key":"GhostInAJar"},{"floor":3,"key":"EssenceOfSteel"},{"floor":8,"key":"Fire Potion"},{"floor":16,"key":"Poison Potion"},{"floor":18,"key":"Block Potion"},{"floor":19,"key":"Poison Potion"},{"floor":27,"key":"GhostInAJar"}],"is_trial":false,"path_per_floor":["M","M","M","$","M","E","R","M","T","?","R","M","$","?","R","B",null,"M","M","$","T","M","R","E","$","T","M","M","?","?","M"],"character_chosen":"THE_SILENT","items_purchased":["Predator","Orichalcum","Sadistic Nature"],"campfire_rested":3,"item_purchase_floors":[4,13,25],"current_hp_per_floor":[69,64,64,64,62,47,68,68,68,68,68,68,68,68,70,29,70,68,70,70,70,61,70,14,14,14,6,6,6,6,0],"gold":56,"neow_bonus":"BOSS_RELIC","is_prod":false,"is_daily":false,"chose_seed":false,"campfire_upgraded":0,"win_rate":0,"timestamp":1548830720,"path_taken":["M","M","M","$","M","E","R","?","T","?","R","M","$","?","R","BOSS","M","M","$","?","M","R","E","$","T","M","M","?","?","M"],"build_version":"2019-01-23","purchased_purges":1,"victory":false,"max_hp_per_floor":[70,70,70,70,70,70,70,70,70,70,70,70,70,70,70,70,70,70,70,70,70,70,70,70,70,70,70,70,70,70,70],"card_choices":[{"not_picked":["Flying Knee","Heel Hook"],"picked":"PiercingWail","floor":1},{"not_picked":["Acrobatics","Outmaneuver"],"picked":"Backflip","floor":2},{"not_picked":["Flying Knee","Concentrate"],"picked":"Sucker Punch","floor":3},{"not_picked":["Dagger Spray","Malaise"],"picked":"Poisoned Stab","floor":5},{"not_picked":["Bane","Quick Slash"],"picked":"Predator","floor":6},{"not_picked":["Flying Knee","Slice"],"picked":"Choke","floor":8},{"not_picked":["Deadly Poison","Footwork","Escape Plan"],"picked":"SKIP","floor":12},{"not_picked":["Die Die Die","Grand Finale"],"picked":"Envenom","floor":16},{"not_picked":["Distraction","Dodge and Roll","Crippling Poison"],"picked":"SKIP","floor":18},{"not_picked":["Deflect","Tactician+1"],"picked":"Setup+1","floor":19},{"not_picked":["Blade Dance","Flying Knee","Flechettes"],"picked":"SKIP","floor":22},{"not_picked":["Dagger Throw+1","Backstab"],"picked":"Dash","floor":24},{"not_picked":["Blade Dance","Outmaneuver","Accuracy"],"picked":"SKIP","floor":27},{"not_picked":["Riddle With Holes+1","Dodge and Roll"],"picked":"Sucker Punch+1","floor":28}],"player_experience":618708,"relics_obtained":[{"floor":6,"key":"Kunai"},{"floor":9,"key":"Ninja Scroll"},{"floor":17,"key":"Blood Vial"},{"floor":17,"key":"Dodecahedron"},{"floor":17,"key":"Incense Burner"},{"floor":21,"key":"StoneCalendar"},{"floor":24,"key":"Molten Egg 2"},{"floor":26,"key":"Pantograph"}],"event_choices":[{"damage_healed":0,"gold_gain":61,"player_choice":"Gained Gold","damage_taken":0,"max_hp_gain":0,"max_hp_loss":0,"event_name":"Golden Wing","floor":10,"gold_loss":0},{"cards_removed":["Regret"],"damage_healed":0,"gold_gain":0,"player_choice":"Took Card","damage_taken":0,"max_hp_gain":0,"max_hp_loss":0,"event_name":"NoteForYourself","floor":14,"gold_loss":0,"cards_obtained":["Regret"]},{"damage_healed":0,"gold_gain":0,"player_choice":"Ignored","damage_taken":0,"max_hp_gain":0,"max_hp_loss":0,"event_name":"Ghosts","floor":29,"gold_loss":0},{"damage_healed":0,"gold_gain":0,"player_choice":"Ignored","damage_taken":0,"max_hp_gain":0,"max_hp_loss":0,"event_name":"Cursed Tome","floor":30,"gold_loss":0}],"is_beta":true,"boss_relics":[{"not_picked":["HoveringKite","Black Star"],"picked":"Calling Bell"}],"items_purged_floors":[20],"is_endless":false,"potions_floor_spawned":[2,3,8,16,18,19,27],"killed_by":"3 Cultists","ascension_level":0}