{"path_per_floor":["M","?","?","M","M","E","R","M","T","?","R","M","$","M","R","B",null,"M","?","?","M","M","E","?","?","T","R","?","M","R","?","R","B",null,"M","$","M","?","M","R","M","R","T","M","?","M","R","M","R"],"character_chosen":"THE_SILENT","items_purchased":["A Thousand Cuts","Distraction","Dagger Spray","Block Potion"],"gold_per_floor":[119,119,119,130,146,180,180,198,198,270,270,287,20,30,30,133,133,73,73,73,73,73,73,73,73,73,73,73,73,73,73,73,73,73,73,23,23,23,23,23,23,23,23,23,23,23,23,23,23,23],"floor_reached":50,"campfire_rested":8,"playtime":2987,"current_hp_per_floor":[70,52,52,49,44,26,47,47,47,47,68,70,70,61,61,22,74,54,54,54,43,37,14,14,14,14,51,51,30,68,68,68,32,78,71,71,67,67,56,80,9,48,48,49,38,23,63,57,84,0],"items_purged":[],"gold":23,"score":512,"play_id":"ad441293-c324-465b-8393-039a193715b3","local_time":"20180411034327","is_prod":false,"is_daily":false,"is_ascension_mode":true,"campfire_upgraded":2,"timestamp":1523427207,"path_taken":["M","?","?","?","?","E","R","M","T","?","R","M","$","?","R","BOSS","M","?","?","M","?","E","?","?","T","R","?","M","R","?","R","BOSS","M","$","M","?","M","R","M","R","T","M","?","M","R","?","R","BOSS"],"build_version":"2018-04-05v2","purchased_purges":0,"victory":false,"master_deck":["Defend_G+1","Defend_G+1","Defend_G+1","Defend_G+1","Strike_G+1","Strike_G+1","Strike_G+1","Strike_G+1","Neutralize","Crippling Poison+1","Setup+1","Riddle With Holes+1","Dagger Throw","Escape Plan","All Out Attack","Bane","Dagger Throw","A Thousand Cuts","Distraction+1","Dagger Spray+1","Adrenaline","Leg Sweep","Noxious Fumes","PiercingWail","Adrenaline","Deadly Poison","Bane+1","Madness","Madness","Dodge and Roll+1","Backflip"],"max_hp_per_floor":[70,70,70,70,70,70,70,70,70,70,70,72,72,74,74,74,74,74,74,74,74,76,76,76,76,76,76,76,78,78,78,78,78,78,80,80,80,80,80,80,82,82,82,84,84,84,84,84,84,84],"relics":["Pantograph","Paper Crane","Singing Bowl","Ectoplasm","Nloth\u0027s Gift","Regal Pillow","Anchor","Black Star","Bird Faced Urn"],"card_choices":[{"not_picked":["Deflect","Cloak And Dagger"],"picked":"Dagger Throw","floor":1.0},{"not_picked":["Footwork","Prepared"],"picked":"Escape Plan","floor":4.0},{"not_picked":["Dagger Throw","Dodge and Roll"],"picked":"All Out Attack","floor":5.0},{"not_picked":["PiercingWail","Eviscerate"],"picked":"Bane","floor":6.0},{"not_picked":["Eviscerate","All Out Attack"],"picked":"Dagger Throw","floor":8.0},{"not_picked":["Tactician","Corpse Explosion"],"picked":"Adrenaline","floor":16.0},{"not_picked":["Quick Slash","Crippling Poison"],"picked":"Leg Sweep","floor":18.0},{"not_picked":["Masterful Stab","Backflip"],"picked":"Deadly Poison","floor":21.0},{"not_picked":["Cloak And Dagger","Deadly Poison"],"picked":"PiercingWail","floor":23.0},{"not_picked":["Bullet Time","Tactician"],"picked":"Adrenaline","floor":33.0},{"not_picked":["Leg Sweep","Quick Slash"],"picked":"Deadly Poison","floor":37.0},{"not_picked":["Poisoned Stab","Dagger Spray"],"picked":"Bane","floor":39.0},{"not_picked":["Acrobatics","Well Laid Plans"],"picked":"Dodge and Roll","floor":46},{"not_picked":["Bane","Slice"],"picked":"Backflip","floor":48}],"player_experience":323984,"potions_floor_usage":[44,48,50],"damage_taken":[{"damage":0.0,"enemies":"2 Louse","floor":1.0,"turns":3.0},{"damage":3.0,"enemies":"Jaw Worm","floor":4.0,"turns":2.0},{"damage":5.0,"enemies":"Small Slimes","floor":5.0,"turns":4.0},{"damage":18.0,"enemies":"Lagavulin","floor":6.0,"turns":5.0},{"damage":0.0,"enemies":"Red Slaver","floor":8.0,"turns":4.0},{"damage":0.0,"enemies":"Large Slime","floor":12.0,"turns":3.0},{"damage":11.0,"enemies":"Gremlin Gang","floor":14.0,"turns":3.0},{"damage":52.0,"enemies":"Hexaghost","floor":16.0,"turns":10.0},{"damage":20.0,"enemies":"2 Thieves","floor":18.0,"turns":3.0},{"damage":11.0,"enemies":"Shell Parasite","floor":21.0,"turns":4.0},{"damage":8.0,"enemies":"Cultist and Chosen","floor":22.0,"turns":6.0},{"damage":23.0,"enemies":"Gremlin Leader","floor":23.0,"turns":6.0},{"damage":23.0,"enemies":"Sentry and Sphere","floor":29.0,"turns":8.0},{"damage":46.0,"enemies":"Champ","floor":33.0,"turns":15.0},{"damage":9.0,"enemies":"3 Shapes","floor":35.0,"turns":4.0},{"damage":4.0,"enemies":"Orb Walker","floor":37.0,"turns":5.0},{"damage":11.0,"enemies":"3 Darklings","floor":39.0,"turns":4.0},{"damage":73.0,"enemies":"Sphere and 2 Shapes","floor":41.0,"turns":7.0},{"damage":5,"enemies":"4 Shapes","floor":44,"turns":5},{"damage":19,"enemies":"Maw","floor":46,"turns":8},{"damage":10,"enemies":"Sphere and 2 Shapes","floor":48,"turns":7},{"damage":93,"enemies":"Time Eater","floor":50,"turns":18}],"event_choices":[{"event_name":"Scrap Ooze","player_choice":"success","floor":2.0,"damage_taken":18.0},{"event_name":"The Lab","player_choice":"Got Potions","floor":3.0,"damage_taken":0.0},{"event_name":"Golden Wing","player_choice":"Gained Gold","floor":10.0,"damage_taken":0.0},{"event_name":"The Library","player_choice":"Read","floor":19.0,"damage_taken":0.0},{"event_name":"N\u0027loth","player_choice":"Traded a Astrolabe","floor":20.0,"damage_taken":0.0},{"event_name":"Addict","player_choice":"Ignored","floor":24.0,"damage_taken":0.0},{"event_name":"Back to Basics","player_choice":"Simplicity","floor":25.0,"damage_taken":0.0},{"event_name":"Vampires","player_choice":"Ignored","floor":28.0,"damage_taken":0.0},{"event_name":"Ghosts","player_choice":"Ignored","floor":31.0,"damage_taken":0.0},{"event_name":"Winding Halls","player_choice":"Embrace Madness","floor":45,"damage_taken":0}],"boss_relics":[],"potions_floor_spawned":[4,6,16,18,21,23,33,41,46,48],"seed_played":"5284933241789489877","killed_by":"Time Eater","ascension_level":1,"is_trial":false}