{"gold_per_floor":[115,115,134,134,134,165,165,183,183,197,214,136,136,152,152,252,252,268,125,125,125,160,160,188,188,268,287,287,301,0,17,17,120,120,134,147,147,147,147,147,147,147,170,170,170,36,53,64,64,64],"floor_reached":50,"playtime":3650,"items_purged":["Doubt"],"score":505,"play_id":"e50ccb2b-ffa3-4bb1-8f72-aa6f4c4cf634","local_time":"20181211212526","is_ascension_mode":true,"campfire_choices":[{"floor":7,"key":"REST"},{"floor":13,"key":"REST"},{"floor":15,"key":"REST"},{"data":"Calculated Gamble","floor":23,"key":"SMITH"},{"floor":25,"key":"REST"},{"floor":28,"key":"REST"},{"floor":32,"key":"REST"},{"floor":40,"key":"REST"},{"data":"Night Terror","floor":42,"key":"SMITH"},{"data":"Bandage Up","floor":45,"key":"SMITH"},{"floor":49,"key":"REST"}],"neow_cost":"NONE","seed_source_timestamp":0,"circlet_count":0,"master_deck":["Defend_G","Defend_G","Defend_G","Defend_G","Strike_G","Strike_G","Strike_G","Strike_G","Strike_G","Survivor","Neutralize","Poisoned Stab","Underhanded Strike","Dagger Throw","Tactician","Infinite Blades+1","Cloak And Dagger","Expertise","Die Die Die","Writhe","Eviscerate","Calculated Gamble+1","Footwork+1","Expertise","Backflip","Noxious Fumes+1","Night Terror+1","Acrobatics+1","Deflect+1","Bandage Up+1","Dark Shackles","Deep Breath","Skewer+1"],"special_seed":0,"relics":["HoveringKite","Bronze Scales","Frozen Egg 2","Calling Bell","Omamori","Pear","Thread and Needle","MutagenicStrength","Red Mask","Boot","Gremlin Horn","Shuriken","White Beast Statue","Strawberry","Spirit Poop"],"potions_floor_usage":[6,10,16,16,27,31,35,48,48,50,50],"damage_taken":[{"damage":0.0,"enemies":"Small Slimes","floor":1.0,"turns":7.0},{"damage":3.0,"enemies":"Jaw Worm","floor":3.0,"turns":7.0},{"damage":38,"enemies":"3 Sentries","floor":6,"turns":9},{"damage":1,"enemies":"Cultist","floor":8,"turns":3},{"damage":6,"enemies":"Exordium Wildlife","floor":10,"turns":3},{"damage":12,"enemies":"2 Fungi Beasts","floor":11,"turns":3},{"damage":2,"enemies":"3 Louse","floor":14,"turns":3},{"damage":16,"enemies":"Slime Boss","floor":16,"turns":10},{"damage":12,"enemies":"Spheric Guardian","floor":18,"turns":5},{"damage":3,"enemies":"Masked Bandits","floor":22,"turns":2},{"damage":64,"enemies":"Book of Stabbing","floor":24,"turns":7},{"damage":0,"enemies":"Shell Parasite","floor":27,"turns":2},{"damage":0,"enemies":"Cultist and Chosen","floor":29,"turns":6},{"damage":2,"enemies":"3 Cultists","floor":31,"turns":4},{"damage":58,"enemies":"Automaton","floor":33,"turns":9},{"damage":17,"enemies":"Orb Walker","floor":35,"turns":5},{"damage":11,"enemies":"3 Shapes","floor":36,"turns":4},{"damage":21,"enemies":"Jaw Worm Horde","floor":47,"turns":4},{"damage":35,"enemies":"Spire Growth","floor":48,"turns":7},{"damage":75,"enemies":"Donu and Deca","floor":50,"turns":7}],"seed_played":"3309715897121325469","potions_obtained":[{"floor":3.0,"key":"Strength Potion"},{"floor":6,"key":"Fire Potion"},{"floor":14,"key":"EssenceOfSteel"},{"floor":24,"key":"Energy Potion"},{"floor":33,"key":"Block Potion"},{"floor":35,"key":"Ancient Potion"},{"floor":36,"key":"FearPotion"},{"floor":47,"key":"Dexterity Potion"},{"floor":48,"key":"Block Potion"}],"is_trial":false,"path_per_floor":["M","$","M","?","?","E","R","M","T","M","M","$","R","M","R","B",null,"M","$","?","?","?","R","E","R","T","M","R","M","$","M","R","B",null,"M","M","?","$","?","R","$","R","T","?","R","$","M","M","R","B"],"character_chosen":"THE_SILENT","items_purchased":["Cloak And Dagger","Swift Potion","Calculated Gamble","Shuriken","Swift Potion","Deep Breath","Strength Potion"],"campfire_rested":8,"item_purchase_floors":[12,12,19,30,30,46,46],"current_hp_per_floor":[70,70,67,67,67,29,50,49,49,43,31,31,52,50,70,54,80,68,68,68,68,65,65,1,25,25,25,49,49,49,47,71,13,80,63,52,47,47,67,80,80,80,87,87,87,87,72,43,69,0],"gold":64,"neow_bonus":"BOSS_RELIC","is_prod":false,"is_daily":false,"chose_seed":false,"campfire_upgraded":3,"win_rate":0,"timestamp":1544576126,"path_taken":["M","$","M","?","?","E","R","M","T","M","?","$","R","M","R","BOSS","M","$","?","?","?","R","E","R","T","M","R","?","$","M","R","BOSS","M","M","?","$","?","R","$","R","T","?","R","$","M","M","R","BOSS"],"build_version":"2018-12-10","purchased_purges":1,"victory":false,"max_hp_per_floor":[70,70,70,70,70,70,70,70,70,70,70,70,70,70,70,70,80,80,80,80,80,80,80,80,80,80,80,80,80,80,80,80,80,80,80,80,80,80,80,80,80,80,87,87,87,87,87,87,87,87],"card_choices":[{"not_picked":["Flying Knee","Bane","Slice"],"picked":"SKIP","floor":1.0},{"not_picked":["Dagger Throw","Dodge and Roll"],"picked":"Poisoned Stab","floor":3.0},{"not_picked":["Glass Knife","Outmaneuver"],"picked":"Dagger Throw","floor":6},{"not_picked":["Acrobatics","Quick Slash"],"picked":"Tactician","floor":8},{"not_picked":["Backflip","Outmaneuver"],"picked":"Infinite Blades+1","floor":10},{"not_picked":["Underhanded Strike","Bane","Outmaneuver"],"picked":"SKIP","floor":11},{"not_picked":["Dagger Throw","Outmaneuver"],"picked":"Expertise","floor":14},{"not_picked":["Unload","Night Terror"],"picked":"Die Die Die","floor":16},{"not_picked":["Masterful Stab","Bouncing Flask"],"picked":"Eviscerate","floor":18},{"not_picked":["Masterful Stab","Quick Slash"],"picked":"Footwork+1","floor":22},{"not_picked":["Acrobatics+1","Masterful Stab"],"picked":"Expertise","floor":24},{"not_picked":["Deadly Poison+1","Calculated Gamble"],"picked":"Backflip","floor":27},{"not_picked":["Outmaneuver","Riddle With Holes","Crippling Poison"],"picked":"SKIP","floor":29},{"not_picked":["Flying Knee","Slice"],"picked":"Noxious Fumes+1","floor":31},{"not_picked":["Die Die Die","Venomology"],"picked":"Night Terror","floor":33},{"not_picked":["Prepared","Bane"],"picked":"Acrobatics+1","floor":35},{"not_picked":["Skewer+1","Prepared"],"picked":"Deflect+1","floor":36},{"not_picked":["Secret Weapon","Magnetism+1"],"picked":"Bandage Up","floor":37},{"not_picked":["Purity","Bandage Up"],"picked":"Dark Shackles","floor":37},{"not_picked":["PiercingWail+1","Flying Knee","Dodge and Roll"],"picked":"SKIP","floor":47},{"not_picked":["Catalyst+1","Slice"],"picked":"Skewer+1","floor":48}],"player_experience":501988,"relics_obtained":[{"floor":6,"key":"Bronze Scales"},{"floor":9,"key":"Frozen Egg 2"},{"floor":17,"key":"Omamori"},{"floor":17,"key":"Pear"},{"floor":17,"key":"Thread and Needle"},{"floor":22,"key":"Red Mask"},{"floor":24,"key":"Boot"},{"floor":26,"key":"Gremlin Horn"},{"floor":43,"key":"Strawberry"}],"event_choices":[{"damage_healed":0.0,"max_hp_gain":0.0,"max_hp_loss":0.0,"gold_gain":0.0,"event_name":"The Cleric","player_choice":"Leave","floor":4.0,"gold_loss":0.0,"damage_taken":0.0},{"damage_healed":0.0,"max_hp_gain":0.0,"max_hp_loss":0.0,"gold_gain":0.0,"cards_transformed":["Defend_G"],"event_name":"Transmorgrifier","player_choice":"Transformed","floor":5.0,"gold_loss":0.0,"damage_taken":0.0,"cards_obtained":["Underhanded Strike"]},{"damage_healed":0,"gold_gain":0,"player_choice":"Inject Mutagens","damage_taken":0,"relics_obtained":["MutagenicStrength"],"max_hp_gain":0,"max_hp_loss":0,"event_name":"Drug Dealer","floor":20,"gold_loss":0},{"damage_healed":0,"gold_gain":0,"player_choice":"Ignored","damage_taken":0,"max_hp_gain":0,"max_hp_loss":0,"event_name":"Vampires","floor":21,"gold_loss":0},{"damage_healed":0,"gold_gain":0,"player_choice":"Fought Bandits","damage_taken":0,"max_hp_gain":0,"max_hp_loss":0,"event_name":"Masked Bandits","floor":22,"gold_loss":0},{"damage_healed":0,"gold_gain":0,"player_choice":"Memory 2","damage_taken":5,"max_hp_gain":0,"max_hp_loss":0,"event_name":"SensoryStone","floor":37,"gold_loss":0},{"damage_healed":20,"gold_gain":0,"player_choice":"Writhe","damage_taken":0,"max_hp_gain":0,"max_hp_loss":0,"event_name":"Winding Halls","floor":39,"gold_loss":0,"cards_obtained":["Writhe"]},{"cards_removed":["Injury"],"damage_healed":0,"gold_gain":0,"player_choice":"Offered Curse","damage_taken":0,"relics_obtained":["Spirit Poop"],"max_hp_gain":0,"max_hp_loss":0,"event_name":"Bonfire Elementals","floor":44,"gold_loss":0}],"is_beta":true,"boss_relics":[{"not_picked":["Black Star","Sozu"],"picked":"Calling Bell"},{"not_picked":["Busted Crown","Velvet Choker"],"picked":"White Beast Statue"}],"items_purged_floors":[19],"is_endless":false,"potions_floor_spawned":[3,6,14,24,33,35,36,47,48],"killed_by":"Donu and Deca","ascension_level":1}