{"path_per_floor":["M","?","?","$","M","E","M","R","T","M","?","M","?","M","R","B",null,"M","?","M","M","?"],"character_chosen":"IRONCLAD","items_purchased":[],"gold_per_floor":[112,112,112,112,124,156,171,171,198,209,209,221,171,181,181,284,284,298,298,311,321,321],"floor_reached":23,"campfire_rested":2,"playtime":833,"current_hp_per_floor":[80,73,73,73,60,49,55,79,79,76,76,73,73,39,63,66,80,51,57,44,17,17],"items_purged":[],"gold":321,"score":193,"play_id":"9039a4a3-5087-4e60-a412-c1f7034c863f","local_time":"20180307202846","is_prod":false,"is_daily":false,"is_ascension_mode":false,"campfire_upgraded":0,"timestamp":1520467126,"path_taken":["M","?","?","$","M","E","M","R","T","?","?","M","?","?","R","BOSS","M","?","M","?","?","M"],"build_version":"2018-03-01-PROD1","purchased_purges":0,"victory":false,"master_deck":["Strike_R","Strike_R","Strike_R","Strike_R","Defend_R","Defend_R","Defend_R","Defend_R","Bash","Impervious","Spot Weakness","Double Tap","Anger","Wild Strike+1","Entrench+1","Double Tap+1","Heavy Blade+1","Writhe","Armaments","Heavy Blade+1"],"max_hp_per_floor":[80,80,80,80,80,80,80,80,80,80,80,80,80,80,80,80,80,80,86,86,86,86],"relics":["Burning Blood","Shuriken","Orichalcum","Bag of Preparation","Paper Frog","Astrolabe","Darkstone Periapt"],"card_choices":[{"not_picked":["Shrug It Off","Clothesline"],"picked":"Impervious"},{"not_picked":["Heavy Blade","Clash"],"picked":"Spot Weakness"},{"not_picked":["Perfected Strike","True Grit"],"picked":"Double Tap"},{"not_picked":["Battle Trance","Searing Blow"],"picked":"Flex"},{"not_picked":["Infernal Blade","Headbutt"],"picked":"Anger"},{"not_picked":["Double Tap","Barricade"],"picked":"Fiend Fire"},{"not_picked":["Body Slam","Anger"],"picked":"Heavy Blade"},{"not_picked":["Warcry","Perfected Strike"],"picked":"Armaments"},{"not_picked":["Iron Wave","Carnage"],"picked":"Heavy Blade"}],"player_experience":134105,"potions_floor_usage":[6,12,16,21],"damage_taken":[{"damage":5,"enemies":"Jaw Worm","floor":1,"turns":4},{"damage":19,"enemies":"2 Louse","floor":5,"turns":3},{"damage":32,"enemies":"Lagavulin","floor":6,"turns":8},{"damage":0,"enemies":"Small Slimes","floor":7,"turns":3},{"damage":9,"enemies":"3 Louse","floor":10,"turns":4},{"damage":9,"enemies":"Blue Slaver","floor":12,"turns":3},{"damage":40,"enemies":"Gremlin Gang","floor":14,"turns":6},{"damage":3,"enemies":"Slime Boss","floor":16,"turns":4},{"damage":35,"enemies":"Spheric Guardian","floor":18,"turns":6},{"damage":19,"enemies":"2 Thieves","floor":20,"turns":3},{"damage":33,"enemies":"Snecko","floor":21,"turns":6},{"damage":18,"enemies":"Centurion and Healer","floor":23,"turns":5}],"event_choices":[{"event_name":"Scrap Ooze","player_choice":"success","floor":2,"damage_taken":7},{"event_name":"Golden Wing","player_choice":"Ignored","floor":3,"damage_taken":0},{"event_name":"Big Fish","player_choice":"Box","floor":11,"damage_taken":0},{"event_name":"The Cleric","player_choice":"Card Removal","floor":13,"damage_taken":0},{"event_name":"The Mausoleum","player_choice":"Yes","floor":19,"damage_taken":0},{"event_name":"Cursed Tome","player_choice":"Ignored","floor":22,"damage_taken":0}],"boss_relics":[{"not_picked":["Question Card","Black Star"],"picked":"Astrolabe"}],"potions_floor_spawned":[1,6,12,14,20],"seed_played":"-4386660243243097424","killed_by":"Centurion and Healer","ascension_level":0,"is_trial":false}