{"gold_per_floor":[109,109,72,86,86,86,107,107,107,72,72,86,110,123,123,249,249,234,255,275,32,50,50,69,92,115,127,139,169,181,211,223,366,378,406,62,82,95,95,95],"floor_reached":40,"playtime":4493,"items_purged":["Bash"],"score":384,"play_id":"c1b9c4cf-dbd4-4c07-9ee8-dc70d07c81ab","local_time":"20190223191249","is_ascension_mode":false,"campfire_choices":[{"data":"Rampage","floor":6,"key":"SMITH"},{"data":"Rage","floor":11,"key":"SMITH"},{"data":"Metallicize","floor":15,"key":"SMITH"},{"data":"Infernal Blade","floor":23,"key":"SMITH"},{"floor":28,"key":"REST"},{"floor":30,"key":"REST"},{"data":"Warcry","floor":32,"key":"SMITH"}],"neow_cost":"NONE","seed_source_timestamp":25063525528567,"circlet_count":0,"master_deck":["Strike_R","Strike_R","Strike_R","Strike_R","Strike_R","Defend_R","Defend_R","Defend_R","Defend_R","Metallicize+1","Rampage+1","Armaments+1","Flex+1","Rage+1","Intimidate","Clash","Double Tap","Rampage","Headbutt+1","Flash of Steel","Infernal Blade+1","Warcry+1","Demon Form","Pommel Strike","Flash of Steel","Panache","Flex","Body Slam+1"],"relics":["Burning Blood","Golden Idol","Bag of Preparation","Busted Crown","Oddly Smooth Stone","MawBank","Runic Cube"],"potions_floor_usage":[16,33,33,33,40],"damage_taken":[{"damage":0,"enemies":"2 Louse","floor":1,"turns":4},{"damage":0,"enemies":"Cultist","floor":4,"turns":4},{"damage":0,"enemies":"Jaw Worm","floor":7,"turns":4},{"damage":0,"enemies":"Exordium Thugs","floor":12,"turns":6},{"damage":0,"enemies":"Exordium Wildlife","floor":13,"turns":4},{"damage":11,"enemies":"Gremlin Gang","floor":14,"turns":5},{"damage":27,"enemies":"Hexaghost","floor":16,"turns":11},{"damage":6,"enemies":"2 Thieves","floor":18,"turns":4},{"damage":13,"enemies":"Spheric Guardian","floor":19,"turns":4},{"damage":6,"enemies":"Snecko","floor":20,"turns":5},{"damage":15,"enemies":"Snake Plant","floor":22,"turns":2},{"damage":12,"enemies":"Centurion and Healer","floor":24,"turns":6},{"damage":26,"enemies":"Shelled Parasite and Fungi","floor":25,"turns":5},{"damage":21,"enemies":"Cultist and Chosen","floor":29,"turns":6},{"damage":0,"enemies":"3 Cultists","floor":31,"turns":6},{"damage":93,"enemies":"Automaton","floor":33,"turns":11},{"damage":15,"enemies":"Orb Walker","floor":35,"turns":4},{"damage":10,"enemies":"3 Shapes","floor":37,"turns":4},{"damage":0,"enemies":"Sphere and 2 Shapes","floor":38,"turns":4},{"damage":95,"enemies":"Giant Head","floor":40,"turns":8}],"seed_played":"-5679588401808309152","potions_obtained":[{"floor":1,"key":"BloodPotion"},{"floor":4,"key":"FearPotion"},{"floor":16,"key":"LiquidBronze"},{"floor":22,"key":"Swift Potion"},{"floor":33,"key":"BloodPotion"}],"is_trial":false,"path_per_floor":["M","?","$","M","?","R","M","?","T","$","R","M","M","M","R","B",null,"M","M","M","$","M","R","M","M","T","$","R","M","R","M","R","B",null,"M","$","M","M","?","E"],"character_chosen":"IRONCLAD","items_purchased":["Rampage","Rage","Flash of Steel","Oddly Smooth Stone","Flash of Steel","Panache"],"campfire_rested":2,"item_purchase_floors":[3,10,21,21,36,36],"current_hp_per_floor":[88,66,66,72,72,72,78,78,78,78,78,84,88,83,83,62,88,88,81,81,81,72,72,66,46,46,46,72,57,83,88,88,9,88,79,79,75,81,81,0],"gold":95,"neow_bonus":"TEN_PERCENT_HP_BONUS","is_prod":false,"is_daily":false,"chose_seed":false,"campfire_upgraded":5,"win_rate":0.0,"timestamp":1550945569,"path_taken":["M","?","$","M","?","R","?","?","T","?","R","M","?","M","R","BOSS","M","?","M","$","M","R","M","?","T","$","R","M","R","M","R","BOSS","M","$","M","M","?","E"],"build_version":"2019-01-23","purchased_purges":1,"victory":false,"max_hp_per_floor":[88,88,88,88,88,88,88,88,88,88,88,88,88,88,88,88,88,88,88,88,88,88,88,88,88,88,88,88,88,88,88,88,88,88,88,88,88,88,88,88],"card_choices":[{"not_picked":["Battle Trance","Clash"],"picked":"Metallicize","floor":1},{"not_picked":["Corruption","Heavy Blade"],"picked":"Armaments","floor":4},{"not_picked":["Armaments","Fire Breathing"],"picked":"Flex","floor":7},{"not_picked":["Dual Wield","True Grit"],"picked":"Intimidate","floor":12},{"not_picked":["Wild Strike","Perfected Strike"],"picked":"Clash","floor":13},{"not_picked":["Sword Boomerang","Twin Strike","Limit Break"],"picked":"SKIP","floor":14},{"not_picked":["Limit Break","Dark Embrace"],"picked":"Double Tap","floor":16},{"not_picked":[],"picked":"Rampage","floor":18},{"not_picked":[],"picked":"Headbutt+1","floor":19},{"not_picked":["Cleave"],"picked":"SKIP","floor":20},{"not_picked":[],"picked":"Infernal Blade","floor":22},{"not_picked":["Cleave"],"picked":"SKIP","floor":24},{"not_picked":["Cleave"],"picked":"SKIP","floor":25},{"not_picked":[],"picked":"Warcry","floor":29},{"not_picked":["Brutality"],"picked":"SKIP","floor":31},{"not_picked":[],"picked":"Demon Form","floor":33},{"not_picked":[],"picked":"Pommel Strike","floor":35},{"not_picked":[],"picked":"Flex","floor":37},{"not_picked":[],"picked":"Body Slam+1","floor":38}],"player_experience":24047,"relics_obtained":[{"floor":9,"key":"Bag of Preparation"},{"floor":26,"key":"MawBank"}],"event_choices":[{"damage_healed":0,"gold_gain":0,"player_choice":"Take Damage","damage_taken":22,"relics_obtained":["Golden Idol"],"max_hp_gain":0,"max_hp_loss":0,"event_name":"Golden Idol","floor":2,"gold_loss":0},{"damage_healed":0,"gold_gain":0,"player_choice":"Upgraded","damage_taken":0,"max_hp_gain":0,"max_hp_loss":0,"event_name":"Upgrade Shrine","floor":5,"gold_loss":0,"cards_upgraded":["Armaments"]},{"damage_healed":0,"gold_gain":0,"player_choice":"Grow","damage_taken":0,"max_hp_gain":0,"max_hp_loss":0,"event_name":"Living Wall","floor":8,"gold_loss":0,"cards_upgraded":["Flex"]},{"damage_healed":0,"gold_gain":0,"player_choice":"Leave","damage_taken":0,"max_hp_gain":0,"max_hp_loss":0,"event_name":"FaceTrader","floor":39,"gold_loss":0}],"is_beta":false,"boss_relics":[{"not_picked":["White Beast Statue","Runic Dome"],"picked":"Busted Crown"},{"not_picked":["Tiny House","Orrery"],"picked":"Runic Cube"}],"items_purged_floors":[36],"is_endless":false,"potions_floor_spawned":[1,4,16,22,25,29,33],"killed_by":"Giant Head","ascension_level":0}