{"gold_per_floor":[360,370,389,389,39,39,55,55,138,150,165,195,214,225,225,322,322,337,262,262,67,67,67,100,100,125,25,41,53,77,176,176,176],"floor_reached":33,"playtime":1797,"items_purged":["Strike_B","Defend_B"],"score":319,"play_id":"a6011ff6-2101-43b3-8b4d-2a7442e00f8f","local_time":"20180807204159","is_ascension_mode":true,"campfire_choices":[{"data":"Chill","floor":6.0,"key":"SMITH"},{"data":"Coolheaded","floor":8.0,"key":"SMITH"},{"data":"Dualcast","floor":15.0,"key":"SMITH"},{"data":"Buffer","floor":23,"key":"SMITH"},{"floor":25,"key":"REST"},{"floor":32,"key":"REST"}],"neow_cost":"FIFTY_PERCENT_DAMAGE","seed_source_timestamp":0,"circlet_count":0,"master_deck":["Strike_B","Strike_B","Defend_B","Defend_B","Zap","Dualcast+1","Blizzard","FTL","Chill+1","Coolheaded+1","Go for the Eyes","Coolheaded","Sweeping Beam","Capacitor","Buffer+1","Dualcast+1","Hologram","Leap","Go for the Eyes+1"],"special_seed":0,"relics":["Cracked Core","Lee\u0027s Waffle","Tiny Chest","Vajra","Sozu","DollysMirror","Dead Branch","Boot","Bag of Preparation"],"potions_floor_usage":[],"damage_taken":[{"damage":0.0,"enemies":"Cultist","floor":1.0,"turns":3.0},{"damage":2.0,"enemies":"Jaw Worm","floor":2.0,"turns":3.0},{"damage":0.0,"enemies":"Small Slimes","floor":3.0,"turns":3.0},{"damage":2.0,"enemies":"Blue Slaver","floor":7.0,"turns":4.0},{"damage":0.0,"enemies":"Lots of Slimes","floor":10.0,"turns":2.0},{"damage":5.0,"enemies":"Looter","floor":11.0,"turns":3.0},{"damage":11.0,"enemies":"Gremlin Nob","floor":12.0,"turns":4.0},{"damage":1.0,"enemies":"2 Fungi Beasts","floor":13.0,"turns":3.0},{"damage":1.0,"enemies":"Blue Slaver","floor":14.0,"turns":4.0},{"damage":28.0,"enemies":"Hexaghost","floor":16.0,"turns":10.0},{"damage":6.0,"enemies":"Chosen","floor":18.0,"turns":6.0},{"damage":62,"enemies":"Gremlin Leader","floor":24,"turns":10},{"damage":0,"enemies":"Spheric Guardian","floor":28,"turns":4},{"damage":8,"enemies":"Snake Plant","floor":29,"turns":7},{"damage":55,"enemies":"Automaton","floor":33,"turns":12}],"seed_played":"6368108597065769806","potions_obtained":[{"floor":2.0,"key":"Energy Potion"},{"floor":10.0,"key":"SkillPotion"},{"floor":11.0,"key":"Poison Potion"},{"floor":13.0,"key":"SkillPotion"},{"floor":14.0,"key":"FocusPotion"}],"is_trial":false,"path_per_floor":["M","M","M","?","$","R","M","R","T","M","M","E","M","M","R","B",null,"M","?","?","$","?","R","E","R","T","$","M","M","T","?","R"],"character_chosen":"DEFECT","items_purchased":["Coolheaded","Lee\u0027s Waffle","Go for the Eyes","DollysMirror"],"campfire_rested":2,"item_purchase_floors":[5,5,5,21],"current_hp_per_floor":[38,36,36,41,87,87,85,85,85,85,80,69,68,67,67,39,87,81,81,81,81,64,64,2,29,29,29,29,21,21,21,48,0],"gold":176,"neow_bonus":"TWO_FIFTY_GOLD","is_prod":false,"is_daily":false,"chose_seed":false,"campfire_upgraded":4,"win_rate":0,"timestamp":1533688919,"path_taken":["M","?","M","?","$","R","M","R","T","M","?","E","M","?","R","BOSS","M","?","?","$","?","R","E","R","T","$","M","?","?","?","R","BOSS"],"build_version":"2018-08-02","purchased_purges":2,"victory":false,"max_hp_per_floor":[75,75,75,80,87,87,87,87,87,87,87,87,87,87,87,87,87,87,87,87,87,92,92,92,92,92,92,92,92,92,92,92,92],"card_choices":[{"not_picked":["Barrage","Conserve Battery"],"picked":"Blizzard","floor":1.0},{"not_picked":["Loop","Stack"],"picked":"FTL","floor":2.0},{"not_picked":["Conserve Battery","BootSequence"],"picked":"Chill","floor":3.0},{"not_picked":["Doom and Gloom","Storm"],"picked":"Coolheaded","floor":7.0},{"not_picked":["Hello World","Reprogram","Barrage"],"picked":"SKIP","floor":10.0},{"not_picked":["Undo","Stack","Turbo"],"picked":"SKIP","floor":11.0},{"not_picked":["Static Discharge","Storm"],"picked":"Sweeping Beam","floor":12.0},{"not_picked":["Loop","Multi-Cast"],"picked":"Capacitor","floor":13.0},{"not_picked":["Steam Power","Stack","Reprogram"],"picked":"SKIP","floor":14.0},{"not_picked":["Meteor Strike","Machine Learning"],"picked":"Buffer","floor":16.0},{"not_picked":["Conserve Battery","Compile Driver","Beam Cell+1"],"picked":"SKIP","floor":18.0},{"not_picked":["Chaos","Redo"],"picked":"Hologram","floor":24},{"not_picked":["Storm","Heatsinks"],"picked":"Leap","floor":28},{"not_picked":["Undo+1","Coolheaded+1"],"picked":"Go for the Eyes+1","floor":29}],"player_experience":269888,"relics_obtained":[{"floor":9.0,"key":"Tiny Chest"},{"floor":12.0,"key":"Vajra"},{"floor":24,"key":"Dead Branch"},{"floor":26,"key":"Boot"},{"floor":30,"key":"Bag of Preparation"}],"event_choices":[{"event_name":"Big Fish","player_choice":"Donut","floor":4.0,"damage_taken":0.0},{"event_name":"Beggar","player_choice":"Gave Gold","floor":19,"damage_taken":0},{"event_name":"Back to Basics","player_choice":"Elegance","floor":20,"damage_taken":0},{"event_name":"Forgotten Altar","player_choice":"Shed Blood","floor":22,"damage_taken":0},{"event_name":"Nest","player_choice":"Stole From Cult","floor":31,"damage_taken":0}],"is_beta":false,"boss_relics":[{"not_picked":["Calling Bell","Fusion Hammer"],"picked":"Sozu"}],"items_purged_floors":[5,27],"is_endless":false,"potions_floor_spawned":[2,10,11,13,14,28,29],"killed_by":"Automaton","ascension_level":2}