{"path_per_floor":["M","$","M","?","?","R","M","R","T","$","M","E","M","M","R","B",null,"M","?","M","M","$","R","M","R","T","R","?","?","?","?","R"],"character_chosen":"IRONCLAD","items_purchased":["Seeing Red","Feed","Art of War"],"gold_per_floor":[119,80,90,90,90,90,109,109,109,28,43,74,92,109,109,205,205,219,134,151,171,14,14,27,27,75,75,75,75,75,75,75],"floor_reached":33,"campfire_rested":3,"playtime":1374,"current_hp_per_floor":[80,80,80,80,80,80,76,76,76,76,83,86,81,83,83,65,89,51,51,53,44,44,70,56,82,82,82,82,66,66,66,89],"items_purged":[],"gold":75,"score":245,"play_id":"fb121c11-7128-46b6-8f03-ac0b3f7fecf8","local_time":"20180311052855","is_prod":false,"is_daily":false,"is_ascension_mode":false,"campfire_upgraded":2,"timestamp":1520755135,"path_taken":["M","$","M","?","?","R","M","R","T","$","M","E","?","?","R","BOSS","M","?","M","M","$","R","M","R","T","R","?","?","?","?","R","BOSS"],"build_version":"2018-03-09","purchased_purges":0,"victory":false,"master_deck":["Strike_R+1","Strike_R+1","Strike_R+1","Strike_R+1","Strike_R+1","Defend_R+1","Defend_R+1","Defend_R+1","Defend_R+1","Bash+1","Anger+1","Cleave+1","Seeing Red","Pommel Strike","Madness","Sever Soul+1","Bash","Fire Breathing+1","Feed","Inflame","Offering","Flex","Exhume","Whirlwind+1","Flex+1","Metallicize"],"max_hp_per_floor":[80,80,80,80,80,80,80,80,80,80,83,86,86,86,86,89,89,89,89,89,89,89,89,89,89,89,89,89,89,89,89,89],"relics":["Burning Blood","Shovel","Paper Frog","Prayer Wheel","Black Star","Charon\u0027s Ashes","Art of War","Singing Bowl","Whetstone","Enchiridion"],"card_choices":[{"not_picked":["True Grit","Searing Blow"],"picked":"Anger"},{"not_picked":["Sentinel","Sword Boomerang"],"picked":"Cleave"},{"not_picked":["Perfected Strike","Body Slam"],"picked":"Pommel Strike"},{"not_picked":["True Grit","Second Wind"],"picked":"Fire Breathing"},{"not_picked":["Twin Strike","Pommel Strike"],"picked":"Inflame"},{"not_picked":["Seeing Red","Headbutt"],"picked":"Offering"},{"not_picked":["Wild Strike","True Grit"],"picked":"Flex"},{"not_picked":["Offering","Feed"],"picked":"Exhume"},{"not_picked":["Sword Boomerang","Iron Wave"],"picked":"Whirlwind"},{"not_picked":["Armaments","Headbutt"],"picked":"Flex"}],"player_experience":161221,"potions_floor_usage":[12,12,16,21,21],"damage_taken":[{"damage":1,"enemies":"Jaw Worm","floor":1,"turns":3},{"damage":0,"enemies":"Cultist","floor":3,"turns":3},{"damage":10,"enemies":"Small Slimes","floor":7,"turns":2},{"damage":0,"enemies":"3 Louse","floor":11,"turns":2},{"damage":6,"enemies":"3 Sentries","floor":12,"turns":4},{"damage":11,"enemies":"Gremlin Gang","floor":13,"turns":3},{"damage":4,"enemies":"Red Slaver","floor":14,"turns":1},{"damage":27,"enemies":"Slime Boss","floor":16,"turns":11},{"damage":44,"enemies":"2 Thieves","floor":18,"turns":4},{"damage":4,"enemies":"3 Byrds","floor":20,"turns":3},{"damage":15,"enemies":"Snecko","floor":21,"turns":4},{"damage":20,"enemies":"Slaver and Parasite","floor":24,"turns":2},{"damage":93,"enemies":"Automaton","floor":33,"turns":8}],"event_choices":[{"event_name":"Upgrade Shrine","player_choice":"Upgraded","floor":4,"damage_taken":0},{"event_name":"Match and Keep!","player_choice":"3 cards matched","floor":5,"damage_taken":0},{"event_name":"Addict","player_choice":"Obtained Relic","floor":19,"damage_taken":0},{"event_name":"The Library","player_choice":"Read","floor":28,"damage_taken":0},{"event_name":"Cursed Tome","player_choice":"Obtained Book","floor":29,"damage_taken":0},{"event_name":"Vampires","player_choice":"Ignored","floor":30,"damage_taken":0},{"event_name":"Back to Basics","player_choice":"Simplicity","floor":31,"damage_taken":0}],"boss_relics":[{"not_picked":["Astrolabe","Sozu"],"picked":"Black Star"}],"potions_floor_spawned":[1,7,14,18,20],"seed_played":"5692233431120828853","killed_by":"Automaton","ascension_level":0,"is_trial":false}