{"path_per_floor":["M","M","$","?","?","R","M","R","T","M","M","M","M","M","R","B",null,"M","?","M","?","M","R","?"],"character_chosen":"THE_SILENT","items_purchased":["Night Terror"],"gold_per_floor":[110,126,45,45,45,45,61,61,86,107,131,150,170,185,185,306,306,326,226,245,245,259,259,259],"floor_reached":25,"campfire_rested":2,"playtime":1698,"current_hp_per_floor":[69,69,69,52,52,70,69,69,69,69,69,65,62,65,65,54,70,50,50,38,38,28,49,80],"items_purged":[],"gold":259,"score":197,"play_id":"84233856-523d-4254-97c3-3f342334200f","is_prod":false,"is_daily":false,"is_ascension_mode":false,"campfire_upgraded":2,"path_taken":["M","M","$","?","?","R","M","R","T","M","M","?","M","M","R","BOSS","M","?","M","?","M","R","?","M"],"build_version":"2018-02-22-PROD2","purchased_purges":0,"victory":false,"master_deck":["Defend_G","Defend_G","Defend_G","Defend_G","Defend_G","Strike_G","Strike_G","Strike_G","Strike_G","Strike_G","Survivor","Neutralize","Malaise","Dagger Spray+1","Night Terror+1","Endless Agony+1","Blade Dance","Caltrops","Blur","Backflip","Riddle With Holes","Backflip+1","J.A.X."],"max_hp_per_floor":[70,70,70,70,70,70,70,70,70,70,70,70,70,70,70,70,70,70,70,70,70,70,70,80],"relics":["Velvet Choker","Golden Idol","Vajra","Black Star"],"card_choices":[{"not_picked":["Terror","Backflip"],"picked":"Malaise"},{"not_picked":["Acrobatics","Dodge and Roll"],"picked":"Dagger Spray"},{"not_picked":["Dodge and Roll","Prepared"],"picked":"Endless Agony"},{"not_picked":["Dagger Throw","Bane"],"picked":"Blade Dance"},{"not_picked":["Bane","Envenom"],"picked":"Caltrops"},{"not_picked":["Underhanded Strike","Dagger Throw"],"picked":"Blur"},{"not_picked":["Sucker Punch","Riddle With Holes"],"picked":"Backflip"},{"not_picked":["Deadly Poison","Acrobatics"],"picked":"Riddle With Holes"},{"not_picked":["Corpse Explosion","Unload"],"picked":"Night Terror"},{"not_picked":["Dodge and Roll","Bane"],"picked":"Backflip"}],"player_experience":69736,"potions_floor_usage":[13,14,16,22,22,22],"damage_taken":[{"damage":1,"enemies":"Jaw Worm","floor":1,"turns":5},{"damage":0,"enemies":"Small Slimes","floor":2,"turns":4},{"damage":1,"enemies":"2 Louse","floor":7,"turns":2},{"damage":0,"enemies":"2 Fungi Beasts","floor":10,"turns":2},{"damage":0,"enemies":"3 Louse","floor":11,"turns":2},{"damage":4,"enemies":"Gremlin Gang","floor":12,"turns":3},{"damage":3,"enemies":"Red Slaver","floor":13,"turns":4},{"damage":0,"enemies":"Exordium Wildlife","floor":14,"turns":2},{"damage":11,"enemies":"Slime Boss","floor":16,"turns":7},{"damage":20,"enemies":"2 Thieves","floor":18,"turns":4},{"damage":12,"enemies":"Chosen","floor":20,"turns":5},{"damage":10,"enemies":"Sentry and Sphere","floor":22,"turns":8},{"damage":82,"enemies":"Cultist and Chosen","floor":25,"turns":9}],"event_choices":[{"event_name":"Golden Idol","player_choice":"Take Damage","floor":4,"damage_taken":0},{"event_name":"Living Wall","player_choice":"Grow","floor":5,"damage_taken":0},{"event_name":"Drug Dealer","player_choice":"Got JAXXED","floor":19,"damage_taken":0},{"event_name":"The Lab","player_choice":"Got Potions","floor":21,"damage_taken":0},{"event_name":"Bonfire Elementals","player_choice":"RARE","floor":24,"damage_taken":0}],"boss_relics":[{"not_picked":["Eternal Feather","Calling Bell"],"picked":"Black Star"}],"potions_floor_spawned":[1,10,13],"seed_played":"-6241761431126130737","killed_by":"Cultist and Chosen","ascension_level":0,"is_trial":false}