{"path_per_floor":["M","M","$","M","$","R","?","M","T","?","$","M","R","M","R","B",null,"M","M","M","?","$","E","?","M","T","?","T","$","?","M","R","B",null,"M","M","M","$","M","R","?","R","T","R","?","M","R","M","R","B"],"character_chosen":"IRONCLAD","items_purchased":["Dramatic Entrance","Bottled Lightning","Vajra"],"gold_per_floor":[114,129,129,144,53,53,53,68,143,218,218,233,233,248,248,348,348,363,378,393,443,118,178,178,193,193,193,218,118,118,133,133,233,233,248,263,278,128,143,143,0,0,25,25,25,40,40,55,55,55],"floor_reached":51,"campfire_rested":6,"playtime":2840,"current_hp_per_floor":[77,77,77,77,77,77,77,77,83,72,72,72,72,71,86,87,92,92,82,71,71,71,38,68,57,63,63,76,76,76,68,101,56,117,101,68,62,62,32,67,67,102,108,123,129,112,112,104,129,45],"items_purged":["Doubt","Decay"],"gold":55,"score":860,"play_id":"edba1ede-368f-494e-a488-ddbf6ee981a3","local_time":"20180324044349","daily_mods":["Allstar","Cursed Run","Insanity"],"is_prod":false,"is_daily":true,"is_ascension_mode":false,"campfire_upgraded":3,"timestamp":1521875629,"path_taken":["M","M","$","M","$","R","?","?","T","?","$","?","R","M","R","BOSS","M","M","M","?","$","E","?","?","T","?","?","$","?","?","R","BOSS","M","M","M","$","M","R","?","R","T","R","?","M","R","M","R","BOSS"],"build_version":"2018-03-22v2","purchased_purges":3,"victory":true,"master_deck":["Impervious","Power Through","Warcry","Warcry","Flame Barrier","Sever Soul","Headbutt","Shrug It Off","Flame Barrier","Impervious","Entrench","Pommel Strike","Clash","Strike_R","Sentinel","Rampage","Corruption","Infernal Blade+1","Clothesline","Seeing Red","Twin Strike","Second Wind+1","Iron Wave","Bash","Disarm","Flame Barrier","Sever Soul","Uppercut","Bloodletting","Dual Wield","Searing Blow","Shockwave","Headbutt","Double Tap","Wild Strike","Headbutt","Rage","Armaments+1","Shockwave","Anger","Sever Soul","Flex+1","Power Through","Corruption","Rampage","Bludgeon","Headbutt","Uppercut","True Grit","Blind","Transmutation+1","Dramatic Entrance+1","Cleave","Bludgeon","Armaments+1","Perfected Strike","Fire Breathing+1","Battle Trance+1","Parasite","Clumsy","Limit Break","Feel No Pain+1","Pain","Normality","Feed","Parasite"],"max_hp_per_floor":[80,80,80,80,80,80,80,80,86,86,86,86,86,86,86,92,92,92,92,92,92,92,92,92,92,98,98,111,111,111,111,111,117,117,117,117,117,117,117,117,117,117,123,123,129,129,129,129,129,135],"relics":["Cursed Key","Darkstone Periapt","Du-Vu Doll","Letter Opener","Runic Cube","Bottled Lightning","Tiny Chest","War Paint","Strawberry","Runic Pyramid","Vajra","Red Mask","Orichalcum","Juzu Bracelet"],"card_choices":[{"not_picked":["Inflame","Sword Boomerang"],"picked":"Cleave","floor":8},{"not_picked":["Brutality","Double Tap"],"picked":"Bludgeon","floor":16},{"not_picked":["Iron Wave","Hemokinesis"],"picked":"Armaments","floor":18},{"not_picked":["Anger","Infernal Blade"],"picked":"Perfected Strike","floor":19},{"not_picked":["Blood for Blood","Searing Blow"],"picked":"Fire Breathing","floor":20},{"not_picked":["Wild Strike","Fiend Fire"],"picked":"Battle Trance","floor":23},{"not_picked":["Exhume","Impervious"],"picked":"Limit Break","floor":33},{"not_picked":["Flex","Heavy Blade"],"picked":"Feel No Pain","floor":35},{"not_picked":["Battle Trance","Twin Strike"],"picked":"Feed","floor":48}],"player_experience":231005,"potions_floor_usage":[14,14,18,20,23,33,35,36,39,46,50],"damage_taken":[{"damage":3,"enemies":"Jaw Worm","floor":1,"turns":2},{"damage":0,"enemies":"2 Louse","floor":2,"turns":1},{"damage":0,"enemies":"Small Slimes","floor":4,"turns":2},{"damage":0,"enemies":"Gremlin Gang","floor":8,"turns":2},{"damage":0,"enemies":"3 Louse","floor":12,"turns":2},{"damage":11,"enemies":"Exordium Wildlife","floor":14,"turns":3},{"damage":5,"enemies":"The Guardian","floor":16,"turns":12},{"damage":0,"enemies":"2 Thieves","floor":18,"turns":3},{"damage":10,"enemies":"Spheric Guardian","floor":19,"turns":3},{"damage":11,"enemies":"Slaver and Parasite","floor":20,"turns":7},{"damage":33,"enemies":"Book of Stabbing","floor":23,"turns":7},{"damage":11,"enemies":"Snecko","floor":25,"turns":3},{"damage":8,"enemies":"Chosen and Byrds","floor":31,"turns":4},{"damage":51,"enemies":"Champ","floor":33,"turns":13},{"damage":16,"enemies":"3 Shapes","floor":35,"turns":3},{"damage":33,"enemies":"3 Darklings","floor":36,"turns":4},{"damage":6,"enemies":"Maw","floor":37,"turns":11},{"damage":30,"enemies":"Sphere and 2 Shapes","floor":39,"turns":8},{"damage":23,"enemies":"3 Darklings","floor":46,"turns":5},{"damage":8,"enemies":"4 Shapes","floor":48,"turns":2},{"damage":90,"enemies":"Time Eater","floor":50,"turns":16}],"event_choices":[{"event_name":"Living Wall","player_choice":"Forget","floor":7,"damage_taken":0},{"event_name":"World of Goop","player_choice":"Gather Gold","floor":10,"damage_taken":0},{"event_name":"The Joust","player_choice":"Bet on Murderer","floor":21,"damage_taken":0},{"event_name":"The Library","player_choice":"Heal","floor":24,"damage_taken":0},{"event_name":"Upgrade Shrine","player_choice":"Upgraded","floor":27,"damage_taken":0},{"event_name":"Back to Basics","player_choice":"Elegance","floor":30,"damage_taken":0},{"event_name":"Tomb of Lord Red Mask","player_choice":"Paid","floor":41,"damage_taken":0},{"event_name":"Accursed Blacksmith","player_choice":"Rummage","floor":45,"damage_taken":0}],"boss_relics":[{"not_picked":["Snecko Eye","Philosopher\u0027s Stone"],"picked":"Runic Cube"},{"not_picked":["Black Star","Sozu"],"picked":"Runic Pyramid"}],"potions_floor_spawned":[2,4,16,19,20,23,31,33,37,39,48],"seed_played":"-8935585720801490496","ascension_level":0,"is_trial":false}