{"gold_per_floor":[119,119,42,60,10,43,56,56,79,79],"floor_reached":10,"playtime":530,"items_purged":[],"score":66,"play_id":"eeb1e7d9-bdc3-4cf0-85d0-db99e7697cc6","local_time":"20190126003535","is_ascension_mode":false,"campfire_choices":[{"floor":8,"key":"REST"}],"neow_cost":"NONE","seed_source_timestamp":107130703353056,"circlet_count":0,"master_deck":["Strike_B","Strike_B","Strike_B","Strike_B","Defend_B","Defend_B","Defend_B","Defend_B","Dualcast","BootSequence","White Noise","Creative AI","Force Field","Sunder","Melter"],"relics":["Cracked Core","Centennial Puzzle","Bottled Tornado","DataDisk"],"potions_floor_usage":[7,10],"damage_taken":[{"damage":0,"enemies":"Small Slimes","floor":1,"turns":2},{"damage":15,"enemies":"Jaw Worm","floor":4,"turns":4},{"damage":56,"enemies":"3 Sentries","floor":6,"turns":18},{"damage":0,"enemies":"2 Louse","floor":7,"turns":2},{"damage":32,"enemies":"Gremlin Nob","floor":10,"turns":4}],"seed_played":"-5415084933169615969","potions_obtained":[{"floor":6,"key":"PowerPotion"},{"floor":7,"key":"AttackPotion"}],"is_trial":false,"path_per_floor":["M","?","$","M","?","E","M","R","T","?"],"character_chosen":"DEFECT","items_purchased":["Creative AI"],"campfire_rested":1,"item_purchase_floors":[3],"current_hp_per_floor":[75,75,75,60,60,4,4,26,26,0],"gold":79,"neow_bonus":"TRANSFORM_CARD","is_prod":false,"is_daily":false,"chose_seed":false,"campfire_upgraded":0,"win_rate":0,"timestamp":1548475535,"path_taken":["M","?","$","M","?","E","M","R","T","?"],"build_version":"2019-01-23","purchased_purges":0,"victory":false,"max_hp_per_floor":[75,75,75,75,75,75,75,75,75,75],"card_choices":[{"not_picked":["Go for the Eyes","Loop"],"picked":"White Noise","floor":1},{"not_picked":["Steam","Glacier"],"picked":"Force Field","floor":4},{"not_picked":["Gash","Rebound"],"picked":"Sunder","floor":6},{"not_picked":["Lockon","Turbo"],"picked":"Melter","floor":7}],"player_experience":605442,"relics_obtained":[{"floor":6,"key":"Bottled Tornado"},{"floor":9,"key":"DataDisk"}],"event_choices":[{"damage_healed":0,"gold_gain":0,"player_choice":"Box","damage_taken":0,"relics_obtained":["Centennial Puzzle"],"max_hp_gain":0,"max_hp_loss":0,"event_name":"Big Fish","floor":2,"gold_loss":0,"cards_obtained":["Regret"]},{"cards_removed":["Regret"],"damage_healed":0,"gold_gain":0,"player_choice":"Card Removal","damage_taken":0,"max_hp_gain":0,"max_hp_loss":0,"event_name":"The Cleric","floor":5,"gold_loss":50},{"damage_healed":0,"gold_gain":0,"player_choice":"Searched \u00271\u0027 times","damage_taken":0,"max_hp_gain":0,"max_hp_loss":0,"event_name":"Dead Adventurer","floor":10,"gold_loss":0}],"is_beta":true,"boss_relics":[],"items_purged_floors":[],"is_endless":false,"potions_floor_spawned":[6,7],"killed_by":"Gremlin Nob","ascension_level":0}