{"gold_per_floor":[119,138,138,138,150,150,169,204,204,221,234,248,248,276,276,352,352,366,378,378,191,191,221,221,254,254,254,266,285,46,62,62,141,141,158,168,168,186,201,201,201,201,226,46,46,60,75,175,175,175],"floor_reached":51,"playtime":5114,"items_purged":[],"score":1197,"play_id":"ef859a16-0caf-4f44-9bd8-0b987896927a","local_time":"20190224171703","is_ascension_mode":true,"campfire_choices":[{"data":"Carnage","floor":6,"key":"SMITH"},{"floor":13,"key":"REST"},{"data":"Whirlwind","floor":15,"key":"SMITH"},{"data":"Mayhem","floor":24,"key":"SMITH"},{"data":"Combust","floor":27,"key":"SMITH"},{"data":"Feel No Pain","floor":32,"key":"SMITH"},{"data":"Shrug It Off","floor":40,"key":"SMITH"},{"data":"Exhume","floor":42,"key":"SMITH"},{"data":"Impervious","floor":45,"key":"SMITH"},{"data":"Shockwave","floor":49,"key":"SMITH"}],"neow_cost":"NONE","seed_source_timestamp":550406776143,"circlet_count":0,"master_deck":["AscendersBane","Defend_R","Defend_R","Defend_R","Defend_R","Metallicize+1","Carnage+1","Cleave","Feel No Pain+1","Shockwave+1","Battle Trance","Carnage","Whirlwind+1","Offering","Disarm","Bite","Bite","Bite","Bite","Bite","Mayhem+1","Shrug It Off+1","Combust+1","Bloodletting+1","Fire Breathing+1","Exhume+1","Impervious+1","Inflame+1","Corruption+1","Madness","Madness","Barricade+1","Dark Embrace+1","True Grit+1"],"relics":["Burning Blood","Bronze Scales","Pen Nib","Vajra","Mummified Hand","Runic Cube","Anchor","Pantograph","Frozen Egg 2","Oddly Smooth Stone","Orrery","Strawberry","Nunchaku"],"potions_floor_usage":[8,8,14,18,33,39,47,50],"damage_taken":[{"damage":1,"enemies":"Cultist","floor":1,"turns":4},{"damage":10,"enemies":"Jaw Worm","floor":2,"turns":6},{"damage":0,"enemies":"2 Louse","floor":5,"turns":2},{"damage":9,"enemies":"Gremlin Gang","floor":7,"turns":5},{"damage":18,"enemies":"Lagavulin","floor":8,"turns":7},{"damage":12,"enemies":"Exordium Wildlife","floor":10,"turns":3},{"damage":22,"enemies":"Exordium Thugs","floor":11,"turns":6},{"damage":7,"enemies":"Large Slime","floor":12,"turns":5},{"damage":5,"enemies":"Gremlin Nob","floor":14,"turns":3},{"damage":50,"enemies":"The Guardian","floor":16,"turns":12},{"damage":12,"enemies":"2 Thieves","floor":18,"turns":2},{"damage":3,"enemies":"Spheric Guardian","floor":19,"turns":3},{"damage":28,"enemies":"Book of Stabbing","floor":23,"turns":6},{"damage":30,"enemies":"Gremlin Leader","floor":25,"turns":6},{"damage":4,"enemies":"3 Cultists","floor":28,"turns":4},{"damage":5,"enemies":"Sentry and Sphere","floor":29,"turns":3},{"damage":18,"enemies":"Centurion and Healer","floor":31,"turns":3},{"damage":19,"enemies":"Collector","floor":33,"turns":5},{"damage":12,"enemies":"3 Shapes","floor":35,"turns":4},{"damage":17,"enemies":"3 Darklings","floor":36,"turns":3},{"damage":14,"enemies":"Jaw Worm Horde","floor":38,"turns":4},{"damage":17,"enemies":"Transient","floor":39,"turns":5},{"damage":26,"enemies":"Sphere and 2 Shapes","floor":46,"turns":3},{"damage":19,"enemies":"3 Darklings","floor":47,"turns":4},{"damage":11,"enemies":"Mind Bloom Boss Battle","floor":48,"turns":3},{"damage":35,"enemies":"Donu and Deca","floor":50,"turns":6}],"seed_played":"5285690499985658704","potions_obtained":[{"floor":1,"key":"AttackPotion"},{"floor":7,"key":"Dexterity Potion"},{"floor":12,"key":"EssenceOfSteel"},{"floor":14,"key":"Energy Potion"},{"floor":25,"key":"AttackPotion"},{"floor":28,"key":"SkillPotion"},{"floor":29,"key":"PowerPotion"},{"floor":36,"key":"Explosive Potion"},{"floor":46,"key":"Explosive Potion"}],"is_trial":false,"path_per_floor":["M","M","?","?","M","R","M","E","T","M","M","M","R","E","R","B",null,"M","M","?","$","?","E","R","E","T","R","M","M","$","M","R","B",null,"M","M","?","M","M","R","?","R","T","$","R","M","M","?","R","B",null],"character_chosen":"IRONCLAD","items_purchased":["Mayhem","Oddly Smooth Stone","Fire Breathing+1","Barricade+1"],"campfire_rested":1,"item_purchase_floors":[21,30,30,44],"current_hp_per_floor":[73,69,74,74,80,80,77,65,65,59,43,42,66,67,67,23,66,60,63,56,56,56,44,44,40,40,40,52,56,56,46,46,53,55,53,54,54,52,56,56,46,46,53,53,53,39,36,63,63,50],"gold":175,"neow_bonus":"RANDOM_COMMON_RELIC","is_prod":false,"is_daily":false,"chose_seed":false,"campfire_upgraded":9,"win_rate":0,"timestamp":1551050223,"path_taken":["M","?","?","?","?","R","M","E","T","M","M","M","R","E","R","BOSS","M","M","?","$","?","E","R","E","T","R","M","M","$","?","R","BOSS","M","M","?","M","M","R","?","R","T","$","R","M","M","?","R","BOSS"],"build_version":"2019-01-23","purchased_purges":0,"victory":true,"max_hp_per_floor":[75,75,80,80,80,80,80,80,80,80,80,80,80,80,80,80,80,80,80,56,56,56,56,56,56,56,56,56,56,56,56,56,56,56,56,56,56,56,56,56,56,56,63,63,63,63,63,63,63,63],"card_choices":[{"not_picked":["Pommel Strike","Headbutt"],"picked":"Metallicize","floor":1},{"not_picked":["Sword Boomerang","Disarm"],"picked":"Carnage","floor":2},{"not_picked":["Iron Wave","Reckless Charge"],"picked":"Cleave","floor":5},{"not_picked":["Anger","Heavy Blade"],"picked":"Feel No Pain","floor":7},{"not_picked":["Thunderclap","Rampage"],"picked":"Shockwave","floor":8},{"not_picked":["Sentinel","Clash"],"picked":"Battle Trance","floor":10},{"not_picked":["Sword Boomerang","Sentinel","Havoc"],"picked":"SKIP","floor":11},{"not_picked":["Clothesline","Reckless Charge"],"picked":"Carnage","floor":12},{"not_picked":["Berserk","Dual Wield"],"picked":"Whirlwind","floor":14},{"not_picked":["Reaper","Berserk"],"picked":"Offering","floor":16},{"not_picked":["Hemokinesis","Perfected Strike"],"picked":"Disarm","floor":18},{"not_picked":["Searing Blow","Sentinel","Flex"],"picked":"SKIP","floor":19},{"not_picked":["Entrench","Reaper"],"picked":"Shrug It Off","floor":23},{"not_picked":["Infernal Blade","Wild Strike"],"picked":"Combust","floor":25},{"not_picked":["Body Slam","Armaments"],"picked":"Bloodletting+1","floor":28},{"not_picked":["Warcry","Dual Wield","Sword Boomerang+1"],"picked":"SKIP","floor":29},{"not_picked":["Fire Breathing+1","Offering","Burning Pact"],"picked":"SKIP","floor":31},{"not_picked":["Berserk+1","Limit Break"],"picked":"Exhume","floor":33},{"not_picked":["Heavy Blade","Clash"],"picked":"Impervious","floor":34},{"not_picked":["Wild Strike","Clothesline","Thunderclap"],"picked":"SKIP","floor":35},{"not_picked":["Flex","Battle Trance"],"picked":"Inflame+1","floor":36},{"not_picked":["Havoc","Iron Wave"],"picked":"Corruption+1","floor":38},{"not_picked":["Headbutt","Pommel Strike","Perfected Strike"],"picked":"SKIP","floor":39},{"not_picked":["Flex","Anger"],"picked":"Dark Embrace+1","floor":46},{"not_picked":["Sword Boomerang+1","Cleave"],"picked":"True Grit+1","floor":47}],"player_experience":487611,"relics_obtained":[{"floor":8,"key":"Pen Nib"},{"floor":9,"key":"Vajra"},{"floor":14,"key":"Mummified Hand"},{"floor":23,"key":"Anchor"},{"floor":25,"key":"Pantograph"},{"floor":26,"key":"Frozen Egg 2"},{"floor":43,"key":"Strawberry"},{"floor":48,"key":"Nunchaku"}],"event_choices":[{"damage_healed":0,"gold_gain":0,"player_choice":"Donut","damage_taken":0,"max_hp_gain":5,"max_hp_loss":0,"event_name":"Big Fish","floor":3,"gold_loss":0},{"damage_healed":0,"gold_gain":0,"player_choice":"Upgraded","damage_taken":0,"max_hp_gain":0,"max_hp_loss":0,"event_name":"Upgrade Shrine","floor":4,"gold_loss":0,"cards_upgraded":["Metallicize"]},{"damage_healed":0,"gold_gain":0,"player_choice":"Became a vampire","damage_taken":0,"max_hp_gain":0,"max_hp_loss":24,"event_name":"Vampires","floor":20,"gold_loss":0,"cards_obtained":["Bite","Bite","Bite","Bite","Bite"]},{"cards_removed":["Bash"],"damage_healed":0,"gold_gain":0,"player_choice":"Card Removal","damage_taken":0,"max_hp_gain":0,"max_hp_loss":0,"event_name":"Wheel of Change","floor":22,"gold_loss":0},{"damage_healed":0,"gold_gain":0,"player_choice":"Ignored","damage_taken":0,"max_hp_gain":0,"max_hp_loss":0,"event_name":"Tomb of Lord Red Mask","floor":37,"gold_loss":0},{"damage_healed":0,"gold_gain":0,"player_choice":"Embrace Madness","damage_taken":10,"max_hp_gain":0,"max_hp_loss":0,"event_name":"Winding Halls","floor":41,"gold_loss":0,"cards_obtained":["Madness","Madness"]},{"damage_healed":0,"gold_gain":0,"player_choice":"Fight","damage_taken":0,"max_hp_gain":0,"max_hp_loss":0,"event_name":"MindBloom","floor":48,"gold_loss":0}],"is_beta":false,"boss_relics":[{"not_picked":["Black Blood","Eternal Feather"],"picked":"Runic Cube"},{"not_picked":["Fusion Hammer","Runic Pyramid"],"picked":"Orrery"}],"items_purged_floors":[],"is_endless":false,"potions_floor_spawned":[1,7,12,14,25,28,29,31,36,46],"ascension_level":16}