{"gold_per_floor":[118,118,138,108,121,154,154,181,232,252,267,43,43,63,63,163,163,181,181,181,196,216,216,245,245,245,260,260,275,74,102,102,199,199,219,179,196,213,223,258,258,290,315,315,346,358,369,382,382,382],"floor_reached":51,"playtime":4683,"items_purged":["Regret"],"score":1167,"play_id":"6785c40e-17c2-422a-b7d9-8144dc8e0448","local_time":"20190212222043","is_ascension_mode":true,"campfire_choices":[{"data":"Cloak And Dagger","floor":7.0,"key":"SMITH"},{"data":"Terror","floor":13.0,"key":"SMITH"},{"data":"Cloak And Dagger","floor":15.0,"key":"SMITH"},{"data":"Dodge and Roll","floor":23.0,"key":"SMITH"},{"floor":32.0,"key":"REST"},{"floor":41.0,"key":"REST"},{"data":"Envenom","floor":44.0,"key":"SMITH"},{"floor":49.0,"key":"REST"}],"neow_cost":"NONE","seed_source_timestamp":276479172353995,"circlet_count":0,"master_deck":["Defend_G+1","Defend_G+1","Defend_G+1","Defend_G+1","Defend_G+1","Strike_G+1","Strike_G+1","Strike_G+1","Strike_G+1","Strike_G+1","Survivor+1","Neutralize","Dagger Throw+1","Dagger Spray","Slice","Cloak And Dagger+1","Leg Sweep","Blade Dance+1","Terror+1","Cloak And Dagger+1","Envenom+1","Backstab+1","Dodge and Roll+1","Quick Slash+1","Acrobatics","Venomology","Deflect","Escape Plan","Dash","Footwork","Quick Slash+1","Backflip","Finisher","Slice+1","Accuracy","Sucker Punch+1","Blur","Dash+1","Parasite","Blur+1","Infinite Blades+1"],"special_seed":0,"relics":["Ring of the Snake","NeowsBlessing","Kunai","Regal Pillow","War Paint","Vajra","Bag of Marbles","Orrery","MutagenicStrength","Bottled Flame","Snake Skull","PreservedInsect","Red Mask","Black Star","Ancient Tea Set","Oddly Smooth Stone","Happy Flower","Potion Belt","Whetstone","Strawberry","Dodecahedron"],"potions_floor_usage":[50,50,50],"damage_taken":[{"damage":0.0,"enemies":"2 Louse","floor":1.0,"turns":1.0},{"damage":0.0,"enemies":"Small Slimes","floor":3.0,"turns":1.0},{"damage":0.0,"enemies":"Cultist","floor":5.0,"turns":1.0},{"damage":0.0,"enemies":"3 Sentries","floor":6.0,"turns":10.0},{"damage":3.0,"enemies":"Lagavulin","floor":8.0,"turns":10.0},{"damage":0.0,"enemies":"Looter","floor":10.0,"turns":3.0},{"damage":2.0,"enemies":"Blue Slaver","floor":11.0,"turns":4.0},{"damage":2.0,"enemies":"Large Slime","floor":14.0,"turns":5.0},{"damage":0.0,"enemies":"The Guardian","floor":16.0,"turns":12.0},{"damage":6.0,"enemies":"Spheric Guardian","floor":18.0,"turns":4.0},{"damage":0.0,"enemies":"Shell Parasite","floor":21.0,"turns":1.0},{"damage":5.0,"enemies":"Sentry and Sphere","floor":22.0,"turns":4.0},{"damage":4.0,"enemies":"Book of Stabbing","floor":24.0,"turns":5.0},{"damage":0.0,"enemies":"Shelled Parasite and Fungi","floor":27.0,"turns":3.0},{"damage":14.0,"enemies":"Chosen and Byrds","floor":29.0,"turns":5.0},{"damage":0.0,"enemies":"Masked Bandits","floor":31.0,"turns":3.0},{"damage":36.0,"enemies":"Champ","floor":33.0,"turns":12.0},{"damage":0.0,"enemies":"Orb Walker","floor":35.0,"turns":2.0},{"damage":7.0,"enemies":"3 Darklings","floor":37.0,"turns":11.0},{"damage":16.0,"enemies":"Spire Growth","floor":38.0,"turns":7.0},{"damage":6.0,"enemies":"Jaw Worm Horde","floor":39.0,"turns":6.0},{"damage":0.0,"enemies":"Reptomancer","floor":40.0,"turns":2.0},{"damage":0.0,"enemies":"Giant Head","floor":42.0,"turns":2.0},{"damage":1.0,"enemies":"Reptomancer","floor":45.0,"turns":4.0},{"damage":3.0,"enemies":"Transient","floor":46.0,"turns":5.0},{"damage":32.0,"enemies":"Writhing Mass","floor":47.0,"turns":8.0},{"damage":4.0,"enemies":"3 Darklings","floor":48.0,"turns":5.0},{"damage":72,"enemies":"Time Eater","floor":50,"turns":17}],"seed_played":"-8959142837712387961","potions_obtained":[{"floor":3.0,"key":"PowerPotion"},{"floor":4.0,"key":"EssenceOfSteel"},{"floor":4.0,"key":"EssenceOfSteel"},{"floor":6.0,"key":"SpeedPotion"},{"floor":8.0,"key":"SteroidPotion"},{"floor":14.0,"key":"LiquidBronze"},{"floor":16.0,"key":"Fire Potion"},{"floor":27.0,"key":"FearPotion"},{"floor":29.0,"key":"PowerPotion"},{"floor":38.0,"key":"PowerPotion"},{"floor":39.0,"key":"GhostInAJar"},{"floor":46.0,"key":"Explosive Potion"},{"floor":47.0,"key":"FairyPotion"},{"floor":48.0,"key":"SpeedPotion"}],"is_trial":false,"path_per_floor":["M","?","M","?","M","E","R","E","T","M","M","$","R","M","R","B",null,"M","$","?","M","M","R","E","?","T","M","?","M","$","?","R","B",null,"M","?","M","M","M","E","R","E","T","R","E","M","M","M","R","B",null],"character_chosen":"THE_SILENT","items_purchased":["Bag of Marbles","PreservedInsect","Fire Potion"],"campfire_rested":3,"item_purchase_floors":[12,30,30],"current_hp_per_floor":[63,63,63,63,63,63,63,60,60,60,58,58,58,56,56,56,67,61,61,61,61,56,56,52,52,52,52,52,38,38,38,70,34,61,61,61,54,38,32,32,68,68,68,68,74,71,39,35,73,1],"gold":382,"neow_bonus":"THREE_ENEMY_KILL","is_prod":false,"is_daily":false,"chose_seed":false,"campfire_upgraded":5,"win_rate":0,"timestamp":1550006443,"path_taken":["M","?","M","?","M","E","R","E","T","?","M","$","R","M","R","BOSS","M","$","?","M","M","R","E","?","T","M","?","M","$","?","R","BOSS","M","?","M","M","M","E","R","E","T","R","E","M","?","M","R","BOSS"],"build_version":"2019-01-23","purchased_purges":1,"victory":true,"max_hp_per_floor":[70,70,70,70,70,70,70,70,70,70,70,70,70,70,70,70,70,70,70,70,70,70,70,70,70,70,70,70,70,70,70,70,70,70,70,70,70,70,70,70,70,70,70,70,77,77,77,77,77,77],"card_choices":[{"not_picked":["Blade Dance","Endless Agony"],"picked":"Dagger Throw","floor":1.0},{"not_picked":["Poisoned Stab","Expertise"],"picked":"Dagger Spray","floor":3.0},{"not_picked":["Outmaneuver","Predator"],"picked":"Slice","floor":5.0},{"not_picked":["Acrobatics","Dagger Spray"],"picked":"Cloak And Dagger","floor":6.0},{"not_picked":["Dagger Throw","Bane"],"picked":"Leg Sweep","floor":8.0},{"not_picked":["Slice","Flying Knee"],"picked":"Blade Dance","floor":10.0},{"not_picked":["Outmaneuver","Slice"],"picked":"Terror","floor":11.0},{"not_picked":["Outmaneuver","Choke"],"picked":"Cloak And Dagger","floor":14.0},{"not_picked":["Phantasmal Killer","Wraith Form v2"],"picked":"Envenom","floor":16.0},{"not_picked":["Slice","Flying Knee"],"picked":"Backstab","floor":17.0},{"not_picked":["Flying Knee","Acrobatics"],"picked":"Dodge and Roll","floor":17.0},{"not_picked":["Underhanded Strike","Concentrate"],"picked":"Quick Slash","floor":17.0},{"not_picked":["Heel Hook+1","PiercingWail"],"picked":"Acrobatics","floor":18.0},{"not_picked":["Acrobatics","Poisoned Stab","Bane"],"picked":"SKIP","floor":21.0},{"not_picked":["Underhanded Strike","Acrobatics"],"picked":"Venomology","floor":22.0},{"not_picked":["Crippling Poison","Flechettes+1"],"picked":"Deflect","floor":24.0},{"not_picked":["Cloak And Dagger","Skewer"],"picked":"Escape Plan","floor":27.0},{"not_picked":["Terror","Backflip"],"picked":"Dash","floor":29.0},{"not_picked":["Poisoned Stab","Concentrate"],"picked":"Footwork","floor":31.0},{"not_picked":["Masterful Stab","Dagger Spray+1"],"picked":"Quick Slash+1","floor":35.0},{"not_picked":["Masterful Stab+1","Terror+1"],"picked":"Backflip","floor":37.0},{"not_picked":["Acrobatics","Backflip+1"],"picked":"Finisher","floor":38.0},{"not_picked":["Blade Dance+1","Dagger Throw"],"picked":"Slice+1","floor":39.0},{"not_picked":["Deflect","Glass Knife"],"picked":"Accuracy","floor":40.0},{"not_picked":["Dagger Spray+1","Leg Sweep"],"picked":"Sucker Punch+1","floor":42.0},{"not_picked":["Backflip+1","Concentrate"],"picked":"Blur","floor":45.0},{"not_picked":["Prepared","Cloak And Dagger+1"],"picked":"Dash+1","floor":46.0},{"not_picked":["Backflip+1","Tactician+1"],"picked":"Blur+1","floor":47.0},{"not_picked":["Poisoned Stab+1","Dagger Throw+1"],"picked":"Infinite Blades+1","floor":48.0}],"player_experience":456066,"relics_obtained":[{"floor":6.0,"key":"Regal Pillow"},{"floor":8.0,"key":"War Paint"},{"floor":9.0,"key":"Vajra"},{"floor":24.0,"key":"Bottled Flame"},{"floor":26.0,"key":"Snake Skull"},{"floor":31.0,"key":"Red Mask"},{"floor":40.0,"key":"Ancient Tea Set"},{"floor":40.0,"key":"Oddly Smooth Stone"},{"floor":42.0,"key":"Happy Flower"},{"floor":42.0,"key":"Potion Belt"},{"floor":43.0,"key":"Whetstone"},{"floor":45.0,"key":"Strawberry"},{"floor":45.0,"key":"Dodecahedron"}],"event_choices":[{"damage_healed":0.0,"max_hp_gain":0.0,"max_hp_loss":0.0,"gold_gain":0.0,"event_name":"Big Fish","player_choice":"Box","floor":2.0,"gold_loss":0.0,"damage_taken":0.0,"relics_obtained":["Kunai"],"cards_obtained":["Regret"]},{"damage_healed":0.0,"max_hp_gain":0.0,"max_hp_loss":0.0,"gold_gain":0.0,"event_name":"The Woman in Blue","player_choice":"Bought 2 Potions","floor":4.0,"gold_loss":0.0,"damage_taken":0.0},{"damage_healed":0.0,"max_hp_gain":0.0,"max_hp_loss":0.0,"gold_gain":0.0,"event_name":"Drug Dealer","player_choice":"Inject Mutagens","floor":20.0,"gold_loss":0.0,"damage_taken":0.0,"relics_obtained":["MutagenicStrength"]},{"damage_healed":0.0,"max_hp_gain":0.0,"max_hp_loss":0.0,"gold_gain":0.0,"event_name":"Back to Basics","player_choice":"Simplicity","floor":25.0,"gold_loss":0.0,"damage_taken":0.0,"cards_upgraded":["Defend_G","Defend_G","Defend_G","Defend_G","Strike_G","Strike_G","Strike_G","Strike_G","Strike_G"]},{"damage_healed":0.0,"max_hp_gain":0.0,"max_hp_loss":0.0,"gold_gain":0.0,"event_name":"Vampires","player_choice":"Ignored","floor":28.0,"gold_loss":0.0,"damage_taken":0.0},{"damage_healed":0.0,"max_hp_gain":0.0,"max_hp_loss":0.0,"gold_gain":0.0,"event_name":"Masked Bandits","player_choice":"Fought Bandits","floor":31.0,"gold_loss":0.0,"damage_taken":0.0},{"damage_healed":0.0,"max_hp_gain":0.0,"max_hp_loss":0.0,"gold_gain":0.0,"event_name":"Designer","player_choice":"Upgraded Two","floor":36.0,"gold_loss":40.0,"damage_taken":0.0,"cards_upgraded":["Blade Dance","Quick Slash"]}],"is_beta":false,"boss_relics":[{"not_picked":["Runic Pyramid","Runic Dome"],"picked":"Orrery"},{"not_picked":["White Beast Statue","Lizard Tail"],"picked":"Black Star"}],"items_purged_floors":[12],"is_endless":false,"potions_floor_spawned":[3,6,8,14,16,27,29,38,39,46,47,48],"ascension_level":7}