{"gold_per_floor":[113,123,138,152,152,152,168,198,253,253,253,265,282,294,294,294],"floor_reached":16,"playtime":672,"items_purged":[],"score":212,"play_id":"ced6ff7d-0b88-49c7-be5a-9ada4766c2df","local_time":"20181222002207","is_ascension_mode":true,"campfire_choices":[{"data":"Zap","floor":6.0,"key":"SMITH"},{"floor":10.0,"key":"REST"},{"data":"Madness","floor":15,"key":"SMITH"}],"neow_cost":"TEN_PERCENT_HP_LOSS","seed_source_timestamp":23424562293387,"circlet_count":0,"master_deck":["AscendersBane","Strike_B","Strike_B","Strike_B","Strike_B","Defend_B","Defend_B","Defend_B","Defend_B","Zap+1","Dualcast","Secret Technique","Madness+1","Ball Lightning","Genetic Algorithm","Darkness","BootSequence","Consume","Loop","Undo","Parasite","Scrape","Steam","Redo"],"special_seed":0,"relics":["Cracked Core","Darkstone Periapt","Dream Catcher"],"potions_floor_usage":[13,16],"damage_taken":[{"damage":1.0,"enemies":"Cultist","floor":1.0,"turns":3.0},{"damage":4.0,"enemies":"2 Louse","floor":2.0,"turns":4.0},{"damage":11.0,"enemies":"Jaw Worm","floor":3.0,"turns":4.0},{"damage":10.0,"enemies":"Red Slaver","floor":4.0,"turns":4.0},{"damage":8.0,"enemies":"Blue Slaver","floor":7.0,"turns":3.0},{"damage":32.0,"enemies":"Gremlin Nob","floor":8.0,"turns":4.0},{"damage":7.0,"enemies":"2 Fungi Beasts","floor":12.0,"turns":3.0},{"damage":6,"enemies":"Exordium Wildlife","floor":13,"turns":5},{"damage":3,"enemies":"Red Slaver","floor":14,"turns":3},{"damage":38,"enemies":"Slime Boss","floor":16,"turns":7}],"seed_played":"-4687363486938049238","potions_obtained":[{"floor":2.0,"key":"Ancient Potion"},{"floor":3.0,"key":"Poison Potion"},{"floor":8.0,"key":"SkillPotion"},{"floor":12.0,"key":"Weak Potion"},{"floor":13,"key":"Ancient Potion"}],"is_trial":false,"path_per_floor":["M","M","M","M","?","R","M","E","T","R","?","M","M","M","R","B"],"character_chosen":"DEFECT","items_purchased":[],"campfire_rested":1,"item_purchase_floors":[],"current_hp_per_floor":[63,59,48,38,43,43,35,3,3,23,46,39,33,30,30,0],"gold":294,"neow_bonus":"RANDOM_COLORLESS_2","is_prod":false,"is_daily":false,"chose_seed":false,"campfire_upgraded":2,"win_rate":0,"timestamp":1545434527,"path_taken":["M","?","M","M","?","R","M","E","T","R","?","M","M","M","R","BOSS"],"build_version":"2018-12-20","purchased_purges":0,"victory":false,"max_hp_per_floor":[64,64,64,64,69,69,69,69,69,69,75,75,75,75,75,75],"card_choices":[{"not_picked":["Sweeping Beam","Undo"],"picked":"Ball Lightning","floor":1.0},{"not_picked":["Fusion","Scrape"],"picked":"Genetic Algorithm","floor":2.0},{"not_picked":["Static Discharge","Steam Power"],"picked":"Darkness","floor":3.0},{"not_picked":["Steam","Sweeping Beam"],"picked":"BootSequence","floor":4.0},{"not_picked":["Loop","Rip and Tear"],"picked":"Consume","floor":7.0},{"not_picked":["Static Discharge","Doom and Gloom"],"picked":"Loop","floor":8.0},{"not_picked":["Chill","Leap"],"picked":"Undo","floor":10.0},{"not_picked":["Reinforced Body","Rebound"],"picked":"Scrape","floor":12.0},{"not_picked":["Chaos","Beam Cell"],"picked":"Steam","floor":13},{"not_picked":["Fission","Coolheaded"],"picked":"Redo","floor":14}],"player_experience":852635,"relics_obtained":[{"floor":8.0,"key":"Darkstone Periapt"},{"floor":9.0,"key":"Dream Catcher"}],"event_choices":[{"damage_healed":0.0,"max_hp_gain":5.0,"max_hp_loss":0.0,"gold_gain":0.0,"event_name":"Big Fish","player_choice":"Donut","floor":5.0,"gold_loss":0.0,"damage_taken":0.0},{"damage_healed":17.0,"max_hp_gain":0.0,"max_hp_loss":0.0,"gold_gain":0.0,"event_name":"Mushrooms","player_choice":"Healed and dodged fight","floor":11.0,"gold_loss":0.0,"damage_taken":0.0,"cards_obtained":["Parasite"]}],"is_beta":true,"boss_relics":[],"items_purged_floors":[],"is_endless":false,"potions_floor_spawned":[2,3,8,12,13,14],"killed_by":"Slime Boss","ascension_level":20}