{"gold_per_floor":[119,131,57,67,87,87,87,116,167,167,167,167,197,211,211,312,312,323,336,336,354,366,366,386,42,88,106,26,26,116,130,130,228,228,247,38,56,74,0,0,17,17,65,65,96,27,27,27,27,27,27,27,27,53,53],"floor_reached":55,"playtime":2744,"items_purged":["Regret"],"score":697,"play_id":"92dcedfb-9ccc-497d-8e19-cf09dfdd46fb","local_time":"20190224031044","is_ascension_mode":false,"campfire_choices":[{"data":"Uppercut","floor":6,"key":"SMITH"},{"floor":10,"key":"REST"},{"floor":12,"key":"REST"},{"data":"Bash","floor":15,"key":"SMITH"},{"floor":23,"key":"REST"},{"floor":29,"key":"REST"},{"floor":32,"key":"REST"},{"floor":40,"key":"REST"},{"floor":42,"key":"REST"},{"floor":47,"key":"REST"},{"floor":49,"key":"RECALL"},{"floor":52,"key":"REST"}],"neow_cost":"NONE","seed_source_timestamp":876309198588350,"circlet_count":0,"master_deck":["Strike_R","Strike_R","Strike_R","Strike_R","Strike_R","Defend_R","Defend_R","Defend_R","Defend_R","Bash+1","Spot Weakness","Pommel Strike+1","Uppercut+1","Metallicize+1","Impervious","Shrug It Off","Feel No Pain+1","Power Through","Apotheosis","Offering","Battle Trance","Whirlwind","Ghostly Armor","Doubt","Power Through","Metallicize+1"],"relics":["Burning Blood","NeowsBlessing","Singing Bowl","Ancient Tea Set","PreservedInsect","Potion Belt","Fusion Hammer","White Beast Statue","Medical Kit","Oddly Smooth Stone","Pear","Bag of Marbles","Bottled Lightning"],"potions_floor_usage":[5,14,16,21,24,31,33,37,37,38,41,45,50],"damage_taken":[{"damage":0,"enemies":"Jaw Worm","floor":1,"turns":1},{"damage":0,"enemies":"2 Louse","floor":2,"turns":1},{"damage":0,"enemies":"Small Slimes","floor":4,"turns":1},{"damage":7,"enemies":"Looter","floor":5,"turns":2},{"damage":46,"enemies":"3 Sentries","floor":8,"turns":10},{"damage":8,"enemies":"Lots of Slimes","floor":14,"turns":5},{"damage":33,"enemies":"Slime Boss","floor":16,"turns":11},{"damage":15,"enemies":"Spheric Guardian","floor":18,"turns":5},{"damage":9,"enemies":"3 Byrds","floor":19,"turns":7},{"damage":22,"enemies":"Sentry and Sphere","floor":21,"turns":6},{"damage":30,"enemies":"Chosen and Byrds","floor":22,"turns":6},{"damage":6,"enemies":"Snecko","floor":24,"turns":4},{"damage":6,"enemies":"Snake Plant","floor":27,"turns":3},{"damage":14,"enemies":"Shelled Parasite and Fungi","floor":31,"turns":4},{"damage":76,"enemies":"Collector","floor":33,"turns":16},{"damage":17,"enemies":"Orb Walker","floor":35,"turns":4},{"damage":42,"enemies":"3 Darklings","floor":37,"turns":4},{"damage":46,"enemies":"Maw","floor":38,"turns":9},{"damage":15,"enemies":"Spire Growth","floor":41,"turns":7},{"damage":32,"enemies":"Giant Head","floor":45,"turns":9},{"damage":105,"enemies":"Donu and Deca","floor":50,"turns":14},{"damage":109,"enemies":"Shield and Spear","floor":54,"turns":10},{"damage":18,"enemies":"The Heart","floor":55,"turns":2}],"seed_played":"1705454529300056796","potions_obtained":[{"floor":2,"key":"Weak Potion"},{"floor":8,"key":"SkillPotion"},{"floor":14,"key":"Explosive Potion"},{"floor":19,"key":"SkillPotion"},{"floor":22,"key":"Swift Potion"},{"floor":31,"key":"AttackPotion"},{"floor":33,"key":"Dexterity Potion"},{"floor":35,"key":"BloodPotion"},{"floor":37,"key":"FearPotion"},{"floor":38,"key":"SpeedPotion"},{"floor":41,"key":"Explosive Potion"},{"floor":45,"key":"Swift Potion"},{"floor":54,"key":"Strength Potion"}],"is_trial":false,"path_per_floor":["M","M","$","M","M","R","?","E","T","R","?","R","?","M","R","B",null,"M","M","?","M","M","R","M","$","T","M","$","R","?","M","R","B",null,"M","$","M","M","$","R","M","R","T","?","E","$","R","T","R","B",null,"R","$","E","B"],"character_chosen":"IRONCLAD","items_purchased":["Uppercut","Apotheosis","Offering","Battle Trance","Medical Kit","Ghostly Armor","Power Through"],"campfire_rested":9,"item_purchase_floors":[3,25,25,28,36,39,46],"current_hp_per_floor":[80,80,80,80,79,79,79,41,41,65,49,73,73,73,73,46,84,77,74,74,60,36,62,62,62,62,64,64,90,63,57,84,16,94,83,83,58,20,20,49,42,72,72,100,86,86,112,112,112,13,112,112,112,9,0],"gold":53,"neow_bonus":"THREE_ENEMY_KILL","is_prod":false,"is_daily":false,"chose_seed":false,"campfire_upgraded":2,"win_rate":0,"timestamp":1550990444,"path_taken":["M","M","$","M","M","R","?","E","T","R","?","R","?","M","R","BOSS","M","M","?","M","M","R","M","$","T","M","$","R","?","M","R","BOSS","M","$","M","?","?","R","M","R","T","?","E","$","R","?","R","BOSS","R","$","E","BOSS"],"build_version":"2019-02-06","purchased_purges":1,"victory":false,"max_hp_per_floor":[80,80,80,80,80,80,80,82,82,82,82,82,82,84,84,84,84,86,86,86,88,88,88,88,88,88,90,90,90,90,92,92,94,94,94,94,96,98,98,98,100,100,100,100,112,112,112,112,112,112,112,112,112,112,112],"card_choices":[{"not_picked":["Havoc","Shockwave"],"picked":"Spot Weakness","floor":1},{"not_picked":["Power Through","Armaments"],"picked":"Pommel Strike","floor":2},{"not_picked":["Corruption","Headbutt","Iron Wave"],"picked":"SKIP","floor":4},{"not_picked":["Exhume","Second Wind"],"picked":"Metallicize","floor":5},{"not_picked":["Headbutt","Pommel Strike","Fire Breathing"],"picked":"Singing Bowl","floor":8},{"not_picked":["Iron Wave","Dropkick","Headbutt"],"picked":"Singing Bowl","floor":14},{"not_picked":["Juggernaut","Double Tap"],"picked":"Impervious","floor":16},{"not_picked":["Iron Wave","Corruption","Cleave"],"picked":"Singing Bowl","floor":18},{"not_picked":["Intimidate","Havoc"],"picked":"Shrug It Off","floor":19},{"not_picked":["Anger+1","Carnage+1","Clothesline"],"picked":"Singing Bowl","floor":21},{"not_picked":["Rampage","Flex"],"picked":"Feel No Pain+1","floor":22},{"not_picked":["Anger","Havoc+1"],"picked":"Power Through","floor":24},{"not_picked":["Cleave","Perfected Strike+1","Thunderclap"],"picked":"Singing Bowl","floor":27},{"not_picked":["Body Slam","Battle Trance","Inflame"],"picked":"Singing Bowl","floor":31},{"not_picked":["Feed","Dark Embrace","Barricade"],"picked":"Singing Bowl","floor":33},{"not_picked":["Heavy Blade","Sword Boomerang"],"picked":"Whirlwind","floor":35},{"not_picked":["Shrug It Off+1","Second Wind","Sword Boomerang+1"],"picked":"Singing Bowl","floor":37},{"not_picked":["Twin Strike+1","Iron Wave+1","Wild Strike+1"],"picked":"Singing Bowl","floor":38},{"not_picked":["Bloodletting+1","Heavy Blade+1","Clothesline+1"],"picked":"Singing Bowl","floor":41},{"not_picked":["Havoc","Pommel Strike+1","Iron Wave+1"],"picked":"Singing Bowl","floor":45},{"not_picked":["True Grit+1","Warcry"],"picked":"Metallicize+1","floor":54}],"player_experience":650807,"relics_obtained":[{"floor":8,"key":"Ancient Tea Set"},{"floor":9,"key":"PreservedInsect"},{"floor":43,"key":"Oddly Smooth Stone"},{"floor":45,"key":"Pear"},{"floor":48,"key":"Bag of Marbles"},{"floor":54,"key":"Bottled Lightning"}],"event_choices":[{"damage_healed":0,"gold_gain":0,"player_choice":"Box","damage_taken":0,"relics_obtained":["Singing Bowl"],"max_hp_gain":0,"max_hp_loss":0,"event_name":"Big Fish","floor":7,"gold_loss":0,"cards_obtained":["Regret"]},{"damage_healed":0,"gold_gain":0,"player_choice":"Entered Light","damage_taken":16,"max_hp_gain":0,"max_hp_loss":0,"event_name":"Shining Light","floor":11,"gold_loss":0,"cards_upgraded":["Metallicize","Pommel Strike"]},{"damage_healed":0,"gold_gain":30,"player_choice":"Searched \u00273\u0027 times","damage_taken":0,"relics_obtained":["Potion Belt"],"max_hp_gain":0,"max_hp_loss":0,"event_name":"Dead Adventurer","floor":13,"gold_loss":0},{"damage_healed":0,"gold_gain":0,"player_choice":"Ignored","damage_taken":0,"max_hp_gain":0,"max_hp_loss":0,"event_name":"Vampires","floor":20,"gold_loss":0},{"damage_healed":0,"gold_gain":90,"player_choice":"POTION GOLD ","damage_taken":27,"max_hp_gain":0,"max_hp_loss":0,"event_name":"Knowing Skull","floor":30,"potions_obtained":["LiquidBronze"],"gold_loss":0,"cards_obtained":[]},{"damage_healed":28,"gold_gain":0,"player_choice":"Heal","damage_taken":0,"max_hp_gain":0,"max_hp_loss":0,"event_name":"MindBloom","floor":44,"gold_loss":0,"cards_obtained":["Doubt"]}],"is_beta":true,"boss_relics":[{"not_picked":["Empty Cage","Black Blood"],"picked":"Fusion Hammer"},{"not_picked":["Tiny House","Mark of Pain"],"picked":"White Beast Statue"}],"items_purged_floors":[25],"is_endless":false,"potions_floor_spawned":[2,8,14,19,22,31,33,35,37,38,41,45,54],"killed_by":"The Heart","ascension_level":0}