{"gold_per_floor":[212,212,212,231,249,249,101,101,101,126,40,54,70,88,88,88],"floor_reached":16,"playtime":565,"items_purged":[],"score":143,"play_id":"19e59e92-d27e-4be5-b879-80347052915c","local_time":"20190223002442","is_ascension_mode":true,"campfire_choices":[{"data":"Neutralize","floor":6,"key":"SMITH"},{"data":"Backstab","floor":8,"key":"SMITH"},{"data":"Finisher","floor":15,"key":"SMITH"}],"neow_cost":"NONE","seed_source_timestamp":87098870862378,"circlet_count":0,"master_deck":["Defend_G","Defend_G","Defend_G","Defend_G","Defend_G","Strike_G+1","Strike_G","Strike_G","Strike_G","Strike_G","Survivor","Neutralize+1","Quick Slash+1","Backstab+1","Finisher+1","Swift Strike","Crippling Poison","Flying Knee","Dagger Spray"],"relics":["Ring of the Snake","Oddly Smooth Stone","Girya","Dodecahedron"],"potions_floor_usage":[16],"damage_taken":[{"damage":2,"enemies":"2 Louse","floor":1,"turns":3},{"damage":9,"enemies":"Small Slimes","floor":4,"turns":4},{"damage":0,"enemies":"Jaw Worm","floor":5,"turns":2},{"damage":17,"enemies":"Gremlin Nob","floor":10,"turns":4},{"damage":0,"enemies":"Gremlin Gang","floor":12,"turns":3},{"damage":0,"enemies":"2 Fungi Beasts","floor":13,"turns":3},{"damage":0,"enemies":"Blue Slaver","floor":14,"turns":3},{"damage":58,"enemies":"The Guardian","floor":16,"turns":8}],"seed_played":"7603425168844848710","potions_obtained":[{"floor":5,"key":"FairyPotion"},{"floor":10,"key":"Explosive Potion"},{"floor":13,"key":"SkillPotion"}],"is_trial":false,"path_per_floor":["M","?","?","M","M","R","$","R","T","E","$","M","M","M","R","B"],"character_chosen":"THE_SILENT","items_purchased":["Oddly Smooth Stone","Swift Strike"],"campfire_rested":0,"item_purchase_floors":[7,11],"current_hp_per_floor":[61,47,70,61,61,61,61,61,61,44,44,44,44,44,44,0],"gold":88,"neow_bonus":"HUNDRED_GOLD","is_prod":false,"is_daily":false,"chose_seed":false,"campfire_upgraded":3,"win_rate":0,"timestamp":1550899482,"path_taken":["M","?","?","M","M","R","$","R","T","E","?","?","M","M","R","BOSS"],"build_version":"2019-01-23","purchased_purges":0,"victory":false,"max_hp_per_floor":[70,70,70,70,70,70,70,70,70,70,70,70,70,70,70,70],"card_choices":[{"not_picked":["Deflect","Underhanded Strike"],"picked":"Quick Slash","floor":1},{"not_picked":["Backflip","Bane"],"picked":"Backstab","floor":4},{"not_picked":["Setup","Dodge and Roll","Backflip"],"picked":"SKIP","floor":5},{"not_picked":["Eviscerate","Prepared"],"picked":"Finisher","floor":10},{"not_picked":["Night Terror","PiercingWail"],"picked":"Crippling Poison","floor":12},{"not_picked":["Reflex","Deflect"],"picked":"Flying Knee","floor":13},{"not_picked":["Sucker Punch","Accuracy"],"picked":"Dagger Spray","floor":14}],"player_experience":330870,"relics_obtained":[{"floor":9,"key":"Girya"},{"floor":10,"key":"Dodecahedron"}],"event_choices":[{"damage_healed":0,"gold_gain":0,"player_choice":"Entered Light","damage_taken":14,"max_hp_gain":0,"max_hp_loss":0,"event_name":"Shining Light","floor":2,"gold_loss":0,"cards_upgraded":["Quick Slash","Strike_G"]},{"damage_healed":23,"gold_gain":0,"player_choice":"Banana","damage_taken":0,"max_hp_gain":0,"max_hp_loss":0,"event_name":"Big Fish","floor":3,"gold_loss":0}],"is_beta":false,"boss_relics":[],"items_purged_floors":[],"is_endless":false,"potions_floor_spawned":[5,10,13,14],"killed_by":"The Guardian","ascension_level":8}