{"gold_per_floor":[147,147,147,189,18,111,111,198,225,315,345,345,345],"floor_reached":13,"playtime":298,"items_purged":[],"score":326,"play_id":"434fc619-eb76-41aa-92d2-751142b4ca70","local_time":"20180710153418","daily_mods":["Draft","Diverse","Brewmaster","Heirloom","Insanity","Specialized","Allstar","Cursed Run","Midas","Time Dilation","Elite Swarm","Uncertain Future","Lethality","Binary","Night Terrors","Terminal","Vintage","Hoarder"],"is_ascension_mode":false,"campfire_choices":[{"floor":7,"key":"REST"},{"floor":12,"key":"REST"}],"neow_cost":"","seed_source_timestamp":265663989708922,"circlet_count":0,"master_deck":["Offering","Perfected Strike","Juggernaut","Ghostly Armor","Intimidate","Rupture","Sever Soul","Perfected Strike","Rage","Heavy Blade","Perfected Strike","Shrug It Off","Dual Wield","Twin Strike","Blood for Blood","Exhume","Ghostly Armor","Carnage","Perfected Strike","Defend_R","Pummel","Clash","Carnage","Inflame","Dark Embrace","Entrench","Intimidate","Flex+1","Shrug It Off","Headbutt","Anger","Cleave","Anger","Body Slam","Seeing Red","Feel No Pain","Infernal Blade","Uppercut","Double Tap","Cleave","Impervious","Sever Soul","Demon Form","Warcry","Cleave","Sever Soul","Power Through","Bludgeon","Whirlwind","Searing Blow","Demon Form","Wraith Form v2","Echo Form","Calculated Gamble","Calculated Gamble","Calculated Gamble","Go for the Eyes","Go for the Eyes","Go for the Eyes","Acrobatics","Acrobatics","Acrobatics","Cloak And Dagger","Cloak And Dagger","Cloak And Dagger","Hologram","Hologram","Hologram","Hemokinesis","Hemokinesis","Hemokinesis","Cloak And Dagger","Cloak And Dagger","Cloak And Dagger","Blur","Blur","Blur","Battle Trance","Battle Trance+1","Battle Trance","Flechettes","Flechettes","Flechettes","Crippling Poison","Crippling Poison","Crippling Poison","Bane","Bane","Bane","Flex","Flex","Flex","Deflect","Deflect","Deflect","Ball Lightning","Ball Lightning","Ball Lightning","Defragment","Defragment","Defragment","Dagger Spray","Dagger Spray","Dagger Spray","Dual Wield","Dual Wield","Dual Wield"],"special_seed":17722,"relics":["Snecko Eye","Unceasing Top","Busted Crown","Peace Pipe","White Beast Statue","Oddly Smooth Stone","War Paint","Juzu Bracelet","Dead Branch","Vajra","Centennial Puzzle","Meat on the Bone"],"potions_floor_usage":[8,10,11],"damage_taken":[{"damage":0,"enemies":"2 Louse","floor":1,"turns":1},{"damage":0,"enemies":"Jaw Worm","floor":4,"turns":2},{"damage":0,"enemies":"Lagavulin","floor":6,"turns":2},{"damage":0,"enemies":"3 Sentries","floor":8,"turns":4},{"damage":0,"enemies":"Gremlin Nob","floor":10,"turns":1},{"damage":0,"enemies":"Small Slimes","floor":11,"turns":1},{"damage":3,"enemies":"2 Fungi Beasts","floor":13,"turns":1}],"seed_played":"-5074757035252353694","potions_obtained":[{"floor":1,"key":"Regen Potion"},{"floor":4,"key":"Explosive Potion"},{"floor":6,"key":"FearPotion"},{"floor":8,"key":"BloodPotion"},{"floor":10,"key":"Swift Potion"},{"floor":11,"key":"Strength Potion"}],"is_trial":true,"path_per_floor":["M","?","?","M","$","E","R","E","T","E","M","R"],"character_chosen":"IRONCLAD","items_purchased":["Defragment","Dagger Spray","Dual Wield"],"campfire_rested":2,"item_purchase_floors":[5,5,5],"current_hp_per_floor":[1,1,5,4,3,2,1,1,1,1,1,1,0],"gold":345,"neow_bonus":"","is_prod":false,"is_daily":false,"chose_seed":false,"campfire_upgraded":0,"win_rate":0,"timestamp":1531251258,"path_taken":["M","?","?","M","$","E","R","E","T","E","M","R","M"],"build_version":"2018-07-05","purchased_purges":0,"victory":false,"max_hp_per_floor":[1,1,5,4,3,2,1,1,1,1,1,1,1],"card_choices":[{"not_picked":["Turbo","Fire Breathing"],"picked":"Calculated Gamble","floor":0},{"not_picked":["Deflect","Headbutt"],"picked":"Go for the Eyes","floor":0},{"not_picked":["Barrage","Scrape"],"picked":"Acrobatics","floor":0},{"not_picked":["Spot Weakness","Defragment"],"picked":"Cloak And Dagger","floor":0},{"not_picked":["Iron Wave","Twin Strike"],"picked":"Hologram","floor":0},{"not_picked":["Feel No Pain","Wild Strike"],"picked":"Hemokinesis","floor":0},{"not_picked":["Bouncing Flask","Streamline"],"picked":"Cloak And Dagger","floor":0},{"not_picked":["Twin Strike","Blade Dance"],"picked":"Blur","floor":0},{"not_picked":["Clash","Capacitor"],"picked":"Battle Trance","floor":0},{"not_picked":["Well Laid Plans","Flying Knee"],"picked":"Flechettes","floor":0},{"not_picked":["Backflip","Glacier"],"picked":"Crippling Poison","floor":0},{"not_picked":["Cold Snap","Chill"],"picked":"Bane","floor":0},{"not_picked":["Underhanded Strike","Slice"],"picked":"Flex","floor":0},{"not_picked":["Flying Knee","Endless Agony"],"picked":"Deflect","floor":0},{"not_picked":["Poisoned Stab","Coolheaded"],"picked":"Ball Lightning","floor":0}],"player_experience":260321,"relics_obtained":[{"floor":1,"key":"Oddly Smooth Stone"},{"floor":4,"key":"War Paint"},{"floor":6,"key":"Juzu Bracelet"},{"floor":8,"key":"Dead Branch"},{"floor":9,"key":"Vajra"},{"floor":10,"key":"Centennial Puzzle"},{"floor":11,"key":"Meat on the Bone"}],"event_choices":[{"event_name":"Golden Wing","player_choice":"Ignored","floor":2,"damage_taken":0},{"event_name":"Big Fish","player_choice":"Donut","floor":3,"damage_taken":0}],"boss_relics":[],"items_purged_floors":[],"is_endless":false,"potions_floor_spawned":[1,4,6,8,10,11],"killed_by":"2 Fungi Beasts","ascension_level":0}