{"gold_per_floor":[114,31,181,197,247,273,283,283,283,302,302,315,327,47,47,118,118,135,135,135,155,155,155,165,165,165,182,182],"floor_reached":28,"playtime":905,"items_purged":["Doubt"],"score":515,"play_id":"e612226c-9e5f-42f8-9b51-0244af35e94d","local_time":"20190223170020","is_ascension_mode":true,"campfire_choices":[{"data":"Heavy Blade","floor":8,"key":"SMITH"},{"floor":15,"key":"REST"},{"floor":23,"key":"REST"},{"floor":25,"key":"REST"}],"neow_cost":"NONE","seed_source_timestamp":15626732699759946,"circlet_count":0,"master_deck":["AscendersBane","Defend_R","Defend_R","Defend_R","Defend_R","Bash","Battle Trance","Inflame","Pommel Strike","Heavy Blade+1","Havoc+1","Seeing Red+1","Metallicize","Inflame","Demon Form","Havoc+1","RitualDagger","Bite","Bite","Bite","Bite","Bite","Ghostly Armor+1","Shame","True Grit+1"],"relics":["Burning Blood","NeowsBlessing","Bottled Tornado","Toxic Egg 2","Darkstone Periapt","Potion Belt","Cursed Key","Dead Branch"],"potions_floor_usage":[16,24,27],"damage_taken":[{"damage":0,"enemies":"Small Slimes","floor":1,"turns":1},{"damage":0,"enemies":"Jaw Worm","floor":4,"turns":1},{"damage":0,"enemies":"Gremlin Nob","floor":6,"turns":1},{"damage":1,"enemies":"Cultist","floor":7,"turns":3},{"damage":20,"enemies":"3 Louse","floor":10,"turns":3},{"damage":12,"enemies":"Looter","floor":12,"turns":3},{"damage":12,"enemies":"Large Slime","floor":13,"turns":5},{"damage":53,"enemies":"The Guardian","floor":16,"turns":13},{"damage":22,"enemies":"Chosen","floor":18,"turns":5},{"damage":33,"enemies":"Shell Parasite","floor":21,"turns":4},{"damage":42,"enemies":"Snake Plant","floor":24,"turns":4},{"damage":0,"enemies":"Centurion and Healer","floor":27,"turns":4},{"damage":55,"enemies":"Gremlin Leader","floor":28,"turns":3}],"seed_played":"6639387631924649328","potions_obtained":[{"floor":1,"key":"GamblersBrew"},{"floor":10,"key":"Block Potion"},{"floor":16,"key":"SteroidPotion"},{"floor":18,"key":"Poison Potion"}],"is_trial":false,"path_per_floor":["M","$","?","M","?","E","M","R","T","M","?","M","M","$","R","B",null,"M","?","?","M","$","R","M","R","T","M","E"],"character_chosen":"IRONCLAD","items_purchased":["Inflame","Potion Belt","Inflame"],"campfire_rested":3,"item_purchase_floors":[2,14,14],"current_hp_per_floor":[74,74,74,75,68,74,75,75,75,61,56,50,44,44,66,19,61,45,39,39,22,22,37,11,26,32,46,0],"gold":182,"neow_bonus":"THREE_ENEMY_KILL","is_prod":false,"is_daily":false,"chose_seed":false,"campfire_upgraded":1,"win_rate":0,"timestamp":1550937620,"path_taken":["M","$","?","M","?","E","M","R","T","?","?","M","M","$","R","BOSS","M","?","?","?","?","R","?","R","T","M","E"],"build_version":"2019-01-23","purchased_purges":1,"victory":false,"max_hp_per_floor":[75,75,75,75,75,75,75,75,75,75,75,75,75,75,75,75,75,75,75,52,52,52,52,52,52,58,58,58],"card_choices":[{"not_picked":["Headbutt","Clash"],"picked":"Battle Trance","floor":1},{"not_picked":["Perfected Strike","Clothesline"],"picked":"Pommel Strike","floor":4},{"not_picked":["Carnage","Rupture"],"picked":"Heavy Blade","floor":6},{"not_picked":["Armaments","Sever Soul","Twin Strike"],"picked":"SKIP","floor":7},{"not_picked":["Sword Boomerang","Heavy Blade"],"picked":"Havoc+1","floor":10},{"not_picked":["Flex+1","Anger"],"picked":"Seeing Red+1","floor":12},{"not_picked":["Reckless Charge","Warcry+1"],"picked":"Metallicize","floor":13},{"not_picked":["Brutality","Berserk"],"picked":"Demon Form","floor":16},{"not_picked":["Battle Trance+1","Carnage"],"picked":"Havoc+1","floor":18},{"not_picked":["Heavy Blade+1","Pommel Strike","Pummel"],"picked":"SKIP","floor":21},{"not_picked":["Twin Strike","Searing Blow"],"picked":"Ghostly Armor+1","floor":24},{"not_picked":["Shrug It Off+1","Armaments+1"],"picked":"True Grit+1","floor":27}],"player_experience":437510,"relics_obtained":[{"floor":6,"key":"Bottled Tornado"},{"floor":9,"key":"Toxic Egg 2"},{"floor":26,"key":"Dead Branch"}],"event_choices":[{"damage_healed":0,"gold_gain":150,"player_choice":"AGREE","damage_taken":0,"max_hp_gain":0,"max_hp_loss":0,"event_name":"Liars Game","floor":3,"gold_loss":0,"cards_obtained":["Doubt"]},{"damage_healed":0,"gold_gain":50,"player_choice":"Touch","damage_taken":7,"max_hp_gain":0,"max_hp_loss":0,"event_name":"FaceTrader","floor":5,"gold_loss":0},{"damage_healed":0,"gold_gain":0,"player_choice":"Success","damage_taken":5,"relics_obtained":["Darkstone Periapt"],"max_hp_gain":0,"max_hp_loss":0,"event_name":"Scrap Ooze","floor":11,"gold_loss":0},{"damage_healed":0,"gold_gain":0,"player_choice":"Joined the Cult","damage_taken":6,"max_hp_gain":0,"max_hp_loss":0,"event_name":"Nest","floor":19,"gold_loss":0,"cards_obtained":["RitualDagger"]},{"damage_healed":0,"gold_gain":0,"player_choice":"Became a vampire","damage_taken":0,"max_hp_gain":0,"max_hp_loss":23,"event_name":"Vampires","floor":20,"gold_loss":0,"cards_obtained":["Bite","Bite","Bite","Bite","Bite"]}],"is_beta":false,"boss_relics":[{"not_picked":["Runic Pyramid","Black Star"],"picked":"Cursed Key"}],"items_purged_floors":[14],"is_endless":false,"potions_floor_spawned":[1,10,16,18],"killed_by":"Gremlin Leader","ascension_level":20}