{"gold_per_floor":[111,126,126,401,40,40,57,70,70,70,88,98,132,158,158,232,232,250,260,260,260],"floor_reached":21,"playtime":959,"items_purged":["Regret"],"score":362,"play_id":"3445da9e-4451-4f18-809e-81c9ffaf276f","local_time":"20181201134050","is_ascension_mode":true,"campfire_choices":[{"data":"Defragment","floor":6.0,"key":"SMITH"},{"data":"Creative AI","floor":10.0,"key":"SMITH"},{"data":"Zap","floor":15.0,"key":"SMITH"}],"neow_cost":"NONE","seed_source_timestamp":7614610935409,"circlet_count":0,"master_deck":["AscendersBane","Strike_B","Strike_B","Defend_B","Defend_B","Defend_B+1","Defend_B","Zap+1","Dualcast+1","Creative AI+1","Defragment+1","Coolheaded","FTL","Ball Lightning","FTL","Machine Learning+1","Heatsinks+1","Doom and Gloom","All For One","Chill+1","Undo"],"special_seed":0,"relics":["Cracked Core","Meat on the Bone","Frozen Egg 2","Incense Burner","Odd Mushroom","Empty Cage"],"potions_floor_usage":[],"damage_taken":[{"damage":7.0,"enemies":"Jaw Worm","floor":1.0,"turns":4.0},{"damage":9.0,"enemies":"2 Louse","floor":2.0,"turns":3.0},{"damage":0.0,"enemies":"Cultist","floor":7.0,"turns":3.0},{"damage":3.0,"enemies":"2 Fungi Beasts","floor":8.0,"turns":3.0},{"damage":3.0,"enemies":"Looter","floor":11.0,"turns":2.0},{"damage":11.0,"enemies":"Exordium Thugs","floor":12.0,"turns":4.0},{"damage":18.0,"enemies":"Gremlin Nob","floor":13.0,"turns":4.0},{"damage":20.0,"enemies":"The Mushroom Lair","floor":14.0,"turns":4.0},{"damage":28.0,"enemies":"Slime Boss","floor":16.0,"turns":6.0},{"damage":8.0,"enemies":"Chosen","floor":18.0,"turns":4.0},{"damage":23.0,"enemies":"3 Byrds","floor":19.0,"turns":5.0},{"damage":22,"enemies":"Colosseum Slavers","floor":20,"turns":5},{"damage":36,"enemies":"Snake Plant","floor":21,"turns":4}],"seed_played":"-7857116319306285273","potions_obtained":[{"floor":1.0,"key":"FocusPotion"},{"floor":2.0,"key":"Weak Potion"},{"floor":11.0,"key":"SpeedPotion"},{"floor":16.0,"key":"Fruit Juice"}],"is_trial":false,"path_per_floor":["M","M","?","?","$","R","M","M","T","R","M","M","E","?","R","B",null,"M","M","?","M"],"character_chosen":"DEFECT","items_purchased":["Meat on the Bone"],"campfire_rested":0,"item_purchase_floors":[5],"current_hp_per_floor":[57,48,27,27,27,27,39,36,36,36,45,46,40,32,32,21,62,54,43,33,0],"gold":260,"neow_bonus":"ONE_RANDOM_RARE_CARD","is_prod":false,"is_daily":false,"chose_seed":false,"campfire_upgraded":3,"win_rate":0,"timestamp":1543668050,"path_taken":["M","M","?","?","$","R","M","M","T","R","M","?","E","?","R","BOSS","M","M","?","M"],"build_version":"2018-11-15","purchased_purges":1,"victory":false,"max_hp_per_floor":[71,71,71,71,71,71,71,71,71,71,71,71,71,71,71,76,76,76,76,76,76],"card_choices":[{"not_picked":["Steam Power","Hologram"],"picked":"Defragment","floor":1.0},{"not_picked":["Hello World","Barrage"],"picked":"Coolheaded","floor":2.0},{"not_picked":["Steam","Sweeping Beam"],"picked":"FTL","floor":7.0},{"not_picked":["Go for the Eyes","Rebound"],"picked":"Ball Lightning","floor":8.0},{"not_picked":["Melter","Steam"],"picked":"FTL","floor":11.0},{"not_picked":["Hello World+1","FTL"],"picked":"Machine Learning+1","floor":12.0},{"not_picked":["Leap","Steam"],"picked":"Heatsinks+1","floor":13.0},{"not_picked":["Gash","Beam Cell"],"picked":"Doom and Gloom","floor":14.0},{"not_picked":["Fission","Rainbow"],"picked":"All For One","floor":16.0},{"not_picked":["Coolheaded","Turbo"],"picked":"Chill+1","floor":18.0},{"not_picked":["Leap","Sunder"],"picked":"Undo","floor":19.0}],"player_experience":837788,"relics_obtained":[{"floor":9.0,"key":"Frozen Egg 2"},{"floor":13.0,"key":"Incense Burner"},{"floor":14.0,"key":"Odd Mushroom"}],"event_choices":[{"damage_healed":0.0,"max_hp_gain":0.0,"max_hp_loss":0.0,"gold_gain":0.0,"event_name":"Shining Light","player_choice":"Entered Light","floor":3.0,"gold_loss":0.0,"damage_taken":21.0,"cards_upgraded":["Dualcast","Defend_B"]},{"damage_healed":0.0,"max_hp_gain":0.0,"max_hp_loss":0.0,"gold_gain":275.0,"event_name":"Golden Shrine","player_choice":"Desecrate","floor":4.0,"gold_loss":0.0,"damage_taken":0.0,"cards_obtained":["Regret"]},{"damage_healed":0.0,"max_hp_gain":0.0,"max_hp_loss":0.0,"gold_gain":0.0,"event_name":"Mushrooms","player_choice":"Fought Mushrooms","floor":14.0,"gold_loss":0.0,"damage_taken":0.0},{"damage_healed":0,"gold_gain":0,"player_choice":"Fight","damage_taken":0,"max_hp_gain":0,"max_hp_loss":0,"event_name":"Colosseum","floor":20,"gold_loss":0},{"damage_healed":0,"gold_gain":0,"player_choice":"Fled From Nobs","damage_taken":0,"max_hp_gain":0,"max_hp_loss":0,"event_name":"Colosseum","floor":20,"gold_loss":0}],"is_beta":true,"boss_relics":[{"not_picked":["Runic Pyramid","Lizard Tail"],"picked":"Empty Cage"}],"items_purged_floors":[5],"is_endless":false,"potions_floor_spawned":[1,2,11,16,20],"killed_by":"Snake Plant","ascension_level":20}