{"gold_per_floor":[113,9,9,9,38,79,91,103,115,158,170,200,212,224,236,325,337,364,376,401,413,425],"floor_reached":22,"playtime":658,"items_purged":[],"score":430,"play_id":"b28170ad-9796-4384-b822-a7bfd1855784","local_time":"20190125211113","is_ascension_mode":true,"campfire_choices":[{"data":"Armaments","floor":7.0,"key":"SMITH"},{"data":"Disarm","floor":11.0,"key":"SMITH"},{"data":"Heavy Blade","floor":15.0,"key":"SMITH"}],"neow_cost":"NONE","seed_source_timestamp":4463533733961,"circlet_count":0,"master_deck":["AscendersBane","Defend_R+1","Defend_R","Defend_R","Defend_R","Bash","Sword Boomerang","Inflame+1","Heavy Blade+1","Iron Wave","Armaments+1","Disarm+1","Headbutt+1","Limit Break","True Grit+1","Twin Strike+1","Rage","Iron Wave","Body Slam","Entrench"],"special_seed":0,"relics":["Burning Blood","NeowsBlessing","MawBank","Boot","Juzu Bracelet","Astrolabe"],"potions_floor_usage":[16,16,18,20],"damage_taken":[{"damage":0.0,"enemies":"2 Louse","floor":1.0,"turns":1.0},{"damage":0.0,"enemies":"Jaw Worm","floor":5.0,"turns":1.0},{"damage":0.0,"enemies":"Gremlin Nob","floor":6.0,"turns":1.0},{"damage":30.0,"enemies":"Lagavulin","floor":10.0,"turns":5.0},{"damage":0.0,"enemies":"Small Slimes","floor":12.0,"turns":4.0},{"damage":18,"enemies":"Slime Boss","floor":16,"turns":8},{"damage":0,"enemies":"3 Byrds","floor":18,"turns":5},{"damage":33,"enemies":"Chosen","floor":20,"turns":5},{"damage":53,"enemies":"Shelled Parasite and Fungi","floor":22,"turns":4}],"seed_played":"2179107633793819867","potions_obtained":[{"floor":1.0,"key":"Explosive Potion"},{"floor":5.0,"key":"FearPotion"},{"floor":10.0,"key":"Dexterity Potion"},{"floor":16,"key":"Fire Potion"},{"floor":18,"key":"LiquidBronze"}],"is_trial":false,"path_per_floor":["M","$","?","?","M","E","R","?","T","E","R","M","?","?","R","B",null,"M","$","M","?","M"],"character_chosen":"IRONCLAD","items_purchased":["Inflame","Heavy Blade"],"campfire_rested":0,"item_purchase_floors":[2,2],"current_hp_per_floor":[74,74,74,56,62,68,68,61,61,37,37,43,20,20,20,8,58,64,64,37,37,0],"gold":425,"neow_bonus":"THREE_ENEMY_KILL","is_prod":false,"is_daily":false,"chose_seed":false,"campfire_upgraded":3,"win_rate":0,"timestamp":1548447073,"path_taken":["M","$","?","?","M","E","R","?","T","E","R","M","?","?","R","BOSS","M","?","M","?","M"],"build_version":"2019-01-23","purchased_purges":0,"victory":false,"max_hp_per_floor":[75,75,75,75,75,75,75,75,75,75,75,75,75,75,75,75,75,75,75,75,75,75],"card_choices":[{"not_picked":["Dual Wield","Searing Blow"],"picked":"Sword Boomerang","floor":1.0},{"not_picked":["Reckless Charge","Second Wind"],"picked":"Iron Wave","floor":5.0},{"not_picked":["Anger","Infernal Blade"],"picked":"Armaments","floor":6.0},{"not_picked":["Reckless Charge","Searing Blow"],"picked":"Disarm","floor":10.0},{"not_picked":["Sentinel","Exhume"],"picked":"Headbutt","floor":12.0},{"not_picked":["Dark Embrace","Double Tap"],"picked":"Limit Break","floor":16},{"not_picked":["Flex","Thunderclap"],"picked":"Rage","floor":18},{"not_picked":["Ghostly Armor","Second Wind"],"picked":"Iron Wave","floor":20}],"player_experience":907709,"relics_obtained":[{"floor":6.0,"key":"Boot"},{"floor":10.0,"key":"Juzu Bracelet"}],"event_choices":[{"damage_healed":0.0,"max_hp_gain":0.0,"max_hp_loss":0.0,"gold_gain":0.0,"event_name":"The Cleric","player_choice":"Leave","floor":3.0,"gold_loss":0.0,"damage_taken":0.0},{"damage_healed":0.0,"max_hp_gain":0.0,"max_hp_loss":0.0,"gold_gain":0.0,"event_name":"Scrap Ooze","player_choice":"Success","floor":4.0,"gold_loss":0.0,"damage_taken":18.0,"relics_obtained":["MawBank"]},{"cards_removed":["Strike_R"],"damage_healed":0.0,"max_hp_gain":0.0,"max_hp_loss":0.0,"gold_gain":0.0,"event_name":"Golden Wing","player_choice":"Card Removal","floor":8.0,"gold_loss":0.0,"damage_taken":7.0},{"damage_healed":0.0,"max_hp_gain":0.0,"max_hp_loss":0.0,"gold_gain":0.0,"event_name":"Shining Light","player_choice":"Entered Light","floor":13.0,"gold_loss":0.0,"damage_taken":23.0,"cards_upgraded":["Headbutt","Defend_R"]},{"damage_healed":0.0,"max_hp_gain":0.0,"max_hp_loss":0.0,"gold_gain":0.0,"event_name":"Accursed Blacksmith","player_choice":"Forge","floor":14.0,"gold_loss":0.0,"damage_taken":0.0,"cards_upgraded":["Inflame"]},{"damage_healed":0,"gold_gain":0,"cards_transformed":["Perfected Strike","Strike_R"],"player_choice":"Became Test Subject","damage_taken":0,"max_hp_gain":0,"max_hp_loss":0,"event_name":"Drug Dealer","floor":21,"gold_loss":0,"cards_obtained":["Body Slam","Entrench"]}],"is_beta":true,"boss_relics":[{"not_picked":["Eternal Feather","Lizard Tail"],"picked":"Astrolabe"}],"items_purged_floors":[],"is_endless":false,"potions_floor_spawned":[1,5,10,16,18],"killed_by":"Shelled Parasite and Fungi","ascension_level":20}