{"gold_per_floor":[110,110,123,136,147,147,147,175,200,200,229,240,240,257,257,329,329,339,349,20,34,34,34,34,34,34,34],"floor_reached":27,"playtime":1149,"items_purged":["Strike_B"],"score":446,"play_id":"bf849903-c919-4a0f-a281-eda0855c8950","local_time":"20181221180655","is_ascension_mode":true,"campfire_choices":[{"data":"Reinforced Body","floor":6.0,"key":"SMITH"},{"floor":10,"key":"REST"},{"data":"Defragment","floor":13,"key":"SMITH"},{"floor":15,"key":"REST"},{"data":"Hologram","floor":23,"key":"SMITH"},{"floor":25,"key":"REST"}],"neow_cost":"NONE","seed_source_timestamp":531352359682,"circlet_count":0,"master_deck":["AscendersBane","Strike_B","Strike_B","Strike_B","Defend_B","Defend_B","Defend_B","Defend_B","Zap","Dualcast","Forethought","Static Discharge+1","Cold Snap","Core Surge","Reinforced Body+1","Hologram+1","Ball Lightning","Defragment+1","Conserve Battery","Machine Learning","Steam+1","Double Energy+1","Conserve Battery","Coolheaded","Writhe"],"special_seed":0,"relics":["Cracked Core","Pen Nib","Anchor","PreservedInsect","Sozu","Membership Card","Tiny Chest","Juzu Bracelet","Cables","Molten Egg 2"],"potions_floor_usage":[16,21],"damage_taken":[{"damage":4.0,"enemies":"Small Slimes","floor":1.0,"turns":3.0},{"damage":4.0,"enemies":"Jaw Worm","floor":3.0,"turns":4.0},{"damage":0.0,"enemies":"Cultist","floor":4.0,"turns":3.0},{"damage":15.0,"enemies":"Gremlin Gang","floor":5.0,"turns":3.0},{"damage":18,"enemies":"Lagavulin","floor":8,"turns":6},{"damage":3,"enemies":"3 Sentries","floor":11,"turns":7},{"damage":0,"enemies":"Blue Slaver","floor":12,"turns":2},{"damage":16,"enemies":"Exordium Thugs","floor":14,"turns":3},{"damage":40,"enemies":"Slime Boss","floor":16,"turns":12},{"damage":11,"enemies":"3 Byrds","floor":18,"turns":2},{"damage":17,"enemies":"Shell Parasite","floor":19,"turns":4},{"damage":3,"enemies":"Shelled Parasite and Fungi","floor":21,"turns":6},{"damage":50,"enemies":"Gremlin Leader","floor":27,"turns":6}],"seed_played":"-6150224376135877804","potions_obtained":[{"floor":8,"key":"Dexterity Potion"},{"floor":12,"key":"Ancient Potion"}],"is_trial":false,"path_per_floor":["M","?","M","M","M","R","?","E","T","R","E","M","R","M","R","B",null,"M","M","$","M","?","R","T","R","T","E"],"character_chosen":"DEFECT","items_purchased":["Membership Card","Tiny Chest","Conserve Battery"],"campfire_rested":3,"item_purchase_floors":[20,20,20],"current_hp_per_floor":[60,60,56,56,41,41,41,23,23,44,41,41,41,25,46,6,55,44,27,27,24,24,24,24,45,45,0],"gold":34,"neow_bonus":"RANDOM_COLORLESS","is_prod":false,"is_daily":false,"chose_seed":false,"campfire_upgraded":3,"win_rate":0,"timestamp":1545412015,"path_taken":["M","?","M","M","M","R","?","E","T","R","E","M","R","M","R","BOSS","M","M","$","M","?","R","?","R","T","E"],"build_version":"2018-12-20","purchased_purges":1,"victory":false,"max_hp_per_floor":[71,71,71,71,71,71,71,71,71,71,71,71,71,71,71,71,71,71,71,71,71,71,71,71,71,71,71],"card_choices":[{"not_picked":["Stack","Go for the Eyes"],"picked":"Static Discharge","floor":1.0},{"not_picked":["Coolheaded","Conserve Battery"],"picked":"Cold Snap","floor":3.0},{"not_picked":["Stack","Melter"],"picked":"Core Surge","floor":4.0},{"not_picked":["Scrape","Coolheaded"],"picked":"Reinforced Body","floor":5.0},{"not_picked":["Heatsinks","Scrape"],"picked":"Hologram","floor":8},{"not_picked":["Go for the Eyes","Hologram"],"picked":"Ball Lightning","floor":11},{"not_picked":["Rebound","Compile Driver"],"picked":"Defragment","floor":12},{"not_picked":["Steam","Redo"],"picked":"Conserve Battery","floor":14},{"not_picked":["Meteor Strike","Rainbow"],"picked":"Machine Learning","floor":16},{"not_picked":["Rebound","Leap"],"picked":"Steam+1","floor":18},{"not_picked":["Recycle","Ball Lightning"],"picked":"Double Energy+1","floor":19},{"not_picked":["Turbo","Melter"],"picked":"Coolheaded","floor":21}],"player_experience":851486,"relics_obtained":[{"floor":8,"key":"Pen Nib"},{"floor":9,"key":"Anchor"},{"floor":11,"key":"PreservedInsect"},{"floor":24,"key":"Cables"},{"floor":26,"key":"Molten Egg 2"}],"event_choices":[{"damage_healed":0.0,"max_hp_gain":0.0,"max_hp_loss":0.0,"gold_gain":0.0,"event_name":"Living Wall","player_choice":"Grow","floor":2.0,"gold_loss":0.0,"damage_taken":0.0,"cards_upgraded":["Static Discharge"]},{"damage_healed":0,"gold_gain":0,"player_choice":"Fled","damage_taken":0,"max_hp_gain":0,"max_hp_loss":0,"event_name":"Scrap Ooze","floor":7,"gold_loss":0},{"damage_healed":0,"gold_gain":0,"player_choice":"Opened","damage_taken":0,"relics_obtained":["Juzu Bracelet"],"max_hp_gain":0,"max_hp_loss":0,"event_name":"The Mausoleum","floor":22,"gold_loss":0,"cards_obtained":["Writhe"]}],"is_beta":true,"boss_relics":[{"not_picked":["Velvet Choker","Astrolabe"],"picked":"Sozu"}],"items_purged_floors":[20],"is_endless":false,"potions_floor_spawned":[8,12,14,18,21],"killed_by":"Gremlin Leader","ascension_level":20}