{"path_per_floor":["M","?","?","M","?","R","M","R","T","E","?","M","M","T","R","B",null,"M","M","?"],"character_chosen":"THE_SILENT","items_purchased":[],"gold_per_floor":[112,112,112,130,130,130,142,142,142,173,173,193,210,210,210,313,313,325,305,305],"floor_reached":21,"campfire_rested":2,"playtime":1015,"current_hp_per_floor":[67,67,67,60,42,67,67,70,70,38,55,55,55,55,70,21,70,49,61,61],"items_purged":[],"gold":305,"score":179,"play_id":"37edb04a-9b5e-4157-84f6-1c7f5e064024","local_time":"20180320050216","is_prod":false,"is_daily":false,"is_ascension_mode":false,"campfire_upgraded":1,"timestamp":1521531136,"path_taken":["M","?","?","?","?","R","M","R","T","E","?","M","M","?","R","BOSS","M","M","?","?"],"build_version":"2018-03-15v3","purchased_purges":0,"victory":false,"master_deck":["Defend_G","Defend_G","Defend_G","Defend_G","Defend_G","Strike_G","Strike_G","Strike_G","Strike_G","Strike_G","Survivor","Neutralize","Blade Dance+1","Backstab+1","Backstab+1","Infinite Blades","Parasite","Backflip","Malaise","Storm of Steel","PiercingWail+1","PiercingWail+1"],"max_hp_per_floor":[70,70,70,70,70,70,70,70,70,70,70,70,70,70,70,70,70,70,70,70],"relics":["Eternal Feather","Molten Egg 2","Letter Opener","Ice Cream","Bird Faced Urn","Question Card"],"card_choices":[{"not_picked":["Prepared","Accuracy"],"picked":"Blade Dance"},{"not_picked":["Blur","Footwork"],"picked":"Backstab"},{"not_picked":["Poisoned Stab","Backflip"],"picked":"Backstab"},{"not_picked":["Tools of the Trade","Dagger Throw"],"picked":"Infinite Blades"},{"not_picked":["Concentrate","Skewer"],"picked":"Backflip"},{"not_picked":["Flying Knee","Expertise"],"picked":"Malaise"},{"not_picked":["Glass Knife","Burst"],"picked":"Storm of Steel"},{"not_picked":["Cloak And Dagger","Prepared","Predator"],"picked":"PiercingWail"}],"player_experience":201958,"potions_floor_usage":[10,13,19],"damage_taken":[{"damage":3,"enemies":"Cultist","floor":1,"turns":5},{"damage":7,"enemies":"2 Louse","floor":4,"turns":2},{"damage":0,"enemies":"Small Slimes","floor":7,"turns":2},{"damage":32,"enemies":"Lagavulin","floor":10,"turns":7},{"damage":0,"enemies":"2 Fungi Beasts","floor":12,"turns":2},{"damage":0,"enemies":"Red Slaver","floor":13,"turns":2},{"damage":49,"enemies":"Hexaghost","floor":16,"turns":16},{"damage":23,"enemies":"Shell Parasite","floor":18,"turns":10},{"damage":2,"enemies":"2 Thieves","floor":19,"turns":4},{"damage":68,"enemies":"3 Cultists","floor":21,"turns":7}],"event_choices":[{"event_name":"Purifier","player_choice":"Skipped","floor":2,"damage_taken":0},{"event_name":"Living Wall","player_choice":"Grow","floor":3,"damage_taken":0},{"event_name":"Scrap Ooze","player_choice":"success","floor":5,"damage_taken":18},{"event_name":"Mushrooms","player_choice":"Healed and dodged fight","floor":11,"damage_taken":0},{"event_name":"Duplicator","player_choice":"One dupe","floor":20,"damage_taken":0}],"boss_relics":[{"not_picked":["Cursed Key","Philosopher\u0027s Stone"],"picked":"Question Card"}],"potions_floor_spawned":[7,10,18],"seed_played":"2686490971498045355","killed_by":"3 Cultists","ascension_level":0,"is_trial":false}