{"gold_per_floor":[112,112,128,141,191,191,72,97,97,161,161,222,239,252,252,324,324,338,404,404],"floor_reached":20,"playtime":1034,"items_purged":[],"score":356,"play_id":"de5d56f9-50ed-4fa1-afcd-e1b578fa6e5e","local_time":"20181015233100","is_ascension_mode":true,"campfire_choices":[{"data":"Noxious Fumes","floor":6,"key":"SMITH"},{"floor":11,"key":"REST"},{"data":"Noxious Fumes","floor":15,"key":"SMITH"}],"neow_cost":"TEN_PERCENT_HP_LOSS","seed_source_timestamp":13170929724885,"circlet_count":0,"master_deck":["Defend_G","Defend_G","Defend_G","Defend_G","Strike_G","Strike_G","Strike_G","Strike_G","Survivor","Neutralize","AscendersBane","Cloak And Dagger","Noxious Fumes+1","Bane","Footwork","Dash","Backflip","Bane","Noxious Fumes+1","Deflect","Leg Sweep","Wraith Form v2","Bouncing Flask"],"relics":["Ring of the Snake","SsserpentHead","Shovel","Darkstone Periapt","Fusion Hammer"],"potions_floor_usage":[12,18,20],"damage_taken":[{"damage":2,"enemies":"2 Louse","floor":1,"turns":4},{"damage":0,"enemies":"Cultist","floor":3,"turns":4},{"damage":5,"enemies":"Small Slimes","floor":4,"turns":6},{"damage":29,"enemies":"Gremlin Nob","floor":8,"turns":5},{"damage":0,"enemies":"2 Fungi Beasts","floor":10,"turns":3},{"damage":2,"enemies":"Exordium Thugs","floor":12,"turns":4},{"damage":4,"enemies":"Large Slime","floor":13,"turns":7},{"damage":5,"enemies":"Red Slaver","floor":14,"turns":5},{"damage":14,"enemies":"Hexaghost","floor":16,"turns":10},{"damage":31,"enemies":"Chosen","floor":18,"turns":7},{"damage":0,"enemies":"Shell Parasite","floor":19,"turns":7},{"damage":20,"enemies":"Chosen and Byrds","floor":20,"turns":5}],"seed_played":"8939384584584305617","potions_obtained":[{"floor":10,"key":"Fire Potion"},{"floor":12,"key":"Swift Potion"},{"floor":16,"key":"SpeedPotion"},{"floor":18,"key":"Explosive Potion"}],"is_trial":false,"path_per_floor":["M","?","M","M","?","R","$","E","T","M","R","M","M","M","R","B",null,"M","M"],"character_chosen":"THE_SILENT","items_purchased":["Footwork","Dash"],"campfire_rested":1,"item_purchase_floors":[7,7],"current_hp_per_floor":[57,57,57,52,52,52,52,23,23,23,41,39,35,30,30,16,49,18,18,0],"gold":404,"neow_bonus":"REMOVE_TWO","is_prod":false,"is_daily":false,"chose_seed":false,"campfire_upgraded":2,"win_rate":0,"timestamp":1539639060,"path_taken":["M","?","M","M","?","R","$","E","T","?","R","?","M","M","R","BOSS","M","?","M"],"build_version":"2018-10-11","purchased_purges":0,"victory":false,"max_hp_per_floor":[60,60,60,60,60,60,60,60,60,60,60,60,60,60,60,60,60,60,60,60],"card_choices":[{"not_picked":["Acrobatics","Outmaneuver"],"picked":"Cloak And Dagger","floor":1},{"not_picked":["PiercingWail","Catalyst"],"picked":"Noxious Fumes","floor":3},{"not_picked":["Underhanded Strike","Prepared"],"picked":"Bane","floor":4},{"not_picked":["Phantasmal Killer","Prepared"],"picked":"Backflip","floor":8},{"not_picked":["Cloak And Dagger","Deflect"],"picked":"Bane","floor":10},{"not_picked":["Caltrops","Sucker Punch"],"picked":"Noxious Fumes","floor":12},{"not_picked":["Bane","Dagger Throw"],"picked":"Deflect","floor":13},{"not_picked":["Blade Dance","Cloak And Dagger"],"picked":"Leg Sweep","floor":14},{"not_picked":["Doppelganger","Phantasmal Killer"],"picked":"Wraith Form v2","floor":16},{"not_picked":["Endless Agony","Underhanded Strike","Outmaneuver"],"picked":"SKIP","floor":18},{"not_picked":["Slice","Outmaneuver"],"picked":"Bouncing Flask","floor":19}],"player_experience":709938,"relics_obtained":[{"floor":8,"key":"Shovel"},{"floor":9,"key":"Darkstone Periapt"}],"event_choices":[{"event_name":"FaceTrader","player_choice":"Trade","floor":2,"damage_taken":0},{"event_name":"Liars Game","player_choice":"disagreed","floor":5,"damage_taken":0}],"is_beta":true,"boss_relics":[{"not_picked":["Ectoplasm","Black Star"],"picked":"Fusion Hammer"}],"items_purged_floors":[],"is_endless":false,"potions_floor_spawned":[10,12,16,18,19],"killed_by":"Chosen and Byrds","ascension_level":20}