{"path_per_floor":["M","?","?","?","?","E","$","M","T","R","M","M","$","M","R","B",null,"M","?","M","?","M","R","$","R","T","?","?","M","$","E","R","B",null,"M","M","?","?","M","R","M","R","T","T","M","R","M","$","R"],"character_chosen":"IRONCLAD","items_purchased":["Bronze Scales","Shrug It Off","Happy Flower","Metallicize","Energy Potion","Strength Potion"],"gold_per_floor":[111,111,61,136,136,167,15,29,53,53,71,90,41,52,52,150,150,167,167,186,186,196,196,44,44,69,69,69,89,19,54,54,151,151,166,184,0,51,66,66,80,80,80,154,173,173,184,9,9],"floor_reached":50,"campfire_rested":4,"playtime":3353,"current_hp_per_floor":[80,80,80,69,69,80,80,80,80,80,80,78,78,74,74,58,80,68,68,70,55,47,85,85,85,85,85,85,77,77,76,76,11,92,84,84,84,55,44,86,83,83,83,83,76,92,76,76,92],"items_purged":["Regret"],"gold":9,"score":435,"play_id":"f25e72ef-2524-4a0c-9198-bacea6e9c492","local_time":"20180308045432","is_prod":false,"is_daily":false,"is_ascension_mode":false,"campfire_upgraded":5,"timestamp":1520497472,"path_taken":["M","?","?","?","?","E","$","M","T","R","?","M","$","M","R","BOSS","M","?","?","?","M","R","$","R","T","?","?","?","?","E","R","BOSS","M","M","?","?","M","R","M","R","T","?","M","R","M","$","R","BOSS"],"build_version":"2018-03-01-PROD1","purchased_purges":2,"victory":false,"master_deck":["Strike_R+1","Strike_R+1","Strike_R+1","Defend_R+1","Defend_R+1","Defend_R+1","Bash","Offering","Metallicize+1","Anger+1","Flex+1","Shrug It Off+1","Impervious+1","Berserk+1","Battle Trance+1","Heavy Blade+1","Fire Breathing","Metallicize+1","Offering","Juggernaut","Clumsy","Clumsy","Seeing Red+1","Flex+1","Entrench+1","Bludgeon","Thunderclap+1","Double Tap"],"max_hp_per_floor":[80,80,80,80,80,80,80,80,80,80,80,80,80,80,80,80,80,80,80,80,85,85,85,85,85,85,85,85,85,85,85,85,85,92,92,92,92,92,92,92,92,92,92,92,92,92,92,92,92],"relics":["Burning Blood","Letter Opener","Bronze Scales","Regal Pillow","Astrolabe","Happy Flower","Blood Vial","Thread and Needle","Calling Bell","Anchor","Prayer Wheel","Strawberry","Red Mask","Ginger","Lantern","Paper Frog"],"card_choices":[{"not_picked":["Ghostly Armor","Intimidate"],"picked":"Metallicize"},{"not_picked":["Berserk","Whirlwind"],"picked":"Anger"},{"not_picked":["Headbutt","Uppercut"],"picked":"Flex"},{"not_picked":["Double Tap","Bludgeon"],"picked":"Impervious"},{"not_picked":["Thunderclap","Shrug It Off"],"picked":"Fire Breathing"},{"not_picked":["Body Slam","Clash"],"picked":"Offering"},{"not_picked":["Reaper","Impervious"],"picked":"Juggernaut"},{"not_picked":["Pommel Strike","Reckless Charge"],"picked":"Seeing Red"},{"not_picked":["Pummel","Wild Strike"],"picked":"Flex"},{"not_picked":["Dropkick","Sword Boomerang"],"picked":"Entrench"},{"not_picked":["Battle Trance","Warcry"],"picked":"Bludgeon"},{"not_picked":["Reckless Charge","Seeing Red"],"picked":"Thunderclap"},{"not_picked":["Headbutt","Thunderclap"],"picked":"Double Tap"}],"player_experience":139522,"potions_floor_usage":[6,12,16,16,18,22,29,31,35,39,45,45,50,50,50],"damage_taken":[{"damage":6,"enemies":"Jaw Worm","floor":1,"turns":4},{"damage":6,"enemies":"3 Sentries","floor":6,"turns":13},{"damage":4,"enemies":"Cultist","floor":8,"turns":2},{"damage":4,"enemies":"2 Louse","floor":11,"turns":2},{"damage":8,"enemies":"Blue Slaver","floor":12,"turns":3},{"damage":10,"enemies":"Exordium Wildlife","floor":14,"turns":3},{"damage":22,"enemies":"Slime Boss","floor":16,"turns":11},{"damage":18,"enemies":"2 Thieves","floor":18,"turns":3},{"damage":4,"enemies":"Chosen","floor":20,"turns":2},{"damage":14,"enemies":"Centurion and Healer","floor":22,"turns":5},{"damage":14,"enemies":"Snecko","floor":29,"turns":5},{"damage":9,"enemies":"Book of Stabbing","floor":31,"turns":5},{"damage":73,"enemies":"Collector","floor":33,"turns":12},{"damage":14,"enemies":"3 Darklings","floor":35,"turns":5},{"damage":8,"enemies":"Orb Walker","floor":36,"turns":3},{"damage":37,"enemies":"Mysterious Sphere","floor":38,"turns":4},{"damage":19,"enemies":"Sphere and 2 Shapes","floor":39,"turns":5},{"damage":11,"enemies":"Maw","floor":41,"turns":8},{"damage":24,"enemies":"3 Darklings","floor":45,"turns":5},{"damage":22,"enemies":"Sphere and 2 Shapes","floor":47,"turns":5},{"damage":105,"enemies":"Time Eater","floor":50,"turns":14}],"event_choices":[{"event_name":"Wheel of Change","player_choice":"Curse","floor":2,"damage_taken":0},{"event_name":"The Cleric","player_choice":"Card Removal","floor":3,"damage_taken":0},{"event_name":"World of Goop","player_choice":"Gather Gold","floor":4,"damage_taken":0},{"event_name":"Living Wall","player_choice":"Grow","floor":5,"damage_taken":0},{"event_name":"Back to Basics","player_choice":"Simplicity","floor":19,"damage_taken":0},{"event_name":"Forgotten Altar","player_choice":"Shed Blood","floor":21,"damage_taken":0},{"event_name":"Addict","player_choice":"Ignored","floor":27,"damage_taken":0},{"event_name":"Beggar","player_choice":"Ignored","floor":28,"damage_taken":0},{"event_name":"Tomb of Lord Red Mask","player_choice":"Paid","floor":37,"damage_taken":0},{"event_name":"Mysterious Sphere","player_choice":"Fight","floor":38,"damage_taken":0}],"boss_relics":[{"not_picked":["Lizard Tail","Runic Dome"],"picked":"Astrolabe"},{"not_picked":["Philosopher\u0027s Stone","Velvet Choker"],"picked":"Calling Bell"}],"potions_floor_spawned":[1,11,12,14,16,18,22,29,33,38,39,41,47],"seed_played":"-4679397435496698597","killed_by":"Time Eater","ascension_level":0,"is_trial":false}