{"gold_per_floor":[13,27,47,65,65,65,105,105,132,176,101,101,115,138,138,232,232,208,233,247,47,66,66,66,66,66,66,66,11,11,11,11,87,87,98,111,124,137,137,137,153,165,165,165],"floor_reached":44,"playtime":2377,"items_purged":["Strike_R"],"score":894,"play_id":"374689fc-20f9-4978-a59a-2a411eccd304","local_time":"20181125232018","is_ascension_mode":true,"campfire_choices":[{"data":"Armaments","floor":6,"key":"SMITH"},{"data":"Body Slam","floor":8,"key":"SMITH"},{"floor":12,"key":"REST"},{"data":"Barricade","floor":15,"key":"SMITH"},{"floor":23,"key":"REST"},{"data":"Reaper","floor":25,"key":"SMITH"},{"data":"Pommel Strike","floor":28,"key":"SMITH"},{"floor":32,"key":"REST"},{"data":"Juggernaut","floor":40,"key":"SMITH"}],"neow_cost":"NO_GOLD","seed_source_timestamp":7951691186211,"circlet_count":0,"master_deck":["AscendersBane","Strike_R","Defend_R","Defend_R","Defend_R+1","Bash","Battle Trance+1","Armaments+1","Pommel Strike+1","Body Slam+1","Warcry","Barricade+1","Reaper+1","Shrug It Off","Shrug It Off+1","Mayhem","Ghostly Armor","Juggernaut+1","Disarm+1","Blood for Blood","Shrug It Off+1","Feel No Pain+1"],"relics":["Burning Blood","Bloody Idol","Omamori","War Paint","Bag of Preparation","Snecko Eye","Sozu","Self Forming Clay"],"potions_floor_usage":[7,19,20,22,33,33],"damage_taken":[{"damage":11,"enemies":"Small Slimes","floor":1,"turns":3},{"damage":9,"enemies":"2 Louse","floor":2,"turns":4},{"damage":1,"enemies":"Cultist","floor":3,"turns":3},{"damage":4,"enemies":"2 Fungi Beasts","floor":4,"turns":6},{"damage":34,"enemies":"3 Sentries","floor":7,"turns":11},{"damage":32,"enemies":"Gremlin Nob","floor":10,"turns":4},{"damage":3,"enemies":"Looter","floor":13,"turns":3},{"damage":4,"enemies":"Exordium Wildlife","floor":14,"turns":3},{"damage":22,"enemies":"Slime Boss","floor":16,"turns":10},{"damage":15,"enemies":"2 Thieves","floor":18,"turns":4},{"damage":17,"enemies":"Spheric Guardian","floor":19,"turns":8},{"damage":12,"enemies":"Centurion and Healer","floor":20,"turns":5},{"damage":25,"enemies":"Chosen and Byrds","floor":22,"turns":8},{"damage":27,"enemies":"Colosseum Slavers","floor":24,"turns":6},{"damage":1,"enemies":"Collector","floor":33,"turns":8},{"damage":8,"enemies":"Orb Walker","floor":35,"turns":3},{"damage":6,"enemies":"3 Darklings","floor":36,"turns":4},{"damage":30,"enemies":"Maw","floor":37,"turns":7},{"damage":15,"enemies":"Jaw Worm Horde","floor":38,"turns":4},{"damage":10,"enemies":"Writhing Mass","floor":41,"turns":5},{"damage":0,"enemies":"Maw","floor":42,"turns":6},{"damage":75,"enemies":"Reptomancer","floor":44,"turns":2}],"seed_played":"5165928470360003738","potions_obtained":[{"floor":1,"key":"Regen Potion"},{"floor":2,"key":"SpeedPotion"},{"floor":10,"key":"SpeedPotion"},{"floor":16,"key":"LiquidBronze"},{"floor":19,"key":"GamblersBrew"},{"floor":20,"key":"LiquidBronze"}],"is_trial":false,"path_per_floor":["M","M","M","M","?","R","E","R","T","E","$","R","M","M","R","B",null,"M","M","M","$","M","R","?","R","T","?","R","$","?","?","R","B",null,"M","M","M","M","?","R","M","M","T","E"],"character_chosen":"IRONCLAD","items_purchased":["Mayhem","PowerPotion"],"campfire_rested":3,"item_purchase_floors":[21,29],"current_hp_per_floor":[63,60,65,67,67,67,52,52,52,26,26,46,49,51,51,35,60,59,48,48,48,36,56,43,43,43,43,43,43,43,43,63,68,68,68,68,54,65,65,65,68,68,68,0],"gold":165,"neow_bonus":"REMOVE_TWO","is_prod":false,"is_daily":false,"chose_seed":false,"campfire_upgraded":6,"win_rate":0,"timestamp":1543184418,"path_taken":["M","M","M","M","?","R","E","R","T","E","$","R","M","M","R","BOSS","M","M","M","$","M","R","?","R","T","?","R","$","?","?","R","BOSS","M","M","M","M","?","R","?","M","T","E"],"build_version":"2018-11-15","purchased_purges":1,"victory":false,"max_hp_per_floor":[75,75,75,75,68,68,68,68,68,68,68,68,68,68,68,68,68,68,68,68,68,68,68,68,68,68,68,68,68,68,68,68,68,68,68,68,68,68,68,68,68,68,68,68],"card_choices":[{"not_picked":["Warcry","Blood for Blood"],"picked":"Battle Trance","floor":1},{"not_picked":["Headbutt","Searing Blow"],"picked":"Armaments","floor":2},{"not_picked":["Warcry","Thunderclap"],"picked":"Pommel Strike","floor":3},{"not_picked":["Hemokinesis","Clash"],"picked":"Body Slam","floor":4},{"not_picked":["Heavy Blade","Sword Boomerang"],"picked":"Warcry","floor":7},{"not_picked":["Shrug It Off","Body Slam"],"picked":"Barricade","floor":10},{"not_picked":["Havoc","Wild Strike","Fire Breathing"],"picked":"SKIP","floor":13},{"not_picked":["Twin Strike","Sword Boomerang","Anger"],"picked":"SKIP","floor":14},{"not_picked":["Barricade","Immolate"],"picked":"Reaper","floor":16},{"not_picked":["Armaments","Sword Boomerang"],"picked":"Shrug It Off","floor":18},{"not_picked":["Rampage","Flex","Thunderclap"],"picked":"SKIP","floor":19},{"not_picked":["Pummel","Thunderclap"],"picked":"Shrug It Off+1","floor":20},{"not_picked":["Sentinel","Limit Break","Warcry"],"picked":"SKIP","floor":22},{"not_picked":["Brutality","Immolate"],"picked":"Juggernaut","floor":33},{"not_picked":["Corruption","Thunderclap","Clash"],"picked":"SKIP","floor":35},{"not_picked":["Heavy Blade+1","Carnage","Rupture"],"picked":"SKIP","floor":36},{"not_picked":["Intimidate","Carnage"],"picked":"Disarm+1","floor":37},{"not_picked":["Thunderclap","Blood for Blood","Double Tap"],"picked":"SKIP","floor":38},{"not_picked":["Pommel Strike","Anger"],"picked":"Shrug It Off+1","floor":41},{"not_picked":["Corruption","Searing Blow"],"picked":"Feel No Pain+1","floor":42}],"player_experience":824078,"relics_obtained":[{"floor":7,"key":"Omamori"},{"floor":9,"key":"War Paint"},{"floor":10,"key":"Bag of Preparation"},{"floor":43,"key":"Self Forming Clay"}],"event_choices":[{"damage_healed":0,"gold_gain":0,"player_choice":"Lose Max HP","damage_taken":0,"relics_obtained":["Golden Idol"],"max_hp_gain":0,"max_hp_loss":7,"event_name":"Golden Idol","floor":5,"gold_loss":0},{"damage_healed":0,"gold_gain":0,"player_choice":"Fight","damage_taken":0,"max_hp_gain":0,"max_hp_loss":0,"event_name":"Colosseum","floor":24,"gold_loss":0},{"damage_healed":0,"gold_gain":0,"player_choice":"Fled From Nobs","damage_taken":0,"max_hp_gain":0,"max_hp_loss":0,"event_name":"Colosseum","floor":24,"gold_loss":0},{"damage_healed":0,"gold_gain":0,"cards_transformed":["Strike_R","Strike_R"],"player_choice":"Became Test Subject","damage_taken":0,"max_hp_gain":0,"max_hp_loss":0,"event_name":"Drug Dealer","floor":27,"gold_loss":0,"cards_obtained":["Rupture","Ghostly Armor"]},{"damage_healed":0,"gold_gain":0,"player_choice":"Gave Idol","damage_taken":0,"relics_obtained":["Bloody Idol"],"max_hp_gain":0,"max_hp_loss":0,"event_name":"Forgotten Altar","floor":30,"relics_lost":["Golden Idol"],"gold_loss":0},{"cards_removed":["Rupture"],"damage_healed":0,"gold_gain":0,"player_choice":"Elegance","damage_taken":0,"max_hp_gain":0,"max_hp_loss":0,"event_name":"Back to Basics","floor":31,"gold_loss":0},{"damage_healed":0,"gold_gain":0,"player_choice":"1 cards matched","damage_taken":0,"max_hp_gain":0,"max_hp_loss":0,"event_name":"Match and Keep!","floor":39,"gold_loss":0,"cards_obtained":["Blood for Blood"]}],"is_beta":true,"boss_relics":[{"not_picked":["White Beast Statue","Black Blood"],"picked":"Snecko Eye"},{"not_picked":["Black Star","Runic Cube"],"picked":"Sozu"}],"items_purged_floors":[11],"is_endless":false,"potions_floor_spawned":[1,2,10,16,19,20,38,41,42],"killed_by":"Reptomancer","ascension_level":20}