{"gold_per_floor":[119,138,138,138,138,169,169,195,221,221,232,264,264,189,189,285,285,309,309,325,42,42,42,75,75,75,93,18,36,72,90,90,90],"floor_reached":33,"playtime":1898,"items_purged":["Strike_B"],"score":603,"play_id":"ae073d4e-4fc3-4d95-896f-c137485e0c74","local_time":"20190208172957","is_ascension_mode":true,"campfire_choices":[{"data":"Zap","floor":7.0,"key":"SMITH"},{"data":"Fission","floor":10.0,"key":"SMITH"},{"floor":15.0,"key":"REST"},{"floor":23.0,"key":"REST"},{"floor":25.0,"key":"REST"},{"floor":32,"key":"REST"}],"neow_cost":"NONE","seed_source_timestamp":12513904058565,"circlet_count":0,"master_deck":["AscendersBane","Strike_B+1","Defend_B+1","Defend_B","Defend_B","Defend_B","Zap+1","Dualcast","Fission+1","Cold Snap","Melter","White Noise","Go for the Eyes","Ball Lightning","Capacitor","Electrodynamics","Compile Driver","Apotheosis","Doom and Gloom","Coolheaded","White Noise","Coolheaded"],"special_seed":0,"relics":["Cracked Core","Bag of Preparation","Gambling Chip","Art of War","Sundial","Golden Idol","Fusion Hammer","MutagenicStrength","Omamori","Molten Egg 2","Oddly Smooth Stone"],"potions_floor_usage":[31,33],"damage_taken":[{"damage":4.0,"enemies":"2 Louse","floor":1.0,"turns":4.0},{"damage":2.0,"enemies":"Jaw Worm","floor":2.0,"turns":5.0},{"damage":11.0,"enemies":"3 Sentries","floor":6.0,"turns":5.0},{"damage":19.0,"enemies":"Gremlin Nob","floor":8.0,"turns":4.0},{"damage":0.0,"enemies":"Cultist","floor":11.0,"turns":2.0},{"damage":0.0,"enemies":"Lagavulin","floor":12.0,"turns":4.0},{"damage":20.0,"enemies":"The Guardian","floor":16.0,"turns":11.0},{"damage":0.0,"enemies":"Chosen","floor":18.0,"turns":3.0},{"damage":21.0,"enemies":"Shell Parasite","floor":20.0,"turns":4.0},{"damage":24.0,"enemies":"Slavers","floor":24.0,"turns":3.0},{"damage":18.0,"enemies":"Shelled Parasite and Fungi","floor":27.0,"turns":4.0},{"damage":16.0,"enemies":"Centurion and Healer","floor":29.0,"turns":4.0},{"damage":7.0,"enemies":"Book of Stabbing","floor":30.0,"turns":5.0},{"damage":0,"enemies":"Snake Plant","floor":31,"turns":4},{"damage":30,"enemies":"Collector","floor":33,"turns":7}],"seed_played":"2695269494641114120","potions_obtained":[{"floor":1.0,"key":"Strength Potion"},{"floor":8.0,"key":"EssenceOfSteel"},{"floor":11.0,"key":"EntropicBrew"},{"floor":18.0,"key":"EssenceOfSteel"},{"floor":30.0,"key":"Weak Potion"},{"floor":31,"key":"SkillPotion"}],"is_trial":false,"path_per_floor":["M","M","?","?","?","E","R","E","T","R","M","E","?","?","R","B",null,"M","?","M","$","?","R","E","R","T","M","$","M","E","M","R","B"],"character_chosen":"DEFECT","items_purchased":["Apotheosis","Doom and Gloom"],"campfire_rested":4,"item_purchase_floors":[21,21],"current_hp_per_floor":[60,58,63,40,40,29,29,10,10,10,10,10,10,10,30,10,54,54,54,33,33,33,53,29,49,49,31,31,15,8,8,28,0],"gold":90,"neow_bonus":"ONE_RANDOM_RARE_CARD","is_prod":false,"is_daily":false,"chose_seed":false,"campfire_upgraded":2,"win_rate":0,"timestamp":1549643397,"path_taken":["M","M","?","?","?","E","R","E","T","R","?","E","?","?","R","BOSS","M","?","?","$","?","R","E","R","T","M","$","M","E","M","R","BOSS"],"build_version":"2019-01-23","purchased_purges":1,"victory":false,"max_hp_per_floor":[71,71,76,76,76,76,76,76,76,76,76,76,69,69,69,69,69,69,69,69,69,69,69,69,69,69,69,69,69,69,69,69,69],"card_choices":[{"not_picked":["Consume","Leap"],"picked":"Cold Snap","floor":1.0},{"not_picked":["Fusion","Beam Cell"],"picked":"Melter","floor":2.0},{"not_picked":["Barrage","Undo"],"picked":"White Noise","floor":6.0},{"not_picked":["Barrage","Hologram"],"picked":"Go for the Eyes","floor":8.0},{"not_picked":["Go for the Eyes","Aggregate"],"picked":"Ball Lightning","floor":11.0},{"not_picked":["Barrage","Cold Snap"],"picked":"Capacitor","floor":12.0},{"not_picked":["Hyperbeam","Reboot"],"picked":"Electrodynamics","floor":16.0},{"not_picked":["Redo","Leap"],"picked":"Compile Driver","floor":18.0},{"not_picked":["Stack","Steam Power","Compile Driver"],"picked":"SKIP","floor":20.0},{"not_picked":["Streamline","Steam Power+1"],"picked":"Coolheaded","floor":24.0},{"not_picked":["Redo","Turbo","Force Field"],"picked":"SKIP","floor":27.0},{"not_picked":["Hello World","Reboot"],"picked":"White Noise","floor":29.0},{"not_picked":["Turbo","Consume"],"picked":"Coolheaded","floor":30.0},{"not_picked":["Reprogram","Stack","Beam Cell+1"],"picked":"SKIP","floor":31}],"player_experience":435469,"relics_obtained":[{"floor":6.0,"key":"Bag of Preparation"},{"floor":8.0,"key":"Gambling Chip"},{"floor":9.0,"key":"Art of War"},{"floor":12.0,"key":"Sundial"},{"floor":24.0,"key":"Omamori"},{"floor":26.0,"key":"Molten Egg 2"},{"floor":30.0,"key":"Oddly Smooth Stone"}],"event_choices":[{"damage_healed":0.0,"max_hp_gain":5.0,"max_hp_loss":0.0,"gold_gain":0.0,"event_name":"Big Fish","player_choice":"Donut","floor":3.0,"gold_loss":0.0,"damage_taken":0.0},{"damage_healed":0.0,"max_hp_gain":0.0,"max_hp_loss":0.0,"gold_gain":0.0,"event_name":"Shining Light","player_choice":"Entered Light","floor":4.0,"gold_loss":0.0,"damage_taken":23.0,"cards_upgraded":["Defend_B","Strike_B"]},{"damage_healed":0.0,"max_hp_gain":0.0,"max_hp_loss":0.0,"gold_gain":0.0,"event_name":"Match and Keep!","player_choice":"0 cards matched","floor":5.0,"gold_loss":0.0,"damage_taken":0.0,"cards_obtained":[]},{"damage_healed":0.0,"max_hp_gain":0.0,"max_hp_loss":7.0,"gold_gain":0.0,"event_name":"Golden Idol","player_choice":"Lose Max HP","floor":13.0,"gold_loss":0.0,"damage_taken":0.0,"relics_obtained":["Golden Idol"]},{"cards_removed":["Strike_B"],"damage_healed":0.0,"max_hp_gain":0.0,"max_hp_loss":0.0,"gold_gain":0.0,"event_name":"The Cleric","player_choice":"Card Removal","floor":14.0,"gold_loss":75.0,"damage_taken":0.0},{"cards_removed":["Strike_B"],"damage_healed":0.0,"max_hp_gain":0.0,"max_hp_loss":0.0,"gold_gain":0.0,"event_name":"Purifier","player_choice":"Purged","floor":19.0,"gold_loss":0.0,"damage_taken":0.0},{"damage_healed":0.0,"max_hp_gain":0.0,"max_hp_loss":0.0,"gold_gain":0.0,"event_name":"Drug Dealer","player_choice":"Inject Mutagens","floor":22.0,"gold_loss":0.0,"damage_taken":0.0,"relics_obtained":["MutagenicStrength"]}],"is_beta":false,"boss_relics":[{"not_picked":["Philosopher\u0027s Stone","Velvet Choker"],"picked":"Fusion Hammer"}],"items_purged_floors":[28],"is_endless":false,"potions_floor_spawned":[1,8,11,18,20,30,31],"killed_by":"Collector","ascension_level":17}