{"path_per_floor":["M","?","?","?","$","R","M","R","T","R","M","$","M","M","R","B",null,"M","?","?","M","?","M","$","M","T","?","M","R","$","M","R","B",null,"M","$"],"character_chosen":"THE_SILENT","items_purchased":["Dagger Spray","Regal Pillow","Blur","Reflex"],"gold_per_floor":[117,117,117,117,18,18,35,35,58,58,75,75,95,110,110,213,243,254,254,254,272,272,286,60,78,78,78,89,89,19,29,29,131,131,141,41],"floor_reached":37,"campfire_rested":3,"playtime":3442,"current_hp_per_floor":[70,70,70,63,63,63,55,55,55,55,49,49,48,47,68,37,75,74,74,74,62,62,46,46,24,24,24,8,45,45,47,75,11,75,30,30],"items_purged":["Regret","Normality"],"gold":41,"score":309,"play_id":"2eeb93b3-00d9-4774-86cd-528a4e8786bf","local_time":"20180306034509","is_prod":false,"is_daily":false,"is_ascension_mode":false,"campfire_upgraded":3,"timestamp":1520320509,"path_taken":["M","?","?","?","?","R","M","R","T","R","M","$","M","M","R","BOSS","M","?","?","M","?","M","$","M","T","?","M","R","?","M","R","BOSS","M","$","M"],"build_version":"2018-03-01-PROD1","purchased_purges":2,"victory":false,"master_deck":["Defend_G","Defend_G","Defend_G","Defend_G","Strike_G","Strike_G+1","Strike_G","Strike_G","Strike_G","Survivor+1","Neutralize+1","Underhanded Strike","Underhanded Strike","Dagger Spray+1","Dash","Acrobatics","Flying Knee","Wraith Form","After Image","Dagger Throw","Well Laid Plans+1","Wraith Form","Blur","Bouncing Flask","Reflex","Tactician","PiercingWail","Bullet Time","Clumsy","Regret"],"max_hp_per_floor":[70,70,70,70,70,70,70,70,70,70,70,70,70,70,70,70,75,75,75,75,75,75,75,75,75,75,75,75,75,75,75,75,75,75,75,75],"relics":["Snecko Eye","Juzu Bracelet","Torii","Dream Catcher","Tiny House","Regal Pillow","Bird Faced Urn","Calling Bell","Happy Flower","Ancient Tea Set","Pen Nib"],"card_choices":[{"not_picked":["Bane","Catalyst"],"picked":"Underhanded Strike"},{"not_picked":["Cloak And Dagger","Quick Slash"],"picked":"Dash"},{"not_picked":["Deadly Poison","Backflip"],"picked":"Acrobatics"},{"not_picked":["Quick Slash","Dagger Spray"],"picked":"Flying Knee"},{"not_picked":["Distraction","Catalyst"],"picked":"Wraith Form"},{"not_picked":["Glass Knife","Storm of Steel"],"picked":"After Image"},{"not_picked":["Deadly Poison","Quick Slash"],"picked":"Dagger Throw"},{"not_picked":["Dodge and Roll","Deadly Poison"],"picked":"Well Laid Plans"},{"not_picked":["Quick Slash","Poisoned Stab"],"picked":"Bouncing Flask"},{"not_picked":["Riddle With Holes","Skewer"],"picked":"Tactician"},{"not_picked":["Blade Dance","Flying Knee"],"picked":"PiercingWail"},{"not_picked":["Burst","Unload"],"picked":"Bullet Time"}],"player_experience":116936,"potions_floor_usage":[16,18,25,25,28,33],"damage_taken":[{"damage":0,"enemies":"Small Slimes","floor":1,"turns":3},{"damage":8,"enemies":"Jaw Worm","floor":7,"turns":5},{"damage":6,"enemies":"Cultist","floor":11,"turns":4},{"damage":1,"enemies":"2 Fungi Beasts","floor":13,"turns":4},{"damage":1,"enemies":"Large Slime","floor":14,"turns":3},{"damage":31,"enemies":"Slime Boss","floor":16,"turns":11},{"damage":1,"enemies":"Shell Parasite","floor":18,"turns":5},{"damage":12,"enemies":"Spheric Guardian","floor":21,"turns":4},{"damage":16,"enemies":"Cultist and Chosen","floor":23,"turns":7},{"damage":22,"enemies":"Centurion and Healer","floor":25,"turns":8},{"damage":24,"enemies":"Chosen and Byrds","floor":28,"turns":9},{"damage":4,"enemies":"Snake Plant","floor":31,"turns":6},{"damage":72,"enemies":"Champ","floor":33,"turns":16},{"damage":49,"enemies":"3 Shapes","floor":35,"turns":7},{"damage":41,"enemies":"Orb Walker","floor":37,"turns":4}],"event_choices":[{"event_name":"Big Fish","player_choice":"Box","floor":2,"damage_taken":0},{"event_name":"Transmorgrifier","player_choice":"Transform","floor":3,"damage_taken":0},{"event_name":"Scrap Ooze","player_choice":"success","floor":4,"damage_taken":7},{"event_name":"The Woman in Blue","player_choice":"Bought 0 Potions","floor":19,"damage_taken":0},{"event_name":"Beggar","player_choice":"Ignored","floor":20,"damage_taken":0},{"event_name":"Duplicator","player_choice":"One dupe","floor":22,"damage_taken":0},{"event_name":"Addict","player_choice":"Ignored","floor":27,"damage_taken":0}],"boss_relics":[{"not_picked":["Eternal Feather","The Specimen"],"picked":"Tiny House"},{"not_picked":["White Beast Statue","Cursed Key"],"picked":"Calling Bell"}],"potions_floor_spawned":[7,13,18,23,25],"seed_played":"8293912603791961069","killed_by":"Orb Walker","ascension_level":0,"is_trial":false}