{"gold_per_floor":[116,128,128,152,167,167,167,167,167,242,65,80,95,119,119,119],"floor_reached":16,"playtime":611,"items_purged":["Injury"],"score":188,"play_id":"686fabdb-6742-4e4c-94b5-f0f95fb8b0fe","local_time":"20181226222901","is_ascension_mode":true,"campfire_choices":[{"data":"Body Slam","floor":6.0,"key":"SMITH"},{"data":"True Grit","floor":8.0,"key":"SMITH"},{"floor":15.0,"key":"REST"}],"neow_cost":"NONE","seed_source_timestamp":33486375287748,"circlet_count":0,"master_deck":["AscendersBane","Strike_R","Strike_R","Strike_R","Strike_R","Strike_R","Defend_R","Defend_R","Defend_R","Defend_R","Bash","True Grit+1","Body Slam+1","Iron Wave","Carnage","Discovery","Shrug It Off","Headbutt","Shockwave","Feel No Pain","Metallicize"],"special_seed":0,"relics":["Burning Blood","Golden Idol","Prayer Wheel","Incense Burner"],"potions_floor_usage":[16,16],"damage_taken":[{"damage":9.0,"enemies":"Small Slimes","floor":1.0,"turns":5.0},{"damage":7.0,"enemies":"Jaw Worm","floor":2.0,"turns":3.0},{"damage":13.0,"enemies":"Cultist","floor":4.0,"turns":5.0},{"damage":21.0,"enemies":"Large Slime","floor":5.0,"turns":9.0},{"damage":11.0,"enemies":"Exordium Thugs","floor":12.0,"turns":3.0},{"damage":1.0,"enemies":"2 Fungi Beasts","floor":13.0,"turns":3.0},{"damage":10.0,"enemies":"Gremlin Gang","floor":14.0,"turns":5.0},{"damage":35,"enemies":"Slime Boss","floor":16,"turns":9}],"seed_played":"-7906493062214729289","potions_obtained":[{"floor":4.0,"key":"FearPotion"},{"floor":12.0,"key":"EssenceOfSteel"},{"floor":13.0,"key":"Energy Potion"},{"floor":14.0,"key":"SteroidPotion"}],"is_trial":false,"path_per_floor":["M","M","?","M","M","R","?","R","T","?","$","M","M","M","R"],"character_chosen":"IRONCLAD","items_purchased":["Discovery"],"campfire_rested":1,"item_purchase_floors":[11],"current_hp_per_floor":[72,71,71,64,49,49,23,23,23,12,12,7,12,8,32,0],"gold":119,"neow_bonus":"TEN_PERCENT_HP_BONUS","is_prod":false,"is_daily":false,"chose_seed":false,"campfire_upgraded":2,"win_rate":0,"timestamp":1545859741,"path_taken":["M","M","?","M","M","R","?","R","T","?","?","M","?","M","R","BOSS"],"build_version":"2018-12-25","purchased_purges":1,"victory":false,"max_hp_per_floor":[82,82,82,82,82,82,82,82,82,82,82,82,82,82,82,82],"card_choices":[{"not_picked":["Havoc","Clash"],"picked":"True Grit","floor":1.0},{"not_picked":["Thunderclap","Intimidate"],"picked":"Body Slam","floor":2.0},{"not_picked":["Shrug It Off","Bludgeon"],"picked":"Iron Wave","floor":4.0},{"not_picked":["Body Slam","Anger"],"picked":"Carnage","floor":5.0},{"not_picked":["Sword Boomerang","Metallicize"],"picked":"Shrug It Off","floor":12.0},{"not_picked":["Corruption","Pommel Strike"],"picked":"Headbutt","floor":12.0},{"not_picked":["Wild Strike","Spot Weakness"],"picked":"Shockwave","floor":13.0},{"not_picked":["Rupture","Clothesline"],"picked":"Feel No Pain","floor":13.0},{"not_picked":["Wild Strike","Corruption"],"picked":"Metallicize","floor":14.0},{"not_picked":["Flex","Fire Breathing","Clothesline"],"picked":"SKIP","floor":14.0}],"player_experience":868272,"relics_obtained":[{"floor":9.0,"key":"Incense Burner"}],"event_choices":[{"damage_healed":0.0,"max_hp_gain":0.0,"max_hp_loss":0.0,"gold_gain":0.0,"event_name":"Golden Idol","player_choice":"Take Wound","floor":3.0,"gold_loss":0.0,"damage_taken":0.0,"relics_obtained":["Golden Idol"],"cards_obtained":["Injury"]},{"damage_healed":0.0,"max_hp_gain":0.0,"max_hp_loss":0.0,"gold_gain":0.0,"event_name":"Scrap Ooze","player_choice":"Success","floor":7.0,"gold_loss":0.0,"damage_taken":26.0,"relics_obtained":["Prayer Wheel"]},{"damage_healed":0.0,"max_hp_gain":0.0,"max_hp_loss":0.0,"gold_gain":75.0,"event_name":"World of Goop","player_choice":"Gather Gold","floor":10.0,"gold_loss":0.0,"damage_taken":11.0}],"is_beta":true,"boss_relics":[],"items_purged_floors":[11],"is_endless":false,"potions_floor_spawned":[4,12,13,14],"killed_by":"Slime Boss","ascension_level":20}