{"gold_per_floor":[112,125,125,136,61,61,72,72,72,83,9,42,42,60,60,138,138,151,151,166,182,14,14,43,43,43,43,43,60,73,85,85,162,162,172,172,184,34,44,44,44,44,44,44,44,55,67,79,79,79,79],"floor_reached":52,"playtime":2947,"items_purged":[],"score":1677,"play_id":"66e10254-81f7-4433-8be4-451428beabf7","local_time":"20181106005324","is_ascension_mode":true,"campfire_choices":[{"data":"Fission","floor":6.0,"key":"SMITH"},{"floor":8.0,"key":"REST"},{"data":"Reinforced Body","floor":13.0,"key":"SMITH"},{"data":"Thunder Strike","floor":15.0,"key":"SMITH"},{"floor":23.0,"key":"REST"},{"floor":25.0,"key":"REST"},{"floor":27.0,"key":"REST"},{"floor":32,"key":"REST"},{"floor":40,"key":"REST"},{"floor":42,"key":"REST"},{"floor":44,"key":"REST"},{"floor":49,"key":"REST"}],"neow_cost":"PERCENT_DAMAGE","seed_source_timestamp":15377946170891,"circlet_count":0,"master_deck":["AscendersBane","Strike_B+1","Strike_B","Defend_B","Defend_B","Defend_B","Defend_B","Zap","Dualcast","Fission+1","Undo","Sweeping Beam","Ball Lightning","Turbo","Melter+1","Thunder Strike+1","Reinforced Body+1","Beam Cell+1","Meteor Strike+1","Skim","Compile Driver+1","Streamline+1","Ball Lightning+1","Machine Learning","Electrodynamics","Meteor Strike+1","Consume+1","Cold Snap+1","Leap+1","Coolheaded+1"],"special_seed":0,"relics":["Cracked Core","Bronze Scales","Molten Egg 2","Snecko Eye","Nilry\u0027s Codex","Orichalcum","Whetstone","Shuriken","Fusion Hammer","Darkstone Periapt"],"potions_floor_usage":[33,33,50,51],"damage_taken":[{"damage":1.0,"enemies":"Cultist","floor":1.0,"turns":3.0},{"damage":4.0,"enemies":"Small Slimes","floor":2.0,"turns":3.0},{"damage":0.0,"enemies":"2 Louse","floor":4.0,"turns":3.0},{"damage":5.0,"enemies":"Exordium Thugs","floor":7.0,"turns":4.0},{"damage":1.0,"enemies":"Large Slime","floor":10.0,"turns":4.0},{"damage":12.0,"enemies":"Lagavulin","floor":12.0,"turns":7.0},{"damage":11.0,"enemies":"3 Louse","floor":14.0,"turns":3.0},{"damage":15.0,"enemies":"Hexaghost","floor":16.0,"turns":9.0},{"damage":0.0,"enemies":"Spheric Guardian","floor":18.0,"turns":2.0},{"damage":2.0,"enemies":"3 Byrds","floor":20.0,"turns":2.0},{"damage":4.0,"enemies":"Centurion and Healer","floor":21.0,"turns":6.0},{"damage":35.0,"enemies":"Slavers","floor":24.0,"turns":4.0},{"damage":17.0,"enemies":"Shelled Parasite and Fungi","floor":29.0,"turns":4.0},{"damage":0,"enemies":"Sentry and Sphere","floor":30,"turns":3},{"damage":0,"enemies":"Cultist and Chosen","floor":31,"turns":2},{"damage":60,"enemies":"Collector","floor":33,"turns":11},{"damage":0,"enemies":"3 Darklings","floor":35,"turns":2},{"damage":0,"enemies":"Orb Walker","floor":37,"turns":2},{"damage":18,"enemies":"4 Shapes","floor":39,"turns":2},{"damage":0,"enemies":"Sphere and 2 Shapes","floor":46,"turns":1},{"damage":21,"enemies":"Writhing Mass","floor":47,"turns":4},{"damage":3,"enemies":"Transient","floor":48,"turns":6},{"damage":27,"enemies":"Donu and Deca","floor":50,"turns":7},{"damage":36,"enemies":"Awakened One","floor":51,"turns":5}],"seed_played":"-4434023167945971104","potions_obtained":[{"floor":3.0,"key":"Block Potion"},{"floor":3.0,"key":"Block Potion"},{"floor":4.0,"key":"Poison Potion"},{"floor":10.0,"key":"PowerPotion"},{"floor":16.0,"key":"Weak Potion"},{"floor":21.0,"key":"SpeedPotion"},{"floor":24.0,"key":"Dexterity Potion"},{"floor":31,"key":"Block Potion"},{"floor":37,"key":"SpeedPotion"},{"floor":47,"key":"FearPotion"},{"floor":48,"key":"Dexterity Potion"}],"is_trial":false,"path_per_floor":["M","M","?","M","?","R","M","R","T","M","$","E","R","M","R","B",null,"M","?","M","M","$","R","E","R","T","R","?","M","M","M","R","B",null,"M","?","M","$","M","R","$","R","T","R","?","M","M","M","R","B","B",null],"character_chosen":"DEFECT","items_purchased":["Thunder Strike","Orichalcum","Meteor Strike+1"],"campfire_rested":9,"item_purchase_floors":[11,22,38],"current_hp_per_floor":[45,41,41,41,41,41,36,57,57,56,56,44,44,33,33,18,58,58,37,35,31,31,52,17,38,38,59,59,42,42,42,63,3,54,54,54,54,54,36,57,57,71,71,71,71,71,50,47,68,41,5],"gold":79,"neow_bonus":"THREE_RARE_CARDS","is_prod":false,"is_daily":false,"chose_seed":false,"campfire_upgraded":3,"win_rate":0,"timestamp":1541462004,"path_taken":["M","?","?","?","?","R","M","R","T","M","?","E","R","M","R","BOSS","M","?","M","M","$","R","E","R","T","R","?","M","?","M","R","BOSS","M","?","?","$","M","R","$","R","T","R","?","M","?","M","R","BOSS","BOSS"],"build_version":"2018-11-02","purchased_purges":0,"victory":true,"max_hp_per_floor":[71,71,71,71,71,71,71,71,71,71,71,71,71,71,71,71,71,71,71,71,71,71,71,71,71,71,71,71,71,71,71,71,71,71,71,71,71,71,71,71,71,71,71,71,71,71,71,71,71,71,71],"card_choices":[{"not_picked":["Machine Learning","Meteor Strike"],"picked":"Fission","floor":0.0},{"not_picked":["Steam","Coolheaded"],"picked":"Undo","floor":1.0},{"not_picked":["Capacitor","Hologram"],"picked":"Sweeping Beam","floor":2.0},{"not_picked":["FTL","Barrage"],"picked":"Ball Lightning","floor":4.0},{"not_picked":["Streamline","Skim"],"picked":"Turbo","floor":7.0},{"not_picked":["Redo","Turbo"],"picked":"Melter","floor":10.0},{"not_picked":["Conserve Battery","Consume"],"picked":"Reinforced Body","floor":12.0},{"not_picked":["Turbo","Leap"],"picked":"Beam Cell+1","floor":14.0},{"not_picked":["Seek","Fission"],"picked":"Meteor Strike+1","floor":16.0},{"not_picked":["Storm","Barrage+1","Turbo+1"],"picked":"SKIP","floor":18.0},{"not_picked":["Turbo","Steam Power+1"],"picked":"Skim","floor":20.0},{"not_picked":["Hello World+1","Compile Driver+1","Skim"],"picked":"SKIP","floor":21.0},{"not_picked":["Gash+1","Coolheaded"],"picked":"Compile Driver+1","floor":24.0},{"not_picked":["Leap","Genetic Algorithm"],"picked":"Streamline+1","floor":29.0},{"not_picked":["Barrage+1","Static Discharge"],"picked":"Ball Lightning+1","floor":30},{"not_picked":["Redo","Barrage+1"],"picked":"Machine Learning","floor":31},{"not_picked":["Hyperbeam+1","Seek"],"picked":"Electrodynamics","floor":33},{"not_picked":["Compile Driver+1","Streamline+1","Go for the Eyes+1"],"picked":"SKIP","floor":35},{"not_picked":["Beam Cell+1","Coolheaded","Cold Snap+1"],"picked":"SKIP","floor":37},{"not_picked":["Go for the Eyes+1","Steam"],"picked":"Consume","floor":39},{"not_picked":["Beam Cell+1","Barrage+1"],"picked":"Cold Snap+1","floor":46},{"not_picked":["Sweeping Beam+1","Tempest"],"picked":"Leap+1","floor":47},{"not_picked":["Static Discharge","Go for the Eyes+1"],"picked":"Coolheaded+1","floor":48}],"player_experience":779956,"relics_obtained":[{"floor":9.0,"key":"Bronze Scales"},{"floor":12.0,"key":"Molten Egg 2"},{"floor":19.0,"key":"Nilry\u0027s Codex"},{"floor":24.0,"key":"Whetstone"},{"floor":26.0,"key":"Shuriken"},{"floor":43,"key":"Darkstone Periapt"}],"event_choices":[{"damage_healed":0.0,"max_hp_gain":0.0,"max_hp_loss":0.0,"gold_gain":0.0,"event_name":"Lab","player_choice":"Got Potions","floor":3.0,"gold_loss":0.0,"damage_taken":0.0},{"cards_removed":["Strike_B"],"damage_healed":0.0,"max_hp_gain":0.0,"max_hp_loss":0.0,"gold_gain":0.0,"event_name":"The Cleric","player_choice":"Card Removal","floor":5.0,"gold_loss":75.0,"damage_taken":0.0},{"damage_healed":0.0,"max_hp_gain":0.0,"max_hp_loss":0.0,"gold_gain":0.0,"event_name":"Cursed Tome","player_choice":"Obtained Book","floor":19.0,"gold_loss":0.0,"damage_taken":21.0},{"damage_healed":0.0,"max_hp_gain":0.0,"max_hp_loss":0.0,"gold_gain":0.0,"event_name":"Ghosts","player_choice":"Ignored","floor":28.0,"gold_loss":0.0,"damage_taken":0.0},{"cards_removed":["Strike_B"],"damage_healed":0,"gold_gain":0,"player_choice":"Card Removal","damage_taken":0,"max_hp_gain":0,"max_hp_loss":0,"event_name":"Wheel of Change","floor":36,"gold_loss":0},{"damage_healed":0,"gold_gain":0,"player_choice":"Upgraded","damage_taken":0,"max_hp_gain":0,"max_hp_loss":0,"event_name":"Upgrade Shrine","floor":45,"gold_loss":0,"cards_upgraded":["Consume"]}],"is_beta":true,"boss_relics":[{"not_picked":["Sozu","FrozenCore"],"picked":"Snecko Eye"},{"not_picked":["Empty Cage","Nuclear Battery"],"picked":"Fusion Hammer"}],"items_purged_floors":[],"is_endless":false,"potions_floor_spawned":[4,10,14,16,21,24,31,37,47,48],"ascension_level":20}