{"gold_per_floor":[109,34,34,47,61,91,91,91,91,91,29,64,88,131,143,233,245,247,5,53,64,64,64,96,96,141,18,38,65,81,130,130,204,204,221,57,70,83,1082,1111,1111,1111,1136,1155,1165,40,59,59,59,59],"floor_reached":51,"playtime":4652,"items_purged":["Strike_B","Machine Learning","Strike_B","Defend_B"],"score":1254,"play_id":"d9a97f56-957d-4241-8f91-d39802a9e0f3","local_time":"20190224221732","is_ascension_mode":true,"campfire_choices":[{"data":"Defragment","floor":8.0,"key":"SMITH"},{"floor":10.0,"key":"REST"},{"floor":15.0,"key":"REST"},{"data":"Echo Form","floor":23.0,"key":"SMITH"},{"floor":25.0,"key":"REST"},{"floor":32.0,"key":"REST"},{"data":"Recycle","floor":41.0,"key":"SMITH"},{"floor":49.0,"key":"REST"}],"neow_cost":"NONE","seed_source_timestamp":18727787523594,"circlet_count":0,"master_deck":["AscendersBane","Defend_B","Defend_B","Defend_B","Zap","Dualcast","Cold Snap","Reinforced Body","Defragment+1","Seek","Echo Form+1","Self Repair","Loop","Glacier","Defragment","Electrodynamics","Go for the Eyes+1","Tempest+1","Conserve Battery","Hologram+1","Steam","Core Surge+1","Consume","Core Surge+1","Recycle+1","Secret Technique","Enlightenment","Aggregate","Seek"],"special_seed":0,"relics":["Cracked Core","Pear","The Courier","Omamori","MawBank","Molten Egg 2","Runic Pyramid","Dream Catcher","Centennial Puzzle","Darkstone Periapt","Oddly Smooth Stone","Orichalcum","Ancient Tea Set","Inserter","Thread and Needle","Boot","DataDisk","Bronze Scales","Frozen Eye","Regal Pillow","Symbiotic Virus","Pen Nib"],"potions_floor_usage":[50],"damage_taken":[{"damage":2.0,"enemies":"2 Louse","floor":1.0,"turns":3.0},{"damage":5.0,"enemies":"Jaw Worm","floor":4.0,"turns":3.0},{"damage":1.0,"enemies":"Cultist","floor":5.0,"turns":4.0},{"damage":32.0,"enemies":"Gremlin Nob","floor":6.0,"turns":5.0},{"damage":9.0,"enemies":"Lagavulin","floor":12.0,"turns":9.0},{"damage":28.0,"enemies":"Exordium Wildlife","floor":13.0,"turns":5.0},{"damage":20.0,"enemies":"3 Sentries","floor":14.0,"turns":7.0},{"damage":8.0,"enemies":"Hexaghost","floor":16.0,"turns":12.0},{"damage":23.0,"enemies":"2 Thieves","floor":18.0,"turns":4.0},{"damage":12.0,"enemies":"Chosen","floor":21.0,"turns":5.0},{"damage":35.0,"enemies":"Slavers","floor":24.0,"turns":3.0},{"damage":6.0,"enemies":"Shelled Parasite and Fungi","floor":28.0,"turns":8.0},{"damage":21.0,"enemies":"Book of Stabbing","floor":29.0,"turns":6.0},{"damage":8.0,"enemies":"Snecko","floor":30.0,"turns":5.0},{"damage":6.0,"enemies":"Collector","floor":33.0,"turns":10.0},{"damage":34.0,"enemies":"3 Darklings","floor":35.0,"turns":5.0},{"damage":1.0,"enemies":"Orb Walker","floor":37.0,"turns":7.0},{"damage":8.0,"enemies":"Spire Growth","floor":38.0,"turns":7.0},{"damage":7.0,"enemies":"Nemesis","floor":40.0,"turns":12.0},{"damage":22.0,"enemies":"3 Darklings","floor":44.0,"turns":6.0},{"damage":16.0,"enemies":"Sphere and 2 Shapes","floor":45.0,"turns":4.0},{"damage":0.0,"enemies":"Maw","floor":47.0,"turns":6.0},{"damage":2,"enemies":"Time Eater","floor":50,"turns":12}],"seed_played":"-6947510464070159879","potions_obtained":[{"floor":1.0,"key":"Poison Potion"},{"floor":4.0,"key":"EssenceOfSteel"},{"floor":16.0,"key":"SteroidPotion"},{"floor":18.0,"key":"FearPotion"},{"floor":21.0,"key":"Block Potion"},{"floor":35.0,"key":"PowerPotion"},{"floor":44.0,"key":"Weak Potion"}],"is_trial":false,"path_per_floor":["M","?","?","M","M","E","?","R","T","R","$","E","M","E","R","B",null,"M","$","T","M","?","R","E","R","T","$","M","E","M","T","R","B",null,"M","$","M","M","?","E","R","?","T","M","M","$","M","T","R","B",null],"character_chosen":"DEFECT","items_purchased":["Seek","Defragment","Electrodynamics","Poison Potion","Core Surge+1","DataDisk","Bronze Scales","Secret Technique","Enlightenment","Frozen Eye","Regal Pillow","Symbiotic Virus","Aggregate"],"campfire_rested":5,"item_purchase_floors":[11,19,19,27,36,46,46,46,46,46,46,46,46],"current_hp_per_floor":[62,62,71,66,65,43,43,43,43,67,67,58,30,10,34,40,71,48,48,48,50,50,50,15,39,39,39,47,40,39,39,63,64,77,43,43,56,62,68,68,68,68,68,60,51,51,58,58,87,87],"gold":59,"neow_bonus":"REMOVE_CARD","is_prod":false,"is_daily":false,"chose_seed":false,"campfire_upgraded":3,"win_rate":0,"timestamp":1551068252,"path_taken":["M","?","?","M","?","E","?","R","T","R","$","E","M","E","R","BOSS","M","$","?","?","?","R","E","R","T","?","M","E","M","?","R","BOSS","M","$","M","M","?","E","R","?","T","M","M","$","?","?","R","BOSS"],"build_version":"2019-01-23","purchased_purges":4,"victory":true,"max_hp_per_floor":[71,71,71,71,71,81,81,81,81,81,81,81,81,81,81,81,81,81,81,81,81,81,81,81,81,81,81,81,81,81,81,81,81,81,81,81,81,81,87,87,87,87,87,87,87,87,87,87,87,87],"card_choices":[{"not_picked":["Fusion","Lockon"],"picked":"Cold Snap","floor":1.0},{"not_picked":["Undo","Compile Driver"],"picked":"Reinforced Body","floor":4.0},{"not_picked":["Sunder","Gash"],"picked":"Defragment","floor":5.0},{"not_picked":["Meteor Strike","Redo","Gash"],"picked":"SKIP","floor":6.0},{"not_picked":["Stack","Go for the Eyes"],"picked":"Echo Form","floor":12.0},{"not_picked":["Go for the Eyes","Tempest"],"picked":"Self Repair","floor":13.0},{"not_picked":["Hello World","Barrage"],"picked":"Loop","floor":14.0},{"not_picked":["Multi-Cast","Reboot"],"picked":"Machine Learning","floor":16.0},{"not_picked":["Hologram","Barrage+1"],"picked":"Glacier","floor":18.0},{"not_picked":["Leap","Tempest"],"picked":"Go for the Eyes+1","floor":21.0},{"not_picked":["Multi-Cast","Cold Snap+1"],"picked":"Tempest+1","floor":24.0},{"not_picked":["Fusion","Streamline+1"],"picked":"Conserve Battery","floor":25.0},{"not_picked":["Conserve Battery+1","Leap"],"picked":"Hologram+1","floor":28.0},{"not_picked":["Gash+1","Fusion","Fission"],"picked":"SKIP","floor":29.0},{"not_picked":["Beam Cell+1","Leap"],"picked":"Steam","floor":30.0},{"not_picked":["Amplify","All For One+1"],"picked":"Core Surge+1","floor":33.0},{"not_picked":["Auto Shields","Skim"],"picked":"Consume","floor":35.0},{"not_picked":["Self Repair","Chill","Lockon+1"],"picked":"SKIP","floor":37.0},{"not_picked":["Streamline+1","Compile Driver+1"],"picked":"Recycle","floor":38.0},{"not_picked":["Go for the Eyes+1","Rebound+1","Tempest"],"picked":"SKIP","floor":40.0},{"not_picked":["Rip and Tear+1","Rebound+1","Turbo"],"picked":"SKIP","floor":44.0},{"not_picked":["Stack+1","Hologram","Fusion"],"picked":"SKIP","floor":45.0},{"not_picked":["Rebound+1","Hologram","Conserve Battery"],"picked":"SKIP","floor":47.0},{"not_picked":["Conserve Battery","Redo+1"],"picked":"Seek","floor":49.0}],"player_experience":494672,"relics_obtained":[{"floor":6.0,"key":"Pear"},{"floor":9.0,"key":"Omamori"},{"floor":12.0,"key":"MawBank"},{"floor":14.0,"key":"Molten Egg 2"},{"floor":20.0,"key":"Dream Catcher"},{"floor":24.0,"key":"Darkstone Periapt"},{"floor":26.0,"key":"Oddly Smooth Stone"},{"floor":29.0,"key":"Orichalcum"},{"floor":31.0,"key":"Ancient Tea Set"},{"floor":40.0,"key":"Thread and Needle"},{"floor":43.0,"key":"Boot"},{"floor":48.0,"key":"Pen Nib"}],"event_choices":[{"cards_removed":["Strike_B"],"damage_healed":0.0,"max_hp_gain":0.0,"max_hp_loss":0.0,"gold_gain":0.0,"event_name":"The Cleric","player_choice":"Card Removal","floor":2.0,"gold_loss":75.0,"damage_taken":0.0},{"damage_healed":9.0,"max_hp_gain":0.0,"max_hp_loss":0.0,"gold_gain":0.0,"event_name":"Wheel of Change","player_choice":"Full Heal","floor":3.0,"gold_loss":0.0,"damage_taken":0.0},{"damage_healed":0.0,"max_hp_gain":0.0,"max_hp_loss":0.0,"gold_gain":0.0,"event_name":"WeMeetAgain","player_choice":"Gave Potion","floor":7.0,"gold_loss":0.0,"damage_taken":0.0,"relics_obtained":["The Courier"]},{"damage_healed":0.0,"max_hp_gain":0.0,"max_hp_loss":0.0,"gold_gain":0.0,"event_name":"The Mausoleum","player_choice":"Opened","floor":22.0,"gold_loss":0.0,"damage_taken":0.0,"relics_obtained":["Centennial Puzzle"],"cards_obtained":["Writhe"]},{"damage_healed":0.0,"max_hp_gain":0.0,"max_hp_loss":0.0,"gold_gain":999.0,"event_name":"MindBloom","player_choice":"Gold","floor":39.0,"gold_loss":0.0,"damage_taken":0.0,"cards_obtained":["Normality","Normality"]},{"cards_removed":["Normality"],"damage_healed":0.0,"max_hp_gain":0.0,"max_hp_loss":0.0,"gold_gain":0.0,"event_name":"Purifier","player_choice":"Purged","floor":42.0,"gold_loss":0.0,"damage_taken":0.0}],"is_beta":false,"boss_relics":[{"not_picked":["Tiny House","Orrery"],"picked":"Runic Pyramid"},{"not_picked":["Snecko Eye","Lizard Tail"],"picked":"Inserter"}],"items_purged_floors":[19,27,36,46],"is_endless":false,"potions_floor_spawned":[1,4,6,16,18,21,28,35,44],"ascension_level":16}