{"gold_per_floor":[116,116,32,44,64,64,96,111,136,136,169,169,41,69,69,143,143,163,163,28,28,44,44,72,84,96,108,140,167,179],"floor_reached":30,"playtime":1020,"items_purged":[],"score":582,"play_id":"3f639ebc-be3a-4775-988e-15b9c18aaee4","local_time":"20181124145015","is_ascension_mode":true,"campfire_choices":[{"data":"Bash","floor":6,"key":"SMITH"},{"data":"Feed","floor":10,"key":"SMITH"},{"floor":12,"key":"REST"},{"floor":15,"key":"REST"},{"floor":23,"key":"REST"},{"floor":25,"key":"REST"},{"data":"True Grit","floor":27,"key":"SMITH"}],"neow_cost":"PERCENT_DAMAGE","seed_source_timestamp":10037235870792,"circlet_count":0,"master_deck":["AscendersBane","Strike_R","Strike_R","Strike_R","Strike_R","Defend_R","Defend_R","Defend_R","Defend_R","Bash+1","Feed+1","Inflame","Inflame","Iron Wave","Headbutt","Cleave","Headbutt","Intimidate","Brutality","True Grit+1","Rupture","Shrug It Off","Iron Wave"],"relics":["Burning Blood","Omamori","Bronze Scales","Strawberry","Tiny Chest","Boot","Busted Crown","Shuriken","MawBank","Paper Frog"],"potions_floor_usage":[8,11,16,24,24],"damage_taken":[{"damage":14,"enemies":"Jaw Worm","floor":1,"turns":3},{"damage":2,"enemies":"Cultist","floor":4,"turns":4},{"damage":4,"enemies":"2 Louse","floor":5,"turns":3},{"damage":30,"enemies":"Lagavulin","floor":7,"turns":6},{"damage":2,"enemies":"Looter","floor":8,"turns":3},{"damage":27,"enemies":"Gremlin Nob","floor":11,"turns":4},{"damage":30,"enemies":"Lagavulin","floor":14,"turns":7},{"damage":62,"enemies":"The Guardian","floor":16,"turns":10},{"damage":29,"enemies":"Spheric Guardian","floor":18,"turns":4},{"damage":37,"enemies":"Shell Parasite","floor":22,"turns":5},{"damage":57,"enemies":"Book of Stabbing","floor":24,"turns":5},{"damage":27,"enemies":"Snake Plant","floor":28,"turns":4},{"damage":8,"enemies":"3 Cultists","floor":29,"turns":4},{"damage":32,"enemies":"Sentry and Sphere","floor":30,"turns":5}],"seed_played":"8968905928614884814","potions_obtained":[{"floor":1,"key":"LiquidBronze"},{"floor":4,"key":"Explosive Potion"},{"floor":8,"key":"Poison Potion"},{"floor":18,"key":"SpeedPotion"},{"floor":22,"key":"Poison Potion"},{"floor":28,"key":"Poison Potion"}],"is_trial":false,"path_per_floor":["M","?","$","M","M","R","E","M","T","R","E","R","$","E","R","B",null,"M","T","$","?","M","R","E","R","T","R","M","M","M"],"character_chosen":"IRONCLAD","items_purchased":["Inflame","Tiny Chest","Rupture","Shrug It Off"],"campfire_rested":4,"item_purchase_floors":[3,13,20,20],"current_hp_per_floor":[45,45,45,52,57,57,36,43,43,43,29,58,58,34,63,11,79,60,60,60,60,29,60,9,40,40,40,23,25,0],"gold":179,"neow_bonus":"THREE_RARE_CARDS","is_prod":false,"is_daily":false,"chose_seed":false,"campfire_upgraded":3,"win_rate":0,"timestamp":1543067415,"path_taken":["M","?","$","M","M","R","E","M","T","R","E","R","?","E","R","BOSS","M","?","$","?","M","R","E","R","T","R","M","M","M"],"build_version":"2018-11-15","purchased_purges":0,"victory":false,"max_hp_per_floor":[78,78,78,81,84,84,87,90,90,90,97,97,97,97,97,101,101,105,105,105,105,105,105,105,105,105,105,109,113,117],"card_choices":[{"not_picked":["Reaper","Impervious"],"picked":"Feed","floor":0},{"not_picked":["Pommel Strike","Wild Strike"],"picked":"Inflame","floor":1},{"not_picked":["Metallicize","Pommel Strike"],"picked":"Iron Wave","floor":4},{"not_picked":["Hemokinesis","Wild Strike"],"picked":"Headbutt","floor":5},{"not_picked":["Metallicize","Wild Strike"],"picked":"Cleave","floor":7},{"not_picked":["Twin Strike","Flex"],"picked":"Headbutt","floor":8},{"not_picked":["Fire Breathing","Dual Wield","Clash"],"picked":"SKIP","floor":11},{"not_picked":["Anger","Dark Embrace"],"picked":"Intimidate","floor":14},{"not_picked":["Barricade","Berserk"],"picked":"Brutality","floor":16},{"not_picked":[],"picked":"True Grit","floor":18},{"not_picked":["Thunderclap"],"picked":"SKIP","floor":22},{"not_picked":["Rupture"],"picked":"SKIP","floor":24},{"not_picked":["Anger"],"picked":"SKIP","floor":28},{"not_picked":[],"picked":"Iron Wave","floor":29}],"player_experience":823058,"relics_obtained":[{"floor":7,"key":"Omamori"},{"floor":9,"key":"Bronze Scales"},{"floor":11,"key":"Strawberry"},{"floor":14,"key":"Boot"},{"floor":19,"key":"Shuriken"},{"floor":24,"key":"MawBank"},{"floor":26,"key":"Paper Frog"}],"event_choices":[{"cards_removed":["Strike_R"],"damage_healed":0,"gold_gain":0,"player_choice":"Offered Basic","damage_taken":0,"max_hp_gain":0,"max_hp_loss":0,"event_name":"Bonfire Elementals","floor":2,"gold_loss":0},{"damage_healed":0,"gold_gain":0,"player_choice":"Ignored","damage_taken":0,"max_hp_gain":0,"max_hp_loss":0,"event_name":"Beggar","floor":21,"gold_loss":0}],"is_beta":true,"boss_relics":[{"not_picked":["Black Blood","Fusion Hammer"],"picked":"Busted Crown"}],"items_purged_floors":[],"is_endless":false,"potions_floor_spawned":[1,4,8,18,22,28],"killed_by":"Sentry and Sphere","ascension_level":20}