{"gold_per_floor":[109,125,26,76,94,126,126,158,158,158,158,186,22,53,53,130,130,130,130,142,153,153],"floor_reached":22,"playtime":642,"items_purged":["Strike_B"],"score":474,"play_id":"3c8ab088-ddc1-4356-9c9c-7448280a9105","local_time":"20190202181446","is_ascension_mode":true,"campfire_choices":[{"data":"Zap","floor":7,"key":"SMITH"},{"floor":10,"key":"REST"},{"data":"Loop","floor":15,"key":"SMITH"}],"neow_cost":"NONE","seed_source_timestamp":19561255000175,"circlet_count":0,"master_deck":["AscendersBane","Strike_B","Strike_B","Strike_B","Defend_B","Defend_B","Defend_B","Defend_B","Zap+1","Dualcast","Gash","Compile Driver","Conserve Battery","Gash","Electrodynamics","Loop+1","Ball Lightning","Fission","Ball Lightning","Undo"],"relics":["Cracked Core","NeowsBlessing","Omamori","Symbiotic Virus","Anchor","Pear","Oddly Smooth Stone","Smiling Mask","Philosopher\u0027s Stone","Necronomicon"],"potions_floor_usage":[6,8,18],"damage_taken":[{"damage":0,"enemies":"2 Louse","floor":1,"turns":1},{"damage":0,"enemies":"Cultist","floor":2,"turns":1},{"damage":0,"enemies":"Small Slimes","floor":5,"turns":1},{"damage":23,"enemies":"3 Sentries","floor":6,"turns":9},{"damage":17,"enemies":"Lagavulin","floor":8,"turns":7},{"damage":32,"enemies":"Gremlin Nob","floor":12,"turns":4},{"damage":0,"enemies":"3 Sentries","floor":14,"turns":3},{"damage":30,"enemies":"Slime Boss","floor":16,"turns":7},{"damage":0,"enemies":"3 Byrds","floor":18,"turns":2},{"damage":24,"enemies":"Spheric Guardian","floor":20,"turns":4},{"damage":8,"enemies":"Centurion and Healer","floor":21,"turns":5},{"damage":13,"enemies":"3 Cultists","floor":22,"turns":3}],"seed_played":"-1578673340555146503","potions_obtained":[{"floor":5,"key":"Fire Potion"},{"floor":6,"key":"PowerPotion"},{"floor":8,"key":"SkillPotion"},{"floor":12,"key":"Strength Potion"},{"floor":14,"key":"SmokeBomb"},{"floor":20,"key":"Dexterity Potion"}],"is_trial":false,"path_per_floor":["M","M","$","?","M","E","R","E","T","R","?","E","$","E","R","B",null,"M","?","M","M","M"],"character_chosen":"DEFECT","items_purchased":["Compile Driver","Oddly Smooth Stone"],"campfire_rested":1,"item_purchase_floors":[3,13],"current_hp_per_floor":[64,64,64,57,57,34,34,17,17,38,71,49,49,49,49,19,66,66,45,21,13,0],"gold":153,"neow_bonus":"THREE_ENEMY_KILL","is_prod":false,"is_daily":false,"chose_seed":false,"campfire_upgraded":2,"win_rate":0,"timestamp":1549127686,"path_taken":["M","M","$","?","?","E","R","E","T","R","?","E","?","E","R","BOSS","M","?","M","M","M"],"build_version":"2019-01-23","purchased_purges":1,"victory":false,"max_hp_per_floor":[71,71,71,71,71,71,71,71,71,71,71,81,81,81,81,81,81,81,81,81,81,81],"card_choices":[{"not_picked":["Beam Cell","Steam Power"],"picked":"Gash","floor":1},{"not_picked":["Coolheaded","White Noise"],"picked":"Doom and Gloom","floor":2},{"not_picked":["Storm","Compile Driver"],"picked":"Conserve Battery","floor":5},{"not_picked":["Beam Cell","Reinforced Body"],"picked":"Gash","floor":6},{"not_picked":["White Noise","Barrage"],"picked":"Electrodynamics","floor":8},{"not_picked":["BootSequence","Cold Snap"],"picked":"Loop","floor":12},{"not_picked":["Scrape","Aggregate"],"picked":"Ball Lightning","floor":14},{"not_picked":["Hyperbeam","Buffer"],"picked":"Fission","floor":16},{"not_picked":["Double Energy","Barrage"],"picked":"Ball Lightning","floor":20},{"not_picked":["Beam Cell","FTL"],"picked":"Undo","floor":21}],"player_experience":945939,"relics_obtained":[{"floor":6,"key":"Omamori"},{"floor":8,"key":"Symbiotic Virus"},{"floor":9,"key":"Anchor"},{"floor":12,"key":"Pear"},{"floor":14,"key":"Smiling Mask"},{"floor":19,"key":"Necronomicon"}],"event_choices":[{"damage_healed":0,"gold_gain":50,"player_choice":"Touch","damage_taken":7,"max_hp_gain":0,"max_hp_loss":0,"event_name":"FaceTrader","floor":4,"gold_loss":0},{"cards_removed":["Doom and Gloom"],"damage_healed":33,"gold_gain":0,"player_choice":"Offered Uncommon","damage_taken":0,"max_hp_gain":0,"max_hp_loss":0,"event_name":"Bonfire Elementals","floor":11,"gold_loss":0},{"damage_healed":0,"gold_gain":0,"player_choice":"Obtained Book","damage_taken":21,"max_hp_gain":0,"max_hp_loss":0,"event_name":"Cursed Tome","floor":19,"gold_loss":0}],"is_beta":true,"boss_relics":[{"not_picked":["Ectoplasm","Orrery"],"picked":"Philosopher\u0027s Stone"}],"items_purged_floors":[3],"is_endless":false,"potions_floor_spawned":[5,6,8,12,14,18,20],"killed_by":"3 Cultists","ascension_level":20}