{"path_per_floor":["M","$","M","$","?","R","M","?","T","M","R","M","M","$","R","B",null,"M","?","$","M","M","R","M","R","T","M","M","$","M","?","R","B",null,"M","M","?","$","$","R","?","R","T","R","M"],"character_chosen":"THE_SILENT","items_purchased":["Noxious Fumes","Noxious Fumes","PiercingWail","Apotheosis","Bullet Time","Distraction"],"gold_per_floor":[109,27,47,47,47,47,66,66,66,80,80,101,115,18,18,143,143,156,156,81,105,128,128,142,142,196,219,232,33,46,46,46,177,177,197,216,216,43,5,5,338,338,390,390,401],"floor_reached":46,"campfire_rested":4,"playtime":2664,"current_hp_per_floor":[69,69,68,68,68,68,66,66,73,73,73,69,73,73,73,62,77,71,71,71,64,47,71,63,83,83,65,11,11,11,11,51,19,85,47,47,47,47,47,85,85,85,85,85,49],"items_purged":["Pain","Decay"],"gold":401,"score":437,"play_id":"9a6641c7-d7dc-4324-90d4-6628473eb655","local_time":"20180320055248","is_prod":false,"is_daily":false,"is_ascension_mode":false,"campfire_upgraded":5,"timestamp":1521534168,"path_taken":["M","$","M","$","?","R","M","?","T","M","R","M","M","?","R","BOSS","M","?","$","M","M","R","M","R","T","M","M","$","M","?","R","BOSS","M","M","?","?","$","R","?","R","T","R","M","M"],"build_version":"2018-03-15v3","purchased_purges":2,"victory":false,"master_deck":["Defend_G","Defend_G","Defend_G","Defend_G","Defend_G","Strike_G","Strike_G","Strike_G","Strike_G","Strike_G","Survivor","Neutralize","Dagger Throw","Noxious Fumes+1","Heel Hook","Injury","Unload+1","Backflip+1","Bouncing Flask","Noxious Fumes+1","PiercingWail","Tools of the Trade","Parasite","Bane","Crippling Poison+1","Apotheosis+1","PiercingWail","Envenom+1","Bouncing Flask+1","Outmaneuver+1","Bullet Time","Distraction"],"max_hp_per_floor":[70,70,70,70,70,70,70,70,77,77,77,77,77,77,77,77,77,77,77,77,79,81,81,83,83,83,83,85,85,85,85,85,85,85,85,85,85,85,85,85,85,85,85,85,87],"relics":["White Beast Statue","Strawberry","Calling Bell","Bag of Marbles","Tough Bandages","Singing Bowl","Regal Pillow","Runic Pyramid","Dream Catcher"],"card_choices":[{"not_picked":["Finisher","Acrobatics"],"picked":"Dagger Throw"},{"not_picked":["Finisher","Quick Slash"],"picked":"Dash"},{"not_picked":["Expertise","Dagger Throw"],"picked":"Unload"},{"not_picked":["Terror","Poisoned Stab"],"picked":"Backflip"},{"not_picked":["Dash","Flying Knee"],"picked":"Bouncing Flask"},{"not_picked":["Storm of Steel","Venomology"],"picked":"Tools of the Trade"},{"not_picked":["Quick Slash","Flying Knee"],"picked":"Bane"},{"not_picked":["Dodge and Roll","Slice"],"picked":"Crippling Poison"},{"not_picked":["Poisoned Stab","Skewer"],"picked":"PiercingWail"},{"not_picked":["Tactician","Unload"],"picked":"Envenom"},{"not_picked":["Cloak And Dagger","Expertise"],"picked":"Bouncing Flask"},{"not_picked":["Accuracy","Noxious Fumes"],"picked":"Outmaneuver"}],"player_experience":202973,"potions_floor_usage":[10,13,13,16,16,21,21,22,24,27,28,30,33,35,36,45,45,46,46],"damage_taken":[{"damage":1,"enemies":"Jaw Worm","floor":1,"turns":5},{"damage":1,"enemies":"Cultist","floor":3,"turns":4},{"damage":2,"enemies":"Small Slimes","floor":7,"turns":4},{"damage":0,"enemies":"2 Fungi Beasts","floor":10,"turns":4},{"damage":4,"enemies":"Blue Slaver","floor":12,"turns":5},{"damage":2,"enemies":"Looter","floor":13,"turns":3},{"damage":11,"enemies":"Hexaghost","floor":16,"turns":9},{"damage":6,"enemies":"Shell Parasite","floor":18,"turns":6},{"damage":9,"enemies":"Chosen","floor":21,"turns":6},{"damage":19,"enemies":"Sentry and Sphere","floor":22,"turns":7},{"damage":25,"enemies":"Centurion and Healer","floor":24,"turns":7},{"damage":18,"enemies":"3 Cultists","floor":27,"turns":6},{"damage":56,"enemies":"Cultist and Chosen","floor":28,"turns":9},{"damage":15,"enemies":"Centurion and Healer","floor":30,"turns":9},{"damage":32,"enemies":"Champ","floor":33,"turns":15},{"damage":38,"enemies":"Orb Walker","floor":35,"turns":5},{"damage":0,"enemies":"3 Shapes","floor":36,"turns":8},{"damage":38,"enemies":"3 Darklings","floor":45,"turns":6},{"damage":54,"enemies":"4 Shapes","floor":46,"turns":4}],"event_choices":[{"event_name":"Transmorgrifier","player_choice":"Transform","floor":5,"damage_taken":0},{"event_name":"Golden Idol","player_choice":"Take Wound","floor":8,"damage_taken":0},{"event_name":"Drug Dealer","player_choice":"Ignored","floor":19,"damage_taken":0},{"event_name":"Upgrade Shrine","player_choice":"Upgraded","floor":31,"damage_taken":0},{"event_name":"The Lab","player_choice":"Got Potions","floor":37,"damage_taken":0},{"event_name":"The Moai Head","player_choice":"Gave Idol","floor":41,"damage_taken":0}],"boss_relics":[{"not_picked":["Question Card","Velvet Choker"],"picked":"Calling Bell"},{"not_picked":["Lizard Tail","Pandora\u0027s Box"],"picked":"Runic Pyramid"}],"potions_floor_spawned":[1,3,7,10,12,13,16,18,21,22,24,27,28,30,33,35,36,45],"seed_played":"-7538677885752740977","killed_by":"4 Shapes","ascension_level":0,"is_trial":false}