{"gold_per_floor":[116,132,149,24,24,24,58,69,69,69,80,94,53,64,64,141,141,158,178,192,205,25,25,59,1,1,1,18,18,28,58,58,132,132,148,163,217,270,51,51,76,93,93,103,103,0,0,0,0,0],"floor_reached":50,"playtime":4171,"items_purged":["Strike_B"],"score":1022,"play_id":"1d1aeec1-2a9f-4e81-a3df-b8037634268c","local_time":"20190215144543","is_ascension_mode":true,"campfire_choices":[{"data":"Sweeping Beam","floor":6.0,"key":"SMITH"},{"floor":10.0,"key":"REST"},{"floor":15.0,"key":"REST"},{"data":"Buffer","floor":23,"key":"SMITH"},{"floor":27,"key":"REST"},{"floor":32,"key":"REST"},{"data":"Fission","floor":40,"key":"SMITH"},{"data":"Chaos","floor":45,"key":"SMITH"},{"floor":49,"key":"REST"}],"neow_cost":"NONE","seed_source_timestamp":138587470276465,"circlet_count":0,"master_deck":["AscendersBane","Strike_B","Strike_B","Defend_B","Defend_B","Defend_B+1","Defend_B","Zap+1","Dualcast","Cold Snap","Cold Snap","Genetic Algorithm","Sweeping Beam+1","Compile Driver","Doom and Gloom","Conserve Battery","Compile Driver","Self Repair","Hologram","Buffer+1","Coolheaded","Compile Driver+1","Coolheaded","Capacitor","Multi-Cast","Conserve Battery+1","Conserve Battery","Electrodynamics","Chaos+1","Fission+1","Core Surge","Redo","Hologram","Static Discharge","Static Discharge+1","Purity","Master of Strategy"],"special_seed":0,"relics":["Cracked Core","War Paint","Pen Nib","Dodecahedron","Velvet Choker","Letter Opener","Bronze Scales","Bottled Lightning","Runic Pyramid","Calipers","Art of War","Chemical X","Juzu Bracelet","Gambling Chip","Red Mask","Orichalcum"],"potions_floor_usage":[28,30,31,33,44,50,50],"damage_taken":[{"damage":0.0,"enemies":"Small Slimes","floor":1.0,"turns":3.0},{"damage":0.0,"enemies":"Cultist","floor":2.0,"turns":4.0},{"damage":12.0,"enemies":"Jaw Worm","floor":3.0,"turns":2.0},{"damage":52.0,"enemies":"Gremlin Nob","floor":7.0,"turns":6.0},{"damage":4.0,"enemies":"Exordium Thugs","floor":8.0,"turns":4.0},{"damage":22.0,"enemies":"Exordium Wildlife","floor":11.0,"turns":3.0},{"damage":1.0,"enemies":"Blue Slaver","floor":12.0,"turns":4.0},{"damage":0.0,"enemies":"Large Slime","floor":14.0,"turns":4.0},{"damage":5.0,"enemies":"The Guardian","floor":16.0,"turns":12.0},{"damage":12.0,"enemies":"3 Byrds","floor":18.0,"turns":5.0},{"damage":14.0,"enemies":"Shell Parasite","floor":19.0,"turns":7.0},{"damage":22,"enemies":"Snecko","floor":20,"turns":8},{"damage":4,"enemies":"Shelled Parasite and Fungi","floor":21,"turns":9},{"damage":38,"enemies":"Book of Stabbing","floor":24,"turns":7},{"damage":11,"enemies":"Snake Plant","floor":28,"turns":4},{"damage":7,"enemies":"Centurion and Healer","floor":30,"turns":7},{"damage":12,"enemies":"Gremlin Leader","floor":31,"turns":8},{"damage":36,"enemies":"Automaton","floor":33,"turns":9},{"damage":0,"enemies":"3 Shapes","floor":35,"turns":5},{"damage":0,"enemies":"3 Darklings","floor":36,"turns":5},{"damage":25,"enemies":"2 Orb Walkers","floor":37,"turns":4},{"damage":0,"enemies":"Giant Head","floor":41,"turns":8},{"damage":2,"enemies":"Jaw Worm Horde","floor":42,"turns":3},{"damage":36,"enemies":"Maw","floor":44,"turns":8},{"damage":60,"enemies":"Awakened One","floor":50,"turns":9}],"seed_played":"-3009967018024433746","potions_obtained":[{"floor":3.0,"key":"Regen Potion"},{"floor":7.0,"key":"PowerPotion"},{"floor":8.0,"key":"PowerPotion"},{"floor":16.0,"key":"SteroidPotion"},{"floor":21,"key":"FearPotion"},{"floor":24,"key":"SkillPotion"},{"floor":28,"key":"Energy Potion"},{"floor":30,"key":"PowerPotion"},{"floor":31,"key":"Regen Potion"},{"floor":41,"key":"Dexterity Potion"},{"floor":44,"key":"PowerPotion"}],"is_trial":false,"path_per_floor":["M","M","M","$","?","R","E","M","T","R","M","M","$","M","R","B",null,"M","M","M","M","$","R","E","$","T","R","M","$","M","E","R","B",null,"M","M","?","T","$","R","E","M","T","M","R","?","?","T","R","B"],"character_chosen":"DEFECT","items_purchased":["Sweeping Beam","Self Repair","Multi-Cast","Conserve Battery","Chemical X"],"campfire_rested":5,"item_purchase_floors":[4,13,22,25,39],"current_hp_per_floor":[64,64,52,52,52,52,15,11,11,32,10,9,9,16,37,39,63,58,51,36,39,39,39,1,1,1,22,18,18,18,13,34,20,58,65,71,53,53,53,53,60,65,65,36,36,36,31,31,52,0],"gold":0,"neow_bonus":"RANDOM_COMMON_RELIC","is_prod":false,"is_daily":false,"chose_seed":false,"campfire_upgraded":4,"win_rate":0,"timestamp":1550238343,"path_taken":["M","M","M","$","?","R","E","M","T","R","?","M","?","M","R","BOSS","M","M","?","M","?","R","E","?","T","R","M","$","M","E","R","BOSS","M","M","?","?","?","R","E","M","T","M","R","?","?","?","R","BOSS"],"build_version":"2019-01-23","purchased_purges":1,"victory":false,"max_hp_per_floor":[71,71,71,71,71,71,71,71,71,71,71,71,71,71,71,71,71,71,71,71,71,71,71,71,71,71,71,71,71,71,71,71,71,71,71,71,71,71,71,71,71,71,71,71,71,71,71,71,71,71],"card_choices":[{"not_picked":["Turbo","Compile Driver"],"picked":"Cold Snap","floor":1.0},{"not_picked":["Steam","Double Energy"],"picked":"Cold Snap","floor":2.0},{"not_picked":["Cold Snap","Steam"],"picked":"Genetic Algorithm","floor":3.0},{"not_picked":["Chaos","Chill"],"picked":"Compile Driver","floor":7.0},{"not_picked":["Streamline","Steam Power"],"picked":"Doom and Gloom","floor":8.0},{"not_picked":["Stack","Redo"],"picked":"Conserve Battery","floor":11.0},{"not_picked":["Redo","Double Energy"],"picked":"Compile Driver","floor":12.0},{"not_picked":["Redo","Lockon"],"picked":"Hologram","floor":14.0},{"not_picked":["Machine Learning","All For One"],"picked":"Buffer","floor":16.0},{"not_picked":["Reinforced Body","Double Energy"],"picked":"Coolheaded","floor":18.0},{"not_picked":["Redo","Beam Cell"],"picked":"Compile Driver+1","floor":19.0},{"not_picked":["Sunder","Barrage"],"picked":"Coolheaded","floor":20},{"not_picked":["Hologram","Fusion"],"picked":"Capacitor","floor":21},{"not_picked":["Beam Cell","Leap+1"],"picked":"Conserve Battery+1","floor":24},{"not_picked":["Auto Shields+1","Hologram"],"picked":"Electrodynamics","floor":28},{"not_picked":["Compile Driver","Go for the Eyes"],"picked":"Chaos","floor":30},{"not_picked":["Coolheaded","Sweeping Beam"],"picked":"Fission","floor":31},{"not_picked":["Machine Learning","Electrodynamics"],"picked":"Core Surge","floor":33},{"not_picked":["Steam","Streamline","Force Field"],"picked":"SKIP","floor":35},{"not_picked":["Cold Snap","Ball Lightning"],"picked":"Redo","floor":36},{"not_picked":["Reboot","Double Energy"],"picked":"Hologram","floor":37},{"not_picked":["Consume+1","Ball Lightning"],"picked":"Static Discharge","floor":41},{"not_picked":["Heatsinks+1","Hologram+1"],"picked":"Static Discharge+1","floor":42},{"not_picked":["Gash+1","Coolheaded","Compile Driver"],"picked":"SKIP","floor":44},{"not_picked":["Panacea","Discovery"],"picked":"Purity","floor":47},{"not_picked":["Flash of Steel","Chrysalis"],"picked":"Master of Strategy","floor":47}],"player_experience":439532,"relics_obtained":[{"floor":7.0,"key":"Pen Nib"},{"floor":9.0,"key":"Dodecahedron"},{"floor":24,"key":"Letter Opener"},{"floor":26,"key":"Bronze Scales"},{"floor":31,"key":"Bottled Lightning"},{"floor":37,"key":"Calipers"},{"floor":38,"key":"Art of War"},{"floor":41,"key":"Juzu Bracelet"},{"floor":43,"key":"Gambling Chip"},{"floor":48,"key":"Orichalcum"}],"event_choices":[{"cards_removed":["Strike_B"],"damage_healed":0.0,"max_hp_gain":0.0,"max_hp_loss":0.0,"gold_gain":0.0,"event_name":"Bonfire Elementals","player_choice":"Offered Basic","floor":5.0,"gold_loss":0.0,"damage_taken":0.0},{"damage_healed":0,"gold_gain":0,"player_choice":"Fight","damage_taken":0,"max_hp_gain":0,"max_hp_loss":0,"event_name":"Mysterious Sphere","floor":37,"gold_loss":0},{"damage_healed":0,"gold_gain":0,"player_choice":"Paid","damage_taken":0,"relics_obtained":["Red Mask"],"max_hp_gain":0,"max_hp_loss":0,"event_name":"Tomb of Lord Red Mask","floor":46,"gold_loss":103},{"damage_healed":0,"gold_gain":0,"player_choice":"Memory 2","damage_taken":5,"max_hp_gain":0,"max_hp_loss":0,"event_name":"SensoryStone","floor":47,"gold_loss":0}],"is_beta":false,"boss_relics":[{"not_picked":["Busted Crown","Black Star"],"picked":"Velvet Choker"},{"not_picked":["Inserter","Runic Dome"],"picked":"Runic Pyramid"}],"items_purged_floors":[4],"is_endless":false,"potions_floor_spawned":[3,7,8,16,21,24,28,30,31,41,44],"killed_by":"Awakened One","ascension_level":17}