{"gold_per_floor":[114,114,130,55,130,130,148,148,148,148,168,196,206,266,266,337,337,355,270,288,288,288,288,288,288,314,339,339,366,366,23,23,23],"floor_reached":33,"playtime":878,"items_purged":["Strike_B","Writhe"],"score":518,"play_id":"8c854d06-9c67-4d8a-b7fb-c90254b94a64","local_time":"20181202235535","is_ascension_mode":true,"campfire_choices":[{"data":"Zap","floor":6,"key":"SMITH"},{"data":"Streamline","floor":8,"key":"SMITH"},{"floor":10,"key":"REST"},{"floor":15,"key":"REST"},{"data":"Defragment","floor":23,"key":"SMITH"},{"floor":24,"key":"REST"},{"floor":25,"key":"REST"},{"data":"Machine Learning","floor":28,"key":"SMITH"},{"floor":30,"key":"REST"},{"data":"Sweeping Beam","floor":32,"key":"SMITH"}],"neow_cost":"PERCENT_DAMAGE","seed_source_timestamp":41706519060771,"circlet_count":0,"master_deck":["AscendersBane","Strike_B+1","Strike_B+1","Strike_B+1","Defend_B+1","Defend_B+1","Defend_B+1","Defend_B+1","Zap+1","Dualcast","Conserve Battery","Streamline+1","Ball Lightning+1","Cold Snap+1","Sweeping Beam+1","Conserve Battery","Machine Learning+1","Defragment+1","Cold Snap","Injury","Leap+1","Parasite","Skim"],"relics":["Cracked Core","WingedGreaves","Mummified Hand","Potion Belt","Cursed Key","Sundial","PreservedInsect","Whetstone","Bag of Marbles","Omamori","DataDisk"],"potions_floor_usage":[7,12,16,20,27],"damage_taken":[{"damage":6,"enemies":"2 Louse","floor":1,"turns":2},{"damage":0,"enemies":"Small Slimes","floor":3,"turns":2},{"damage":5,"enemies":"Jaw Worm","floor":7,"turns":2},{"damage":20,"enemies":"Large Slime","floor":11,"turns":6},{"damage":16,"enemies":"Gremlin Nob","floor":12,"turns":4},{"damage":11,"enemies":"Looter","floor":13,"turns":2},{"damage":10,"enemies":"Slime Boss","floor":16,"turns":8},{"damage":14,"enemies":"2 Thieves","floor":18,"turns":3},{"damage":16,"enemies":"Shell Parasite","floor":20,"turns":4},{"damage":36,"enemies":"Slavers","floor":27,"turns":4},{"damage":79,"enemies":"Collector","floor":33,"turns":9}],"seed_played":"3061557117611520302","potions_obtained":[{"floor":3,"key":"SkillPotion"},{"floor":7,"key":"Weak Potion"},{"floor":12,"key":"Dexterity Potion"},{"floor":13,"key":"FocusPotion"},{"floor":20,"key":"FearPotion"},{"floor":27,"key":"GamblersBrew"}],"is_trial":false,"path_per_floor":["M","?","M","$","?","R","M","R","T","R","M","E","M","?","R","B",null,"M","?","M","?","?","R","R","R","T","E","R","T","R","$","R","B"],"character_chosen":"DEFECT","items_purchased":["DataDisk","Skim"],"campfire_rested":5,"item_purchase_floors":[31,31],"current_hp_per_floor":[40,45,45,45,34,34,29,29,29,51,31,15,4,4,26,16,61,47,47,31,31,31,31,53,75,75,39,39,39,61,61,61,0],"gold":23,"neow_bonus":"ONE_RARE_RELIC","is_prod":false,"is_daily":false,"chose_seed":false,"campfire_upgraded":5,"win_rate":0,"timestamp":1543791335,"path_taken":["M","?","M","$","?","R","M","R","T","R","M","E","M","?","R","BOSS","M","?","M","?","?","R","R","R","T","E","R","?","R","$","R","BOSS"],"build_version":"2018-11-15","purchased_purges":2,"victory":false,"max_hp_per_floor":[71,76,76,76,76,76,76,76,76,76,76,76,76,76,76,76,76,76,76,76,76,76,76,76,76,76,76,76,76,76,76,76,76],"card_choices":[{"not_picked":["Coolheaded","Stack"],"picked":"Conserve Battery","floor":1},{"not_picked":["Steam","Sweeping Beam"],"picked":"Streamline","floor":3},{"not_picked":["Go for the Eyes","Leap"],"picked":"Ball Lightning","floor":7},{"not_picked":["Redo","Multi-Cast"],"picked":"Cold Snap","floor":11},{"not_picked":["Barrage","Hyperbeam"],"picked":"Sweeping Beam","floor":12},{"not_picked":["Compile Driver","Force Field"],"picked":"Conserve Battery","floor":13},{"not_picked":["Amplify","Thunder Strike"],"picked":"Machine Learning","floor":16},{"not_picked":["Coolheaded","Auto Shields"],"picked":"Defragment","floor":18},{"not_picked":["Storm","Rebound"],"picked":"Cold Snap","floor":20},{"not_picked":["FTL","Barrage"],"picked":"Leap+1","floor":27}],"player_experience":843432,"relics_obtained":[{"floor":9,"key":"Mummified Hand"},{"floor":12,"key":"Potion Belt"},{"floor":26,"key":"Whetstone"},{"floor":27,"key":"Bag of Marbles"},{"floor":29,"key":"Omamori"}],"event_choices":[{"damage_healed":0,"gold_gain":0,"player_choice":"Donut","damage_taken":0,"max_hp_gain":5,"max_hp_loss":0,"event_name":"Big Fish","floor":2,"gold_loss":0},{"damage_healed":0,"gold_gain":75,"player_choice":"Gather Gold","damage_taken":11,"max_hp_gain":0,"max_hp_loss":0,"event_name":"World of Goop","floor":5,"gold_loss":0},{"damage_healed":0,"gold_gain":60,"player_choice":"Gained Gold","damage_taken":0,"max_hp_gain":0,"max_hp_loss":0,"event_name":"Golden Wing","floor":14,"gold_loss":0},{"damage_healed":0,"gold_gain":0,"player_choice":"Obtained Relic","damage_taken":0,"relics_obtained":["Sundial"],"max_hp_gain":0,"max_hp_loss":0,"event_name":"Addict","floor":19,"gold_loss":85},{"damage_healed":0,"gold_gain":0,"player_choice":"Opened","damage_taken":0,"relics_obtained":["PreservedInsect"],"max_hp_gain":0,"max_hp_loss":0,"event_name":"The Mausoleum","floor":21,"gold_loss":0,"cards_obtained":["Writhe"]},{"damage_healed":0,"gold_gain":0,"player_choice":"Simplicity","damage_taken":0,"max_hp_gain":0,"max_hp_loss":0,"event_name":"Back to Basics","floor":22,"gold_loss":0,"cards_upgraded":["Strike_B","Strike_B","Strike_B","Defend_B","Defend_B","Defend_B","Defend_B"]}],"is_beta":true,"boss_relics":[{"not_picked":["Velvet Choker","Eternal Feather"],"picked":"Cursed Key"}],"items_purged_floors":[4,31],"is_endless":false,"potions_floor_spawned":[3,7,12,13,20,27],"killed_by":"Collector","ascension_level":20}