{"path_per_floor":["M","?","M","?","$","R","$","M","T","$","M","$","M","E","R","B",null,"M","?","M","$","?","R","E","?","T","M","T","R","M","M","R","B",null,"M","M","$","?"],"character_chosen":"IRONCLAD","items_purchased":["Whirlwind","Flame Barrier","Impervious","Panache"],"gold_per_floor":[109,109,121,121,121,121,44,62,62,62,81,6,22,54,54,151,151,167,167,185,48,48,48,83,8,8,24,47,47,65,79,79,179,179,195,214,2,2],"floor_reached":39,"campfire_rested":3,"playtime":2304,"current_hp_per_floor":[87,69,68,88,88,88,88,88,95,95,95,95,95,90,90,32,95,83,64,60,60,60,90,35,35,35,27,27,57,67,65,95,27,100,79,52,52,52],"items_purged":[],"gold":2,"score":424,"play_id":"cc90e872-534e-4d40-8f5b-58499fadfc9d","local_time":"20180312023432","is_prod":false,"is_daily":false,"is_ascension_mode":false,"campfire_upgraded":2,"timestamp":1520831072,"path_taken":["M","?","?","?","$","R","?","M","T","$","M","$","?","E","R","BOSS","M","?","M","$","?","R","E","?","T","M","?","R","?","?","R","BOSS","M","M","$","?","M"],"build_version":"2018-03-09","purchased_purges":0,"victory":false,"master_deck":["Strike_R","Strike_R","Strike_R","Strike_R+1","Strike_R+1","Defend_R","Defend_R","Defend_R","Defend_R","Bash","Pommel Strike","Fire Breathing+1","Whirlwind","Reaper","Flame Barrier","Infernal Blade+1","Anger","Offering","Flex","Impervious","Flame Barrier","Metallicize","Second Wind+1","Exhume","Panache"],"max_hp_per_floor":[88,88,88,88,88,88,88,88,95,95,95,95,95,95,95,95,95,95,100,100,100,100,100,100,100,100,100,100,100,100,100,100,100,100,100,100,100,100],"relics":["Black Blood","Strawberry","Prayer Wheel","Runic Pyramid","Thread and Needle","Vajra","Kunai","Happy Flower"],"card_choices":[{"not_picked":["Dual Wield","Pummel"],"picked":"Pommel Strike"},{"not_picked":["Uppercut","Pommel Strike"],"picked":"Fire Breathing"},{"not_picked":["Heavy Blade","Cleave"],"picked":"Reaper"},{"not_picked":["Power Through","Rage"],"picked":"Infernal Blade"},{"not_picked":["Flame Barrier","Thunderclap"],"picked":"Anger"},{"not_picked":["Brutality","Immolate"],"picked":"Offering"},{"not_picked":["Anger","Fire Breathing"],"picked":"Flex"},{"not_picked":["Clothesline","Warcry"],"picked":"Flame Barrier"},{"not_picked":["Evolve","Clothesline"],"picked":"Metallicize"},{"not_picked":["Twin Strike","Juggernaut"],"picked":"Second Wind"},{"not_picked":["Dark Embrace","Berserk"],"picked":"Exhume"}],"player_experience":167388,"potions_floor_usage":[14,16,16,16,24,33],"damage_taken":[{"damage":7,"enemies":"2 Louse","floor":1,"turns":3},{"damage":7,"enemies":"Small Slimes","floor":3,"turns":3},{"damage":1,"enemies":"Cultist","floor":8,"turns":3},{"damage":6,"enemies":"Blue Slaver","floor":11,"turns":4},{"damage":0,"enemies":"Gremlin Gang","floor":13,"turns":2},{"damage":11,"enemies":"3 Sentries","floor":14,"turns":4},{"damage":64,"enemies":"Hexaghost","floor":16,"turns":12},{"damage":22,"enemies":"Spheric Guardian","floor":18,"turns":5},{"damage":16,"enemies":"Shell Parasite","floor":20,"turns":5},{"damage":70,"enemies":"Slavers","floor":24,"turns":9},{"damage":17,"enemies":"Cultist and Chosen","floor":27,"turns":10},{"damage":8,"enemies":"Centurion and Healer","floor":30,"turns":7},{"damage":15,"enemies":"Chosen and Byrds","floor":31,"turns":7},{"damage":88,"enemies":"Collector","floor":33,"turns":16},{"damage":40,"enemies":"3 Shapes","floor":35,"turns":6},{"damage":47,"enemies":"3 Darklings","floor":36,"turns":7},{"damage":62,"enemies":"Maw","floor":39,"turns":9}],"event_choices":[{"event_name":"Shining Light","player_choice":"Entered Light","floor":2,"damage_taken":0},{"event_name":"Wheel of Change","player_choice":"Full Heal","floor":4,"damage_taken":0},{"event_name":"Forgotten Altar","player_choice":"Shed Blood","floor":19,"damage_taken":0},{"event_name":"Accursed Blacksmith","player_choice":"Rummage","floor":22,"damage_taken":0},{"event_name":"Beggar","player_choice":"Gave Gold","floor":25,"damage_taken":0},{"event_name":"Match and Keep!","player_choice":"0 cards matched","floor":38,"damage_taken":0}],"boss_relics":[{"not_picked":["Astrolabe","Velvet Choker"],"picked":"Runic Pyramid"},{"not_picked":["Runic Cube","Sozu"],"picked":"Black Blood"}],"potions_floor_spawned":[1,8,11,14,20,31],"seed_played":"-6260899569730863943","killed_by":"Maw","ascension_level":0,"is_trial":false}