{"gold_per_floor":[114,114,139,139,164,198,198,198,252,3,178,178,249,270,270,270],"floor_reached":16,"playtime":1086,"items_purged":[],"score":113,"play_id":"631d942b-57b0-4ece-8c1d-dc047a24f941","local_time":"20181219030244","is_ascension_mode":true,"campfire_choices":[{"floor":8,"key":"REST"},{"floor":12,"key":"REST"},{"floor":15,"key":"REST"}],"neow_cost":"NONE","seed_source_timestamp":462175996490942,"circlet_count":0,"master_deck":["Defend_G","Defend_G","Defend_G","Defend_G","Defend_G","Strike_G","Strike_G","Strike_G","Strike_G","Strike_G","Survivor","Neutralize","Slice","Acrobatics","Dagger Spray","Distraction","Expertise","Slice","Doubt","All Out Attack","Flechettes"],"relics":["Black Star","Golden Idol","Anchor","Mummified Hand","Matryoshka","Bottled Lightning","Regal Pillow","Membership Card","Letter Opener","Tiny Chest"],"potions_floor_usage":[13,16],"damage_taken":[{"damage":1,"enemies":"2 Louse","floor":1,"turns":3},{"damage":7,"enemies":"Small Slimes","floor":3,"turns":5},{"damage":5,"enemies":"Cultist","floor":5,"turns":5},{"damage":35,"enemies":"3 Sentries","floor":6,"turns":10},{"damage":26,"enemies":"Lagavulin","floor":13,"turns":8},{"damage":2,"enemies":"Large Slime","floor":14,"turns":7},{"damage":70,"enemies":"Slime Boss","floor":16,"turns":11}],"seed_played":"-3961388214489100208","potions_obtained":[{"floor":3,"key":"EssenceOfSteel"},{"floor":6,"key":"SkillPotion"},{"floor":14,"key":"AttackPotion"}],"is_trial":false,"path_per_floor":["M","?","M","?","M","E","?","R","T","$","?","R","E","M","R","B"],"character_chosen":"THE_SILENT","items_purchased":["Membership Card","Expertise","Slice"],"campfire_rested":3,"item_purchase_floors":[10,10,10],"current_hp_per_floor":[69,52,45,45,40,5,5,26,26,26,26,62,36,34,70,0],"gold":270,"neow_bonus":"BOSS_RELIC","is_prod":false,"is_daily":false,"chose_seed":false,"campfire_upgraded":0,"win_rate":0,"timestamp":1545201164,"path_taken":["M","?","M","?","?","E","?","R","T","$","?","R","E","M","R","BOSS"],"build_version":"2018-12-17","purchased_purges":0,"victory":false,"max_hp_per_floor":[70,70,70,70,70,70,70,70,70,70,70,70,70,70,70,70],"card_choices":[{"not_picked":["Quick Slash","Acrobatics"],"picked":"Slice","floor":1},{"not_picked":["Flying Knee","Poisoned Stab"],"picked":"Acrobatics","floor":3},{"not_picked":["PiercingWail","Underhanded Strike"],"picked":"Dagger Spray","floor":5},{"not_picked":["Escape Plan","Prepared"],"picked":"Distraction","floor":6},{"not_picked":["Well Laid Plans","Doppelganger"],"picked":"All Out Attack","floor":13},{"not_picked":["Underhanded Strike","Outmaneuver"],"picked":"Flechettes","floor":14}],"player_experience":515647,"relics_obtained":[{"floor":6,"key":"Mummified Hand"},{"floor":6,"key":"Matryoshka"},{"floor":9,"key":"Bottled Lightning"},{"floor":9,"key":"Regal Pillow"},{"floor":13,"key":"Letter Opener"},{"floor":13,"key":"Tiny Chest"}],"event_choices":[{"damage_healed":0,"gold_gain":0,"player_choice":"Take Damage","damage_taken":17,"relics_obtained":["Golden Idol"],"max_hp_gain":0,"max_hp_loss":0,"event_name":"Golden Idol","floor":2,"gold_loss":0},{"damage_healed":0,"gold_gain":0,"player_choice":"Gave Potion","damage_taken":0,"relics_obtained":["Anchor"],"max_hp_gain":0,"max_hp_loss":0,"event_name":"WeMeetAgain","floor":4,"gold_loss":0},{"damage_healed":0,"gold_gain":0,"player_choice":"Ignored","damage_taken":0,"max_hp_gain":0,"max_hp_loss":0,"event_name":"Shining Light","floor":7,"gold_loss":0},{"damage_healed":0,"gold_gain":175,"player_choice":"AGREE","damage_taken":0,"max_hp_gain":0,"max_hp_loss":0,"event_name":"Liars Game","floor":11,"gold_loss":0,"cards_obtained":["Doubt"]}],"is_beta":true,"boss_relics":[],"items_purged_floors":[],"is_endless":false,"potions_floor_spawned":[3,6,14],"killed_by":"Slime Boss","ascension_level":1}