{"gold_per_floor":[212,229,247,30,40,40,55,71,71,84,99,99,127,143,143,243,243,253,253,203,203,203,203,238,257,313,313,323,335,67,85,85,85],"floor_reached":33,"playtime":2064,"items_purged":["Writhe"],"score":298,"play_id":"11e3f3d6-70ab-4669-9470-379ca0e00907","local_time":"20190105024309","is_ascension_mode":false,"campfire_choices":[{"data":"Whirlwind","floor":6,"key":"SMITH"},{"floor":12,"key":"REST"},{"floor":15,"key":"REST"},{"floor":23,"key":"REST"},{"floor":27,"key":"REST"},{"floor":32,"key":"REST"}],"neow_cost":"NONE","seed_source_timestamp":718049504510320,"circlet_count":0,"master_deck":["Strike_R","Strike_R","Strike_R","Strike_R","Strike_R","Defend_R","Defend_R","Defend_R","Defend_R","Bash","Combust","Whirlwind+1","Seeing Red","Magnetism","Thunderclap","Infernal Blade","Battle Trance","Rage","Metallicize","Immolate","Spot Weakness","Barricade","Shrug It Off","Necronomicurse","Heavy Blade"],"relics":["Burning Blood","Regal Pillow","Runic Pyramid","Necronomicon","Ancient Tea Set","Singing Bowl","Red Skull","Tiny Chest","Toolbox"],"potions_floor_usage":[7,11,11,14,18,29,29,29,29,33],"damage_taken":[{"damage":10,"enemies":"Jaw Worm","floor":1,"turns":5},{"damage":13,"enemies":"2 Louse","floor":2,"turns":3},{"damage":5,"enemies":"Cultist","floor":3,"turns":4},{"damage":16,"enemies":"Red Slaver","floor":5,"turns":5},{"damage":0,"enemies":"Exordium Wildlife","floor":7,"turns":1},{"damage":6,"enemies":"2 Fungi Beasts","floor":8,"turns":2},{"damage":28,"enemies":"Large Slime","floor":10,"turns":5},{"damage":1,"enemies":"3 Louse","floor":11,"turns":2},{"damage":33,"enemies":"3 Sentries","floor":13,"turns":6},{"damage":0,"enemies":"Looter","floor":14,"turns":2},{"damage":23,"enemies":"Slime Boss","floor":16,"turns":7},{"damage":41,"enemies":"Spheric Guardian","floor":18,"turns":7},{"damage":30,"enemies":"Gremlin Leader","floor":24,"turns":6},{"damage":1,"enemies":"Chosen","floor":25,"turns":4},{"damage":47,"enemies":"Shelled Parasite and Fungi","floor":28,"turns":5},{"damage":16,"enemies":"Cultist and Chosen","floor":29,"turns":6},{"damage":16,"enemies":"Snake Plant","floor":31,"turns":3},{"damage":80,"enemies":"Automaton","floor":33,"turns":8}],"seed_played":"1879547353970871376","potions_obtained":[{"floor":3,"key":"Energy Potion"},{"floor":7,"key":"SteroidPotion"},{"floor":8,"key":"Dexterity Potion"},{"floor":10,"key":"Explosive Potion"},{"floor":16,"key":"SpeedPotion"},{"floor":18,"key":"FearPotion"},{"floor":28,"key":"EntropicBrew"},{"floor":31,"key":"Fruit Juice"}],"is_trial":false,"path_per_floor":["M","M","M","$","M","R","M","M","T","M","M","R","E","M","R","B",null,"M","?","$","?","?","R","E","M","T","R","M","M","$","M","R","B"],"character_chosen":"IRONCLAD","items_purchased":["Magnetism","Thunderclap","Heavy Blade","Toolbox"],"campfire_rested":5,"item_purchase_floors":[4,4,20,30],"current_hp_per_floor":[76,69,70,70,60,60,66,66,66,44,49,73,46,52,80,63,80,45,29,29,29,29,68,46,53,53,84,45,37,37,29,71,0],"gold":85,"neow_bonus":"HUNDRED_GOLD","is_prod":false,"is_daily":false,"chose_seed":false,"campfire_upgraded":1,"win_rate":0,"timestamp":1546668789,"path_taken":["M","M","M","$","M","R","M","M","T","M","M","R","E","M","R","BOSS","M","?","$","?","?","R","E","M","T","R","M","M","$","M","R","BOSS"],"build_version":"2019-01-03v4","purchased_purges":1,"victory":false,"max_hp_per_floor":[80,80,80,80,80,80,80,80,80,80,80,80,80,80,80,80,80,80,80,80,80,80,80,82,84,84,84,86,88,88,90,90,95],"card_choices":[{"not_picked":["Sword Boomerang","True Grit"],"picked":"Combust","floor":1},{"not_picked":["Reckless Charge","Wild Strike"],"picked":"Whirlwind","floor":2},{"not_picked":["True Grit","Power Through"],"picked":"Seeing Red","floor":3},{"not_picked":["Thunderclap","Havoc"],"picked":"Infernal Blade","floor":5},{"not_picked":["Seeing Red","Sword Boomerang","Iron Wave"],"picked":"SKIP","floor":7},{"not_picked":["Infernal Blade","Thunderclap"],"picked":"Battle Trance","floor":8},{"not_picked":["Havoc","Headbutt"],"picked":"Rage","floor":10},{"not_picked":["Warcry","Searing Blow"],"picked":"Metallicize","floor":11},{"not_picked":["Blood for Blood","True Grit"],"picked":"Immolate","floor":13},{"not_picked":["Sword Boomerang","Clash"],"picked":"Spot Weakness","floor":14},{"not_picked":["Exhume","Dark Embrace"],"picked":"Barricade","floor":16},{"not_picked":["Carnage","Havoc"],"picked":"Shrug It Off","floor":18},{"not_picked":["Clash+1","Armaments","Twin Strike"],"picked":"Singing Bowl","floor":24},{"not_picked":["Pommel Strike+1","Body Slam","Ghostly Armor"],"picked":"Singing Bowl","floor":25},{"not_picked":["Sentinel","Infernal Blade","Iron Wave"],"picked":"Singing Bowl","floor":28},{"not_picked":["Whirlwind","Anger","Clash"],"picked":"Singing Bowl","floor":29},{"not_picked":["Sentinel+1","Heavy Blade","Flex"],"picked":"Singing Bowl","floor":31}],"player_experience":574666,"relics_obtained":[{"floor":13,"key":"Regal Pillow"},{"floor":19,"key":"Necronomicon"},{"floor":24,"key":"Red Skull"},{"floor":26,"key":"Tiny Chest"}],"event_choices":[{"damage_healed":0,"gold_gain":0,"player_choice":"Obtained Book","damage_taken":16,"max_hp_gain":0,"max_hp_loss":0,"event_name":"Cursed Tome","floor":19,"gold_loss":0},{"damage_healed":0,"gold_gain":0,"player_choice":"Opened","damage_taken":0,"relics_obtained":["Ancient Tea Set"],"max_hp_gain":0,"max_hp_loss":0,"event_name":"The Mausoleum","floor":21,"gold_loss":0,"cards_obtained":["Writhe"]},{"damage_healed":0,"gold_gain":0,"player_choice":"Gave Potion","damage_taken":0,"relics_obtained":["Singing Bowl"],"max_hp_gain":0,"max_hp_loss":0,"event_name":"WeMeetAgain","floor":22,"gold_loss":0}],"is_beta":true,"boss_relics":[{"not_picked":["Snecko Eye","Empty Cage"],"picked":"Runic Pyramid"}],"items_purged_floors":[30],"is_endless":false,"potions_floor_spawned":[3,7,8,10,16,18,28,31],"killed_by":"Automaton","ascension_level":0}