{"gold_per_floor":[119,131,144,163,163,163,190,190,243,193,250,172,199,215,215,317,317,330,330,61,61,78,90,90,106,106,116,116,150,150,249,249,352,352,368,368,368,117,117,117,134,134],"floor_reached":42,"playtime":1983,"items_purged":["Strike_B","Normality","Strike_B"],"score":491,"play_id":"aefc688b-00a0-4e06-b275-fadc062653e7","local_time":"20180710144518","is_ascension_mode":true,"campfire_choices":[{"data":"Zap","floor":6,"key":"SMITH"},{"data":"Go for the Eyes","floor":8,"key":"SMITH"},{"floor":15,"key":"REST"},{"data":"Scrape","floor":24,"key":"SMITH"},{"floor":28,"key":"REST"},{"floor":30,"key":"REST"},{"floor":32,"key":"REST"},{"data":"Scrape","floor":40,"key":"SMITH"}],"neow_cost":"","seed_source_timestamp":0,"circlet_count":0,"master_deck":["Strike_B","Strike_B","Defend_B","Defend_B","Defend_B","Zap+1","Dualcast+1","Go for the Eyes+1","Beam Cell","Steam","Gash","Scrape+1","Scrape+1","Gash","Machine Learning","Panache+1","Streamline","Static Discharge+1","Go for the Eyes+1","Redo+1","Leap+1","Beam Cell+1","Secret Technique"],"special_seed":0,"relics":["Cracked Core","Juzu Bracelet","The Courier","Singing Bowl","Dream Catcher","Bronze Scales","Calling Bell","Strawberry","Frozen Egg 2","Unceasing Top","Letter Opener","Shuriken","Empty Cage","Toolbox"],"potions_floor_usage":[13,22,22,27,27,42],"damage_taken":[{"damage":4.0,"enemies":"Jaw Worm","floor":1.0,"turns":4.0},{"damage":0.0,"enemies":"Cultist","floor":2.0,"turns":2.0},{"damage":0,"enemies":"2 Louse","floor":3,"turns":1},{"damage":0,"enemies":"Blue Slaver","floor":4,"turns":2},{"damage":22,"enemies":"Gremlin Nob","floor":7,"turns":4},{"damage":11,"enemies":"3 Sentries","floor":11,"turns":8},{"damage":14,"enemies":"3 Sentries","floor":13,"turns":5},{"damage":14,"enemies":"Exordium Thugs","floor":14,"turns":3},{"damage":25,"enemies":"The Guardian","floor":16,"turns":8},{"damage":13,"enemies":"Chosen","floor":18,"turns":5},{"damage":12,"enemies":"2 Thieves","floor":22,"turns":3},{"damage":26,"enemies":"Chosen and Byrds","floor":23,"turns":5},{"damage":17,"enemies":"Cultist and Chosen","floor":25,"turns":5},{"damage":12,"enemies":"Centurion and Healer","floor":27,"turns":5},{"damage":33,"enemies":"Slavers","floor":29,"turns":3},{"damage":9,"enemies":"Collector","floor":33,"turns":8},{"damage":12,"enemies":"Orb Walker","floor":35,"turns":2},{"damage":13,"enemies":"3 Darklings","floor":41,"turns":3},{"damage":72,"enemies":"Nemesis","floor":42,"turns":5}],"seed_played":"-5884927677224318510","potions_obtained":[{"floor":2,"key":"SteroidPotion"},{"floor":4,"key":"FearPotion"},{"floor":11,"key":"Fire Potion"},{"floor":13,"key":"SpeedPotion"},{"floor":19,"key":"Fire Potion"},{"floor":23,"key":"Dexterity Potion"},{"floor":25,"key":"AttackPotion"},{"floor":41,"key":"Fire Potion"}],"is_trial":false,"path_per_floor":["M","M","M","M","?","R","E","R","T","?","?","$","E","M","R","B",null,"M","?","$","?","M","M","R","M","T","M","R","E","R","?","R","B",null,"M","?","?","$","T","R","M"],"character_chosen":"DEFECT","items_purchased":["Gash","Panache+1","Streamline","Secret Technique"],"campfire_rested":4,"item_purchase_floors":[12,20,20,38],"current_hp_per_floor":[71,71,71,71,71,71,49,49,49,49,38,38,24,10,32,7,82,71,71,71,71,61,35,35,18,18,8,34,3,30,30,59,52,94,82,82,82,82,82,82,71,0],"gold":134,"neow_bonus":"","is_prod":false,"is_daily":false,"chose_seed":false,"campfire_upgraded":4,"win_rate":0,"timestamp":1531248318,"path_taken":["M","M","M","M","?","R","E","R","T","?","?","$","E","M","R","BOSS","M","?","$","?","M","M","R","M","T","M","R","E","R","?","R","BOSS","M","?","?","$","?","R","M","E"],"build_version":"2018-07-05","purchased_purges":3,"victory":false,"max_hp_per_floor":[75,75,75,75,75,75,75,75,75,75,75,75,75,75,75,75,82,84,84,84,84,86,86,86,86,86,88,88,90,90,90,92,94,94,94,94,94,94,94,94,96,96],"card_choices":[{"not_picked":["White Noise","Rebound"],"picked":"Go for the Eyes","floor":1.0},{"not_picked":["Storm","Compile Driver","Beam Cell"],"picked":"SKIP","floor":2},{"not_picked":["Storm","Compile Driver"],"picked":"Beam Cell","floor":2},{"not_picked":["Conserve Battery","Sunder"],"picked":"Steam","floor":3},{"not_picked":["Biased Cognition","Cold Snap","Coolheaded"],"picked":"SKIP","floor":4},{"not_picked":["Blizzard","Cold Snap"],"picked":"Auto Shields","floor":7},{"not_picked":["Hologram","Barrage"],"picked":"Streamline","floor":11},{"not_picked":["Lockon","Self Repair"],"picked":"Scrape","floor":13},{"not_picked":["Heatsinks","Rebound"],"picked":"Scrape","floor":14},{"not_picked":["Go for the Eyes","Turbo"],"picked":"Gash","floor":15},{"not_picked":["Hyperbeam","Rainbow"],"picked":"Machine Learning","floor":16},{"not_picked":["Auto Shields","Steam","Go for the Eyes"],"picked":"Singing Bowl","floor":18},{"not_picked":["Compile Driver","Streamline","Blizzard"],"picked":"Singing Bowl","floor":22},{"not_picked":["Doom and Gloom","Reinforced Body+1"],"picked":"Static Discharge+1","floor":23},{"not_picked":["Turbo","Thunder Strike"],"picked":"Go for the Eyes+1","floor":25},{"not_picked":["Stack","Cold Snap","Steam"],"picked":"Singing Bowl","floor":27},{"not_picked":["Turbo","Go for the Eyes"],"picked":"Redo","floor":28},{"not_picked":["Echo Form+1","Hologram","Barrage"],"picked":"Singing Bowl","floor":29},{"not_picked":["Beam Cell","Go for the Eyes+1"],"picked":"Leap+1","floor":30},{"not_picked":["Skim","Core Surge","Force Field"],"picked":"Singing Bowl","floor":32},{"not_picked":["Core Surge","Fission","Amplify"],"picked":"Singing Bowl","floor":33},{"not_picked":["Loop+1","Redo"],"picked":"Beam Cell+1","floor":35},{"not_picked":["Go for the Eyes","Glacier","Turbo+1"],"picked":"Singing Bowl","floor":41}],"player_experience":255937,"relics_obtained":[{"floor":7,"key":"The Courier"},{"floor":9,"key":"Singing Bowl"},{"floor":11,"key":"Dream Catcher"},{"floor":13,"key":"Bronze Scales"},{"floor":17,"key":"Strawberry"},{"floor":17,"key":"Frozen Egg 2"},{"floor":17,"key":"Unceasing Top"},{"floor":26,"key":"Letter Opener"},{"floor":29,"key":"Shuriken"},{"floor":39,"key":"Toolbox"}],"event_choices":[{"event_name":"Upgrade Shrine","player_choice":"Upgraded","floor":5,"damage_taken":0},{"event_name":"The Cleric","player_choice":"Card Removal","floor":10,"damage_taken":0},{"event_name":"Dead Adventurer","player_choice":"Searched \u00272\u0027 times","floor":11,"damage_taken":0},{"event_name":"The Lab","player_choice":"Got Potions","floor":19,"damage_taken":0},{"event_name":"Back to Basics","player_choice":"Elegance","floor":21,"damage_taken":0},{"event_name":"Nest","player_choice":"Stole From Cult","floor":31,"damage_taken":0},{"event_name":"Falling","player_choice":"Removed Skill","floor":36,"damage_taken":0},{"event_name":"Accursed Blacksmith","player_choice":"Forge","floor":37,"damage_taken":0}],"boss_relics":[{"not_picked":["Fusion Hammer","Lizard Tail"],"picked":"Calling Bell"},{"not_picked":["Runic Dome","White Beast Statue"],"picked":"Empty Cage"}],"items_purged_floors":[12,20,38],"is_endless":false,"potions_floor_spawned":[2,4,11,13,18,23,25,41],"killed_by":"Nemesis","ascension_level":2}