{"gold_per_floor":[117,128,128,38,138,138,158,158,234,234,264,264,339,355,355,452,452,467,295,295],"floor_reached":20,"playtime":698,"items_purged":["Strike_R"],"score":272,"play_id":"6c90aceb-1fcf-4083-a528-bbd1d6b84056","local_time":"20190203121216","is_ascension_mode":true,"campfire_choices":[{"data":"Madness","floor":6,"key":"SMITH"},{"data":"Body Slam","floor":8,"key":"SMITH"},{"data":"Bash","floor":10,"key":"SMITH"},{"data":"True Grit","floor":12,"key":"SMITH"},{"floor":15,"key":"REST"}],"neow_cost":"NONE","seed_source_timestamp":163537056096143,"circlet_count":0,"master_deck":["AscendersBane","Strike_R","Strike_R","Strike_R","Strike_R","Defend_R","Defend_R","Defend_R","Defend_R","Bash+1","Body Slam+1","Armaments+1","Madness+1","True Grit+1","Fiend Fire","Uppercut","Purity"],"relics":["Burning Blood","Art of War","Shuriken","Strawberry","Mark of Pain"],"potions_floor_usage":[11,14,20,20],"damage_taken":[{"damage":0,"enemies":"Small Slimes","floor":1,"turns":4},{"damage":7,"enemies":"Jaw Worm","floor":2,"turns":4},{"damage":1,"enemies":"Cultist","floor":7,"turns":5},{"damage":33,"enemies":"Gremlin Nob","floor":11,"turns":5},{"damage":12,"enemies":"Large Slime","floor":14,"turns":5},{"damage":66,"enemies":"Hexaghost","floor":16,"turns":13},{"damage":16,"enemies":"Shell Parasite","floor":18,"turns":8},{"damage":58,"enemies":"3 Byrds","floor":20,"turns":8}],"seed_played":"5916930513415081772","potions_obtained":[{"floor":7,"key":"SkillPotion"},{"floor":11,"key":"Poison Potion"},{"floor":16,"key":"Block Potion"},{"floor":18,"key":"EssenceOfSteel"}],"is_trial":false,"path_per_floor":["M","M","?","$","?","R","M","R","T","R","E","R","?","M","R","B",null,"M","$","M"],"character_chosen":"IRONCLAD","items_purchased":["Madness","Purity"],"campfire_rested":1,"item_purchase_floors":[4,19],"current_hp_per_floor":[78,77,77,77,77,77,80,80,80,80,60,60,49,43,69,9,68,58,58,0],"gold":295,"neow_bonus":"RANDOM_COMMON_RELIC","is_prod":false,"is_daily":false,"chose_seed":false,"campfire_upgraded":4,"win_rate":0,"timestamp":1549188736,"path_taken":["M","M","?","$","?","R","?","R","T","R","E","R","?","M","R","BOSS","M","$","M"],"build_version":"2019-01-23","purchased_purges":1,"victory":false,"max_hp_per_floor":[80,80,80,80,80,80,80,80,80,80,87,87,87,87,87,87,87,87,87,87],"card_choices":[{"not_picked":["Twin Strike","Clash"],"picked":"Body Slam","floor":1},{"not_picked":["Fire Breathing","Battle Trance"],"picked":"Armaments","floor":2},{"not_picked":["Warcry","Twin Strike","Thunderclap"],"picked":"SKIP","floor":7},{"not_picked":["Bludgeon","Shrug It Off"],"picked":"True Grit","floor":11},{"not_picked":["Sword Boomerang","Hemokinesis","Clash"],"picked":"SKIP","floor":14},{"not_picked":["Exhume","Offering"],"picked":"Fiend Fire","floor":16},{"not_picked":["Warcry","Pommel Strike"],"picked":"Uppercut","floor":18}],"player_experience":712598,"relics_obtained":[{"floor":9,"key":"Shuriken"},{"floor":11,"key":"Strawberry"}],"event_choices":[{"damage_healed":0,"gold_gain":0,"player_choice":"Grow","damage_taken":0,"max_hp_gain":0,"max_hp_loss":0,"event_name":"Living Wall","floor":3,"gold_loss":0,"cards_upgraded":["Armaments"]},{"damage_healed":0,"gold_gain":100,"player_choice":"Pray","damage_taken":0,"max_hp_gain":0,"max_hp_loss":0,"event_name":"Golden Shrine","floor":5,"gold_loss":0},{"damage_healed":0,"gold_gain":75,"player_choice":"Gather Gold","damage_taken":11,"max_hp_gain":0,"max_hp_loss":0,"event_name":"World of Goop","floor":13,"gold_loss":0}],"is_beta":false,"boss_relics":[{"not_picked":["Astrolabe","Ectoplasm"],"picked":"Mark of Pain"}],"items_purged_floors":[19],"is_endless":false,"potions_floor_spawned":[7,11,16,18],"killed_by":"3 Byrds","ascension_level":12}