{"gold_per_floor":[111,111,43,55,66,66,84,109,133,133,133,145,157,174,174,174],"floor_reached":16,"playtime":2278,"items_purged":[],"score":191,"play_id":"c9101b38-3f2c-4b76-a29d-3b8cfad4caa6","local_time":"20190209154042","is_ascension_mode":true,"campfire_choices":[{"data":"Entrench","floor":6,"key":"SMITH"},{"floor":10,"key":"REST"},{"data":"Armaments","floor":15,"key":"SMITH"}],"neow_cost":"CURSE","seed_source_timestamp":692883558251614,"circlet_count":0,"master_deck":["AscendersBane","Strike_R","Strike_R","Strike_R","Strike_R","Defend_R","Defend_R","Defend_R","Defend_R","Bash","Feed","True Grit","Entrench+1","Whirlwind","Headbutt","Metallicize","Armaments+1","Armaments"],"relics":["Burning Blood","Dream Catcher"],"potions_floor_usage":[5,14,16],"damage_taken":[{"damage":10,"enemies":"2 Louse","floor":1,"turns":4},{"damage":10,"enemies":"Small Slimes","floor":4,"turns":4},{"damage":3,"enemies":"Cultist","floor":5,"turns":4},{"damage":11,"enemies":"Gremlin Gang","floor":7,"turns":3},{"damage":56,"enemies":"3 Sentries","floor":8,"turns":10},{"damage":1,"enemies":"Exordium Wildlife","floor":12,"turns":5},{"damage":8,"enemies":"2 Fungi Beasts","floor":13,"turns":6},{"damage":14,"enemies":"Exordium Thugs","floor":14,"turns":6},{"damage":53,"enemies":"Slime Boss","floor":16,"turns":11}],"seed_played":"790577145995803813","potions_obtained":[{"floor":4,"key":"Poison Potion"},{"floor":8,"key":"FearPotion"},{"floor":14,"key":"FearPotion"}],"is_trial":false,"path_per_floor":["M","?","$","M","M","R","M","E","T","R","?","M","M","M","R","B"],"character_chosen":"IRONCLAD","items_purchased":["Entrench"],"campfire_rested":1,"item_purchase_floors":[3],"current_hp_per_floor":[71,64,64,63,69,69,67,20,20,48,48,56,58,53,53,0],"gold":174,"neow_bonus":"THREE_RARE_CARDS","is_prod":false,"is_daily":false,"chose_seed":false,"campfire_upgraded":2,"win_rate":0,"timestamp":1549719642,"path_taken":["M","?","$","M","M","R","M","E","T","R","?","M","M","M","R","BOSS"],"build_version":"2019-01-23","purchased_purges":0,"victory":false,"max_hp_per_floor":[83,83,83,86,89,89,92,95,95,95,95,98,102,105,105,105],"card_choices":[{"not_picked":["Fiend Fire","Reaper"],"picked":"Feed","floor":0},{"not_picked":["Cleave","Ghostly Armor"],"picked":"True Grit","floor":1},{"not_picked":["Seeing Red","Wild Strike"],"picked":"Whirlwind","floor":4},{"not_picked":["Perfected Strike","Flex"],"picked":"Headbutt","floor":5},{"not_picked":["Shockwave","Flex","Sever Soul"],"picked":"SKIP","floor":7},{"not_picked":["Shockwave","Iron Wave","Battle Trance"],"picked":"SKIP","floor":8},{"not_picked":["Dual Wield","Headbutt"],"picked":"Metallicize","floor":10},{"not_picked":["Twin Strike","Shrug It Off"],"picked":"Armaments","floor":12},{"not_picked":["Flex","Perfected Strike","Havoc"],"picked":"SKIP","floor":13},{"not_picked":["Pommel Strike","Rupture"],"picked":"Armaments","floor":14}],"player_experience":720938,"relics_obtained":[{"floor":8,"key":"Dream Catcher"}],"event_choices":[{"cards_removed":["Normality"],"damage_healed":0,"gold_gain":0,"player_choice":"Card Removal","damage_taken":7,"max_hp_gain":0,"max_hp_loss":0,"event_name":"Golden Wing","floor":2,"gold_loss":0},{"cards_removed":["Strike_R"],"damage_healed":0,"gold_gain":0,"player_choice":"Offered Basic","damage_taken":0,"max_hp_gain":0,"max_hp_loss":0,"event_name":"Bonfire Elementals","floor":11,"gold_loss":0}],"is_beta":false,"boss_relics":[],"items_purged_floors":[],"is_endless":false,"potions_floor_spawned":[4,8,14],"killed_by":"Slime Boss","ascension_level":12}