{"path_per_floor":["M","M","$","?","M","E","R","?","T","M","M","M","R","E","R"],"character_chosen":"IRONCLAD","items_purchased":[],"gold_per_floor":[115,125,50,125,141,170,170,120,165,182,194,212,212,238,238,238],"floor_reached":16,"campfire_rested":0,"playtime":823,"current_hp_per_floor":[69,75,75,64,63,54,54,54,54,60,66,71,71,51,51,0],"items_purged":["Strike_R"],"gold":238,"score":112,"play_id":"60e62b93-ed81-4d33-a47a-96903cec9554","local_time":"20180422110748","is_prod":false,"is_daily":false,"chose_seed":false,"is_ascension_mode":false,"campfire_upgraded":3,"timestamp":1524409668,"path_taken":["M","M","?","?","M","E","R","?","T","?","M","M","R","E","R","BOSS"],"build_version":"2018-04-19","seed_source_timestamp":75108455080768,"purchased_purges":1,"victory":false,"master_deck":["Strike_R","Strike_R","Strike_R","Strike_R","Defend_R","Defend_R","Defend_R","Bash+1","Cleave","Iron Wave","Seeing Red+1","Flex+1","Shrug It Off+1","Warcry+1","Entrench"],"max_hp_per_floor":[80,80,80,80,80,80,80,80,80,80,80,80,80,80,80,80],"relics":["Burning Blood","Happy Flower","Regal Pillow","War Paint"],"card_choices":[{"not_picked":["Perfected Strike","Twin Strike"],"picked":"Cleave","floor":1},{"not_picked":["Clash","Fiend Fire"],"picked":"Iron Wave","floor":2},{"not_picked":["Perfected Strike","Armaments"],"picked":"Seeing Red","floor":6},{"not_picked":["True Grit","Anger"],"picked":"Flex","floor":10},{"not_picked":["Cleave","Body Slam"],"picked":"Shrug It Off","floor":11},{"not_picked":["Hemokinesis","Cleave"],"picked":"Warcry","floor":12},{"not_picked":["Flex","Sword Boomerang"],"picked":"Entrench","floor":14}],"player_experience":0,"potions_floor_usage":[6,6,14,16,16],"damage_taken":[{"damage":17,"enemies":"Cultist","floor":1,"turns":6},{"damage":0,"enemies":"Small Slimes","floor":2,"turns":3},{"damage":7,"enemies":"Jaw Worm","floor":5,"turns":4},{"damage":21,"enemies":"Gremlin Nob","floor":6,"turns":5},{"damage":0,"enemies":"Large Slime","floor":10,"turns":5},{"damage":0,"enemies":"2 Fungi Beasts","floor":11,"turns":3},{"damage":1,"enemies":"Gremlin Gang","floor":12,"turns":4},{"damage":35,"enemies":"Lagavulin","floor":14,"turns":8},{"damage":53,"enemies":"The Guardian","floor":16,"turns":10}],"event_choices":[{"event_name":"World of Goop","player_choice":"Gather Gold","floor":4,"damage_taken":0},{"event_name":"The Cleric","player_choice":"Card Removal","floor":8,"damage_taken":0}],"boss_relics":[],"potions_floor_spawned":[2,5,6,10,11],"seed_played":"-1656161965569523193","killed_by":"The Guardian","ascension_level":0,"is_trial":false}