{"gold_per_floor":[123,147,174,186,198,210,255,267,279,303,330,353,386,423,435,525,537,569,373,385,300,62,62,91,91,91,124,137,163,163,175,175,249,249,259,41,141,141],"floor_reached":38,"playtime":2212,"items_purged":[],"score":799,"play_id":"4b9d1936-b7dc-4883-9fcd-bba1ce8a82f5","local_time":"20190126134939","is_ascension_mode":true,"campfire_choices":[{"data":"Bash","floor":6.0,"key":"SMITH"},{"data":"Sword Boomerang","floor":8,"key":"SMITH"},{"data":"Perfected Strike","floor":15,"key":"SMITH"},{"data":"Perfected Strike","floor":23,"key":"SMITH"},{"data":"Inflame","floor":25,"key":"SMITH"},{"floor":32,"key":"REST"}],"neow_cost":"NONE","seed_source_timestamp":92421015769740,"circlet_count":0,"master_deck":["AscendersBane","Strike_R","Strike_R","Strike_R","Strike_R","Strike_R","Defend_R","Defend_R","Defend_R","Defend_R","Bash+1","Cleave","Sword Boomerang+1","Perfected Strike+1","Shrug It Off+1","Perfected Strike+1","Pommel Strike","Pommel Strike","Combust","Fiend Fire","True Grit+1","Armaments+1","Inflame+1","Discovery+1","Perfected Strike+1","Shrug It Off+1","Deep Breath+1","Backstab","PiercingWail+1","Limit Break+1","Feel No Pain","Disarm+1","Backflip+1","Dark Embrace","Shrug It Off+1","Havoc+1","Rage+1"],"special_seed":0,"relics":["Burning Blood","MawBank","Toxic Egg 2","Happy Flower","Odd Mushroom","Dream Catcher","Velvet Choker","Smiling Mask","PrismaticShard","Ancient Tea Set","PreservedInsect","Oddly Smooth Stone","Blood Vial","Fusion Hammer","Omamori","Prayer Wheel"],"potions_floor_usage":[7,16,29,31,33,33],"damage_taken":[{"damage":14.0,"enemies":"Small Slimes","floor":1.0,"turns":4.0},{"damage":2.0,"enemies":"2 Louse","floor":2.0,"turns":2.0},{"damage":1.0,"enemies":"Cultist","floor":3.0,"turns":3.0},{"damage":8,"enemies":"Gremlin Nob","floor":7,"turns":3},{"damage":1,"enemies":"Looter","floor":10,"turns":3},{"damage":8,"enemies":"Blue Slaver","floor":11,"turns":3},{"damage":22,"enemies":"Exordium Thugs","floor":12,"turns":4},{"damage":12,"enemies":"The Mushroom Lair","floor":13,"turns":3},{"damage":15,"enemies":"3 Sentries","floor":14,"turns":5},{"damage":39,"enemies":"Hexaghost","floor":16,"turns":8},{"damage":25,"enemies":"2 Thieves","floor":18,"turns":3},{"damage":3,"enemies":"Chosen","floor":20,"turns":2},{"damage":9,"enemies":"Book of Stabbing","floor":24,"turns":3},{"damage":7,"enemies":"Slavers","floor":27,"turns":3},{"damage":0,"enemies":"Centurion and Healer","floor":28,"turns":4},{"damage":18,"enemies":"Gremlin Leader","floor":29,"turns":6},{"damage":18,"enemies":"Snake Plant","floor":31,"turns":2},{"damage":47,"enemies":"Automaton","floor":33,"turns":9},{"damage":14,"enemies":"3 Darklings","floor":35,"turns":5},{"damage":42,"enemies":"Mind Bloom Boss Battle","floor":37,"turns":6},{"damage":32,"enemies":"3 Shapes","floor":38,"turns":5}],"seed_played":"465142434254568112","potions_obtained":[{"floor":2.0,"key":"Strength Potion"},{"floor":3.0,"key":"PowerPotion"},{"floor":7,"key":"SkillPotion"},{"floor":16,"key":"Dexterity Potion"},{"floor":29,"key":"BloodPotion"},{"floor":31,"key":"PowerPotion"}],"is_trial":false,"path_per_floor":["M","M","M","?","?","R","E","R","T","M","M","M","?","E","R","B",null,"M","$","M","?","$","R","E","R","T","E","M","E","?","M","R","B",null,"M","$","?","M"],"character_chosen":"IRONCLAD","items_purchased":["Armaments+1","Inflame","Discovery+1","Shrug It Off+1","PrismaticShard","Shrug It Off+1","Omamori","Havoc+1"],"campfire_rested":1,"item_purchase_floors":[19,19,19,22,22,36,36,36],"current_hp_per_floor":[60,64,69,74,74,74,72,72,72,77,75,59,53,44,44,11,63,44,44,47,47,47,47,44,44,44,43,49,37,37,35,59,20,65,59,59,25,0],"gold":141,"neow_bonus":"RANDOM_COMMON_RELIC","is_prod":false,"is_daily":false,"chose_seed":false,"campfire_upgraded":5,"win_rate":0,"timestamp":1548506979,"path_taken":["M","M","M","?","?","R","E","R","T","?","M","M","?","E","R","BOSS","M","$","M","?","$","R","E","R","T","E","M","E","?","?","R","BOSS","M","$","?","M"],"build_version":"2019-01-23","purchased_purges":0,"victory":false,"max_hp_per_floor":[75,75,75,80,80,80,80,80,80,80,80,80,80,80,80,80,80,80,80,80,80,80,80,80,80,80,80,80,80,80,80,80,80,80,80,80,80,80],"card_choices":[{"not_picked":["Rupture","Intimidate"],"picked":"Cleave","floor":1.0},{"not_picked":["True Grit","Wild Strike"],"picked":"Sword Boomerang","floor":2.0},{"not_picked":["Shrug It Off","Clash"],"picked":"Perfected Strike","floor":3.0},{"not_picked":["True Grit","Iron Wave"],"picked":"Shrug It Off","floor":7},{"not_picked":["Clothesline","Feed"],"picked":"Perfected Strike","floor":10},{"not_picked":["Cleave","Sword Boomerang","Carnage"],"picked":"SKIP","floor":11},{"not_picked":["Cleave","Sword Boomerang","Carnage"],"picked":"SKIP","floor":11},{"not_picked":["Cleave","Second Wind+1"],"picked":"Pommel Strike","floor":12},{"not_picked":["Headbutt","Infernal Blade+1"],"picked":"Pommel Strike","floor":13},{"not_picked":["Headbutt","Iron Wave"],"picked":"Combust","floor":14},{"not_picked":["Immolate","Bludgeon"],"picked":"Fiend Fire","floor":16},{"not_picked":["Dual Wield+1","Second Wind+1"],"picked":"True Grit+1","floor":18},{"not_picked":["Twin Strike","Iron Wave"],"picked":"Perfected Strike","floor":20},{"not_picked":["Trip+1","Barrage"],"picked":"Deep Breath+1","floor":24},{"not_picked":["Outmaneuver+1","Fission+1"],"picked":"Backstab","floor":27},{"not_picked":["Streamline","Flex+1"],"picked":"PiercingWail+1","floor":28},{"not_picked":["Grand Finale","Deadly Poison+1","Stack+1"],"picked":"SKIP","floor":29},{"not_picked":["Prepared+1","Defragment"],"picked":"Disarm+1","floor":31},{"not_picked":["Eviscerate","Headbutt+1"],"picked":"Backflip+1","floor":32},{"not_picked":["Buffer","Amplify+1"],"picked":"Dark Embrace","floor":33},{"not_picked":["Cold Snap","Dagger Spray+1","Darkness+1"],"picked":"SKIP","floor":35},{"not_picked":["Poisoned Stab","Headbutt"],"picked":"Rage+1","floor":37}],"player_experience":386678,"relics_obtained":[{"floor":7,"key":"Toxic Egg 2"},{"floor":9,"key":"Happy Flower"},{"floor":13,"key":"Odd Mushroom"},{"floor":14,"key":"Dream Catcher"},{"floor":24,"key":"Ancient Tea Set"},{"floor":26,"key":"PreservedInsect"},{"floor":27,"key":"Oddly Smooth Stone"},{"floor":29,"key":"Blood Vial"},{"floor":37,"key":"Prayer Wheel"}],"event_choices":[{"damage_healed":0.0,"max_hp_gain":5.0,"max_hp_loss":0.0,"gold_gain":0.0,"event_name":"Big Fish","player_choice":"Donut","floor":4.0,"gold_loss":0.0,"damage_taken":0.0},{"damage_healed":0.0,"max_hp_gain":0.0,"max_hp_loss":0.0,"gold_gain":0.0,"event_name":"Upgrade Shrine","player_choice":"Upgraded","floor":5.0,"gold_loss":0.0,"damage_taken":0.0,"cards_upgraded":["Perfected Strike"]},{"damage_healed":0,"gold_gain":0,"player_choice":"Fought Mushrooms","damage_taken":0,"max_hp_gain":0,"max_hp_loss":0,"event_name":"Mushrooms","floor":13,"gold_loss":0},{"damage_healed":0,"gold_gain":0,"player_choice":"Obtained Relic","damage_taken":0,"relics_obtained":["Smiling Mask"],"max_hp_gain":0,"max_hp_loss":0,"event_name":"Addict","floor":21,"gold_loss":85},{"damage_healed":0,"gold_gain":0,"player_choice":"2 cards matched","damage_taken":0,"max_hp_gain":0,"max_hp_loss":0,"event_name":"Match and Keep!","floor":30,"gold_loss":0,"cards_obtained":["Limit Break","Feel No Pain"]},{"damage_healed":0,"gold_gain":0,"player_choice":"Fight","damage_taken":0,"max_hp_gain":0,"max_hp_loss":0,"event_name":"MindBloom","floor":37,"gold_loss":0}],"is_beta":false,"boss_relics":[{"not_picked":["Tiny House","Philosopher\u0027s Stone"],"picked":"Velvet Choker"},{"not_picked":["Black Blood","Astrolabe"],"picked":"Fusion Hammer"}],"items_purged_floors":[],"is_endless":false,"potions_floor_spawned":[2,3,7,11,13,16,20,28,29,31],"killed_by":"3 Shapes","ascension_level":15}