{"gold_per_floor":[119,119,119,119,44,79,79,105,178,211,161,188,188,188,188,319,319,338,253,253,178,198,239,239,239,239,258,289,388,115,115,115,234,234,252,2,18,351,367,393,405,436,463,463,491,491,491,57,57,57],"floor_reached":51,"playtime":3127,"items_purged":["Strike_R","Defend_R"],"score":989,"play_id":"13727b2a-417a-4822-aa52-ddc68427d33e","local_time":"20190108214730","is_ascension_mode":true,"campfire_choices":[{"data":"Bash","floor":7.0,"key":"SMITH"},{"data":"Body Slam","floor":15.0,"key":"SMITH"},{"data":"Demon Form","floor":24,"key":"SMITH"},{"data":"Pommel Strike","floor":32,"key":"SMITH"},{"floor":49,"key":"RECALL"}],"neow_cost":"NONE","seed_source_timestamp":592797724365070,"circlet_count":0,"master_deck":["Strike_R","Defend_R","Defend_R","Defend_R+1","Bash+1","Shrug It Off+1","Inflame","Headbutt","Ghostly Armor+1","Flame Barrier","Body Slam+1","Demon Form+1","Second Wind+1","Shrug It Off","Pommel Strike+1","Clothesline","Reaper+1","Armaments+1","Evolve","True Grit","Clothesline+1","Whirlwind+1"],"special_seed":0,"relics":["Burning Blood","NeowsBlessing","WingedGreaves","Darkstone Periapt","Orichalcum","Omamori","Paper Frog","Pocketwatch","Juzu Bracelet","Snecko Eye","Strawberry","Centennial Puzzle","Bottled Lightning","War Paint","TheAbacus","Fusion Hammer","Anchor","Lantern","Ancient Tea Set","Happy Flower","Mummified Hand","Blood Vial","Whetstone","Gremlin Horn"],"potions_floor_usage":[16,16,23,23,23,33,33,40,50],"damage_taken":[{"damage":0.0,"enemies":"Cultist","floor":1.0,"turns":1.0},{"damage":0.0,"enemies":"Gremlin Nob","floor":6.0,"turns":1.0},{"damage":0.0,"enemies":"Lagavulin","floor":8.0,"turns":1.0},{"damage":15.0,"enemies":"Gremlin Nob","floor":10.0,"turns":4.0},{"damage":21,"enemies":"Slime Boss","floor":16,"turns":14},{"damage":0,"enemies":"3 Byrds","floor":18,"turns":5},{"damage":16,"enemies":"Shell Parasite","floor":22,"turns":5},{"damage":3,"enemies":"Book of Stabbing","floor":23,"turns":4},{"damage":17,"enemies":"Shelled Parasite and Fungi","floor":27,"turns":6},{"damage":13,"enemies":"Slavers","floor":28,"turns":7},{"damage":0,"enemies":"Automaton","floor":33,"turns":8},{"damage":0,"enemies":"3 Shapes","floor":35,"turns":3},{"damage":0,"enemies":"Orb Walker","floor":37,"turns":3},{"damage":0,"enemies":"Writhing Mass","floor":39,"turns":4},{"damage":36,"enemies":"Nemesis","floor":40,"turns":5},{"damage":4,"enemies":"Transient","floor":41,"turns":5},{"damage":3,"enemies":"Reptomancer","floor":42,"turns":6},{"damage":1,"enemies":"Giant Head","floor":45,"turns":8},{"damage":25,"enemies":"Awakened One","floor":50,"turns":9}],"seed_played":"-8481497673258721155","potions_obtained":[{"floor":6.0,"key":"Ancient Potion"},{"floor":8.0,"key":"BloodPotion"},{"floor":16,"key":"Strength Potion"},{"floor":20,"key":"Energy Potion"},{"floor":20,"key":"Dexterity Potion"},{"floor":28,"key":"Regen Potion"},{"floor":35,"key":"Swift Potion"},{"floor":39,"key":"Energy Potion"},{"floor":41,"key":"Ancient Potion"},{"floor":45,"key":"SpeedPotion"}],"is_trial":false,"path_per_floor":["M","?","?","T","$","E","R","E","T","E","?","T","?","?","R","B",null,"M","?","?","?","M","E","R","?","T","M","E","?","$","?","R","B",null,"M","$","M","?","M","E","M","E","T","?","E","?","T","$","R","B",null],"character_chosen":"IRONCLAD","items_purchased":["Inflame","TheAbacus","Anchor","Whirlwind","Whetstone","Gremlin Horn"],"campfire_rested":0,"item_purchase_floors":[5,30,36,48,48,48],"current_hp_per_floor":[80,68,52,52,52,58,58,64,64,55,55,55,55,35,35,28,80,80,87,87,87,77,80,80,80,80,69,62,62,62,46,46,66,87,87,87,87,87,87,81,87,87,87,83,83,83,83,83,83,64],"gold":57,"neow_bonus":"THREE_ENEMY_KILL","is_prod":false,"is_daily":false,"chose_seed":false,"campfire_upgraded":4,"win_rate":0,"timestamp":1547005650,"path_taken":["M","?","?","?","$","E","R","E","T","E","?","?","?","?","R","BOSS","M","?","?","?","M","E","R","?","T","M","E","?","$","?","R","BOSS","M","$","M","?","M","E","M","E","T","?","E","?","?","$","R","BOSS"],"build_version":"2019-01-03v4","purchased_purges":2,"victory":true,"max_hp_per_floor":[80,80,80,80,80,80,80,80,80,80,80,80,80,80,80,80,80,80,87,87,87,87,87,87,87,87,87,87,87,87,87,87,87,87,87,87,87,87,87,87,87,87,87,83,83,83,83,83,83,83],"card_choices":[{"not_picked":["Pommel Strike","Wild Strike"],"picked":"Shrug It Off","floor":1.0},{"not_picked":["Dropkick","Reckless Charge"],"picked":"Headbutt","floor":6.0},{"not_picked":["Anger","Iron Wave"],"picked":"Ghostly Armor","floor":8.0},{"not_picked":["Rupture","Bludgeon"],"picked":"Flame Barrier","floor":10.0},{"not_picked":["Berserk","Reaper"],"picked":"Demon Form","floor":16},{"not_picked":["Seeing Red+1","Twin Strike"],"picked":"Second Wind","floor":18},{"not_picked":["Searing Blow+1","Clash"],"picked":"Shrug It Off","floor":22},{"not_picked":["Seeing Red+1","Second Wind+1"],"picked":"Pommel Strike","floor":23},{"not_picked":["Power Through+1","Battle Trance","Sever Soul"],"picked":"SKIP","floor":27},{"not_picked":["Power Through+1","Battle Trance","Sever Soul"],"picked":"SKIP","floor":27},{"not_picked":["Pommel Strike","Fire Breathing"],"picked":"Clothesline","floor":28},{"not_picked":["Impervious","Berserk"],"picked":"Reaper","floor":33},{"not_picked":["True Grit","Inflame"],"picked":"Armaments+1","floor":35},{"not_picked":["True Grit","Cleave","Rampage"],"picked":"SKIP","floor":37},{"not_picked":["Perfected Strike","Sword Boomerang+1"],"picked":"Evolve","floor":39},{"not_picked":["Twin Strike","Inflame+1"],"picked":"True Grit","floor":40},{"not_picked":["Battle Trance","Pommel Strike","Cleave+1"],"picked":"SKIP","floor":41},{"not_picked":["Twin Strike","Headbutt+1","Wild Strike+1"],"picked":"SKIP","floor":42},{"not_picked":["True Grit","Bloodletting"],"picked":"Clothesline+1","floor":45}],"player_experience":158695,"relics_obtained":[{"floor":4.0,"key":"Darkstone Periapt"},{"floor":6.0,"key":"Orichalcum"},{"floor":8.0,"key":"Omamori"},{"floor":9.0,"key":"Paper Frog"},{"floor":10.0,"key":"Pocketwatch"},{"floor":12.0,"key":"Juzu Bracelet"},{"floor":23,"key":"Centennial Puzzle"},{"floor":26,"key":"Bottled Lightning"},{"floor":28,"key":"War Paint"},{"floor":40,"key":"Lantern"},{"floor":42,"key":"Ancient Tea Set"},{"floor":43,"key":"Happy Flower"},{"floor":45,"key":"Mummified Hand"},{"floor":47,"key":"Blood Vial"}],"event_choices":[{"damage_healed":0.0,"max_hp_gain":0.0,"max_hp_loss":0.0,"gold_gain":0.0,"event_name":"Scrap Ooze","player_choice":"Success","floor":2.0,"gold_loss":0.0,"damage_taken":12.0,"relics_obtained":["WingedGreaves"]},{"damage_healed":0.0,"max_hp_gain":0.0,"max_hp_loss":0.0,"gold_gain":0.0,"event_name":"Shining Light","player_choice":"Entered Light","floor":3.0,"gold_loss":0.0,"damage_taken":16.0,"cards_upgraded":["Defend_R","Shrug It Off"]},{"cards_removed":["Strike_R"],"damage_healed":0.0,"max_hp_gain":0.0,"max_hp_loss":0.0,"gold_gain":0.0,"event_name":"The Cleric","player_choice":"Card Removal","floor":11.0,"gold_loss":50.0,"damage_taken":0.0},{"damage_healed":0.0,"max_hp_gain":0.0,"max_hp_loss":0.0,"gold_gain":0.0,"cards_transformed":["Strike_R"],"event_name":"Living Wall","player_choice":"Change","floor":13.0,"gold_loss":0.0,"damage_taken":0.0,"cards_obtained":["Body Slam"]},{"damage_healed":0.0,"max_hp_gain":0.0,"max_hp_loss":0.0,"gold_gain":0.0,"event_name":"Golden Idol","player_choice":"Take Damage","floor":14.0,"gold_loss":0.0,"damage_taken":20.0,"relics_obtained":["Golden Idol"]},{"damage_healed":0,"gold_gain":0,"player_choice":"Obtained Relic","damage_taken":0,"relics_obtained":["Strawberry"],"max_hp_gain":0,"max_hp_loss":0,"event_name":"Addict","floor":19,"gold_loss":85},{"damage_healed":0,"gold_gain":0,"player_choice":"Got Potions","damage_taken":0,"max_hp_gain":0,"max_hp_loss":0,"event_name":"Lab","floor":20,"gold_loss":0},{"cards_removed":["Strike_R"],"damage_healed":0,"gold_gain":0,"player_choice":"Gave Gold","damage_taken":0,"max_hp_gain":0,"max_hp_loss":0,"event_name":"Beggar","floor":21,"gold_loss":75},{"damage_healed":0,"gold_gain":0,"player_choice":"Ignored","damage_taken":0,"max_hp_gain":0,"max_hp_loss":0,"event_name":"Ghosts","floor":25,"gold_loss":0},{"damage_healed":0,"gold_gain":99,"player_choice":"Stole From Cult","damage_taken":0,"max_hp_gain":0,"max_hp_loss":0,"event_name":"Nest","floor":29,"gold_loss":0},{"damage_healed":0,"gold_gain":0,"player_choice":"POTION ","damage_taken":16,"max_hp_gain":0,"max_hp_loss":0,"event_name":"Knowing Skull","floor":31,"potions_obtained":["Weak Potion"],"gold_loss":0,"cards_obtained":[]},{"damage_healed":0,"gold_gain":333,"player_choice":"Gave Idol","damage_taken":0,"max_hp_gain":0,"max_hp_loss":0,"event_name":"The Moai Head","floor":38,"relics_lost":["Golden Idol"],"gold_loss":0},{"damage_healed":0,"gold_gain":0,"player_choice":"Max HP","damage_taken":0,"max_hp_gain":0,"max_hp_loss":4,"event_name":"Winding Halls","floor":44,"gold_loss":0},{"damage_healed":0,"gold_gain":0,"player_choice":"Memory 1","damage_taken":0,"max_hp_gain":0,"max_hp_loss":0,"event_name":"SensoryStone","floor":46,"gold_loss":0}],"is_beta":false,"boss_relics":[{"not_picked":["Mark of Pain","Sozu"],"picked":"Snecko Eye"},{"not_picked":["Eternal Feather","Philosopher\u0027s Stone"],"picked":"Fusion Hammer"}],"items_purged_floors":[30,36],"is_endless":false,"potions_floor_spawned":[6,8,16,22,28,35,39,41,45],"ascension_level":2}