{"path_per_floor":["M","M","$","?","$","R","M","M","T","M","$","R","M","M","R","B",null,"M","?","?","M","$","R","$","E","T"],"character_chosen":"IRONCLAD","items_purchased":["Infernal Blade","Cleave","Transmutation"],"gold_per_floor":[118,136,97,97,72,72,89,100,100,116,116,116,136,147,147,246,246,257,257,257,272,197,197,6,35,35],"floor_reached":27,"campfire_rested":0,"playtime":1222,"current_hp_per_floor":[79,80,80,80,80,80,80,70,70,74,74,74,80,75,75,77,80,55,55,55,52,52,52,52,28,28],"items_purged":["Normality"],"gold":35,"score":223,"play_id":"c8b31c39-a1a7-43e5-9f37-4824ca281cb6","local_time":"20180307054732","is_prod":false,"is_daily":false,"is_ascension_mode":false,"campfire_upgraded":4,"timestamp":1520414252,"path_taken":["M","M","$","?","$","R","M","M","T","M","$","R","M","M","R","BOSS","M","?","?","M","$","R","$","E","T","M"],"build_version":"2018-03-01-PROD1","purchased_purges":1,"victory":false,"master_deck":["Strike_R","Strike_R","Strike_R","Strike_R","Defend_R","Defend_R","Defend_R+1","Bash+1","Feel No Pain","Infernal Blade+1","Cleave+1","Anger+1","Exhume+1","Clothesline+1","Shockwave+1","True Grit+1","Sever Soul","Writhe","Transmutation"],"max_hp_per_floor":[80,80,80,80,80,80,80,80,80,80,80,80,80,80,80,80,80,80,80,80,80,80,80,80,80,80],"relics":["Burning Blood","Thread and Needle","Astrolabe","Bronze Scales","War Paint","Frozen Egg 2","Smiling Mask"],"card_choices":[{"not_picked":["True Grit","Carnage"],"picked":"Feel No Pain"},{"not_picked":["Barricade","Armaments"],"picked":"Anger"},{"not_picked":["Heavy Blade","Headbutt"],"picked":"Shockwave"},{"not_picked":["Feed","Demon Form"],"picked":"Exhume"},{"not_picked":["Uppercut","Body Slam"],"picked":"Sever Soul"}],"player_experience":130197,"potions_floor_usage":[13,16,16,16,27],"damage_taken":[{"damage":7,"enemies":"Small Slimes","floor":1,"turns":3},{"damage":1,"enemies":"2 Louse","floor":2,"turns":2},{"damage":0,"enemies":"Cultist","floor":7,"turns":3},{"damage":16,"enemies":"Red Slaver","floor":8,"turns":4},{"damage":2,"enemies":"Blue Slaver","floor":10,"turns":4},{"damage":0,"enemies":"Gremlin Gang","floor":13,"turns":4},{"damage":11,"enemies":"Red Slaver","floor":14,"turns":3},{"damage":9,"enemies":"Slime Boss","floor":16,"turns":9},{"damage":31,"enemies":"2 Thieves","floor":18,"turns":5},{"damage":9,"enemies":"3 Byrds","floor":21,"turns":4},{"damage":30,"enemies":"Book of Stabbing","floor":25,"turns":8},{"damage":34,"enemies":"Sentry and Sphere","floor":27,"turns":7}],"event_choices":[{"event_name":"Golden Wing","player_choice":"Ignored","floor":4,"damage_taken":0},{"event_name":"Accursed Blacksmith","player_choice":"Rummage","floor":19,"damage_taken":0},{"event_name":"The Mausoleum","player_choice":"Yes","floor":20,"damage_taken":0}],"boss_relics":[{"not_picked":["Ectoplasm","Philosopher\u0027s Stone"],"picked":"Astrolabe"}],"potions_floor_spawned":[8,10,13,14,21],"seed_played":"-7057700680136353820","killed_by":"Sentry and Sphere","ascension_level":0,"is_trial":false}