{"path_per_floor":["M","?","$","?","M","E","?","R","T","M","M","M","R","M","R","B",null,"M","?","$","M","?","R","M","?","T","?","M","M","M","$","R","B",null,"M","?","?","M","?","R","M","?","T"],"character_chosen":"IRONCLAD","items_purchased":["Inflame","Molten Egg 2"],"gold_per_floor":[119,119,119,119,130,163,163,163,216,226,239,258,258,277,277,378,378,390,390,242,260,260,260,280,280,280,280,297,316,330,92,92,195,195,213,213,213,229,229,229,245,245,245,245],"floor_reached":44,"campfire_rested":4,"playtime":1432,"current_hp_per_floor":[80,80,80,80,80,27,27,51,51,57,38,34,58,44,68,58,80,73,73,73,63,63,63,50,50,50,35,34,22,25,25,50,35,85,85,85,85,71,71,71,40,74,74,0],"items_purged":["Strike_R"],"gold":245,"score":410,"play_id":"c3c870a9-c88e-401f-8c12-0d33187f72a5","local_time":"20180425180429","is_prod":false,"is_daily":false,"chose_seed":false,"is_ascension_mode":false,"campfire_upgraded":2,"timestamp":1524693869,"path_taken":["M","?","?","?","M","E","?","R","T","M","M","M","R","M","R","BOSS","M","?","$","M","?","R","M","?","T","?","M","M","M","$","R","BOSS","M","?","?","M","?","R","M","?","T","E"],"build_version":"2018-04-19","seed_source_timestamp":16949925987084,"purchased_purges":1,"victory":false,"master_deck":["Strike_R","Strike_R","Strike_R","Defend_R","Defend_R","Defend_R","Bash","Thunderclap","Warcry","Iron Wave","Cleave","Twin Strike","Warcry","Pummel","Twin Strike","Heavy Blade","Shockwave","Inflame+1","Shrug It Off+1","Pommel Strike+1","Inflame+1","Battle Trance+1","Inflame+1","Demon Form","Bloodletting+1","Thunderclap+1","Rupture+1","Secret Weapon+1","Shrug It Off+1","Writhe"],"max_hp_per_floor":[80,80,80,80,80,80,80,80,80,80,80,80,80,80,80,80,80,80,80,80,80,80,80,80,80,80,85,85,85,85,85,85,85,85,85,85,85,85,85,85,85,74,74,74],"relics":["Burning Blood","Juzu Bracelet","Bronze Scales","Tiny Chest","Velvet Choker","Dream Catcher","Molten Egg 2","Cursed Key","Frozen Egg 2"],"card_choices":[{"not_picked":["Anger","Blood for Blood"],"picked":"Thunderclap","floor":1},{"not_picked":["Headbutt","Iron Wave"],"picked":"Warcry","floor":5},{"not_picked":["Whirlwind","Flame Barrier"],"picked":"Iron Wave","floor":6},{"not_picked":["Iron Wave","Searing Blow"],"picked":"Twin Strike","floor":10},{"not_picked":["Clothesline","Shockwave"],"picked":"Warcry","floor":11},{"not_picked":["Intimidate","Clash"],"picked":"Pummel","floor":12},{"not_picked":["Wild Strike","Searing Blow"],"picked":"Twin Strike","floor":14},{"not_picked":["Iron Wave","Headbutt"],"picked":"Heavy Blade","floor":18},{"not_picked":["True Grit","Rampage"],"picked":"Shrug It Off","floor":21},{"not_picked":["Cleave","Thunderclap"],"picked":"Pommel Strike","floor":24},{"not_picked":["Clash","Pummel"],"picked":"Battle Trance","floor":28},{"not_picked":["True Grit","Battle Trance"],"picked":"Inflame","floor":30},{"not_picked":["Dark Embrace","Feed"],"picked":"Demon Form","floor":33},{"not_picked":["Ghostly Armor","Heavy Blade"],"picked":"Bloodletting","floor":35},{"not_picked":["Anger","Pommel Strike"],"picked":"Rupture","floor":38},{"not_picked":["Enlightenment","Panache"],"picked":"Secret Weapon","floor":39},{"not_picked":["Sever Soul","Corruption"],"picked":"Shrug It Off","floor":41}],"player_experience":78192,"potions_floor_usage":[16,24,33,33],"damage_taken":[{"damage":2,"enemies":"Small Slimes","floor":1,"turns":4},{"damage":1,"enemies":"Cultist","floor":5,"turns":3},{"damage":59,"enemies":"Gremlin Nob","floor":6,"turns":5},{"damage":0,"enemies":"2 Louse","floor":10,"turns":2},{"damage":25,"enemies":"Exordium Thugs","floor":11,"turns":4},{"damage":10,"enemies":"Looter","floor":12,"turns":3},{"damage":20,"enemies":"Gremlin Gang","floor":14,"turns":4},{"damage":16,"enemies":"Slime Boss","floor":16,"turns":6},{"damage":13,"enemies":"Chosen","floor":18,"turns":5},{"damage":16,"enemies":"3 Byrds","floor":21,"turns":3},{"damage":19,"enemies":"Snecko","floor":24,"turns":5},{"damage":7,"enemies":"Centurion and Healer","floor":28,"turns":5},{"damage":18,"enemies":"Chosen and Byrds","floor":29,"turns":5},{"damage":3,"enemies":"3 Cultists","floor":30,"turns":4},{"damage":21,"enemies":"Collector","floor":33,"turns":7},{"damage":4,"enemies":"3 Shapes","floor":35,"turns":5},{"damage":20,"enemies":"3 Darklings","floor":38,"turns":4},{"damage":37,"enemies":"Sphere and 2 Shapes","floor":41,"turns":4},{"damage":87,"enemies":"Nemesis","floor":44,"turns":6}],"event_choices":[{"event_name":"Accursed Blacksmith","player_choice":"Rummage","floor":2,"damage_taken":0},{"event_name":"The Woman in Blue","player_choice":"Bought 0 Potions","floor":4,"damage_taken":0},{"event_name":"Match and Keep!","player_choice":"1 cards matched","floor":7,"damage_taken":0},{"event_name":"The Library","player_choice":"Read","floor":19,"damage_taken":0},{"event_name":"Ghosts","player_choice":"Ignored","floor":22,"damage_taken":0},{"event_name":"Duplicator","player_choice":"One dupe","floor":25,"damage_taken":0},{"event_name":"Forgotten Altar","player_choice":"Shed Blood","floor":27,"damage_taken":0},{"event_name":"Transmorgrifier","player_choice":"Transform","floor":37,"damage_taken":0},{"event_name":"SensoryStone","player_choice":"Memory 1","floor":39,"damage_taken":0},{"event_name":"The Moai Head","player_choice":"Heal","floor":42,"damage_taken":0}],"boss_relics":[{"not_picked":["Lizard Tail","Black Star"],"picked":"Velvet Choker"},{"not_picked":["Orrery","Runic Pyramid"],"picked":"Cursed Key"}],"potions_floor_spawned":[5,6,12,16,29,33,35],"seed_played":"2542509313011378892","killed_by":"Nemesis","ascension_level":0,"is_trial":false}