{"path_per_floor":["M","$","M","M","?","E","R","M","T","?","M","M","$","M","R","B",null,"M","M","?","M","$","R","M","M","T","R","E","$","R","M","R"],"character_chosen":"IRONCLAD","items_purchased":["Madness","Charon\u0027s Ashes","Shrug It Off","Cleave"],"gold_per_floor":[111,21,36,51,301,333,333,344,344,344,358,376,5,17,17,113,113,79,94,94,112,64,64,81,93,116,116,145,91,91,106,106,106],"floor_reached":33,"campfire_rested":6,"playtime":1484,"current_hp_per_floor":[80,80,79,80,80,58,80,80,80,85,78,65,65,71,85,49,85,72,54,82,32,32,57,45,36,36,76,49,49,85,76,85,0],"items_purged":["Regret"],"gold":106,"score":285,"play_id":"eb88dca7-38fc-4692-863e-297955243de2","local_time":"20180330021725","is_prod":false,"is_daily":false,"is_ascension_mode":true,"campfire_upgraded":0,"timestamp":1522385245,"path_taken":["M","$","M","M","?","E","R","M","T","?","?","M","$","M","R","BOSS","M","M","?","M","$","R","M","M","T","R","E","$","R","M","R","BOSS"],"build_version":"2018-03-29","purchased_purges":1,"victory":false,"master_deck":["Strike_R","Strike_R","Strike_R","Strike_R","Strike_R","Defend_R","Defend_R","Defend_R","Defend_R","Bash","Demon Form","Madness","Pummel","Flame Barrier","Inflame","Rage","Demon Form","Wild Strike+1","Fiend Fire","Shrug It Off","Heavy Blade","Feel No Pain+1","True Grit","Cleave","Iron Wave+1"],"max_hp_per_floor":[80,80,80,80,80,80,80,80,80,85,85,85,85,85,85,85,85,85,85,85,85,85,85,85,85,85,85,85,85,85,85,85,85],"relics":["Burning Blood","Bag of Marbles","Ancient Tea Set","Ice Cream","Charon\u0027s Ashes","Runic Cube","Regal Pillow","Pen Nib"],"card_choices":[{"not_picked":["True Grit","Rage"],"picked":"Demon Form","floor":1},{"not_picked":["Havoc","Second Wind"],"picked":"Pummel","floor":3},{"not_picked":["Burning Pact","Hemokinesis"],"picked":"Flame Barrier","floor":6},{"not_picked":["Sever Soul","Seeing Red"],"picked":"Inflame","floor":8},{"not_picked":["Metallicize","Rupture"],"picked":"Rage","floor":11},{"not_picked":["Berserk","Barricade"],"picked":"Demon Form","floor":16},{"not_picked":["Sword Boomerang","Perfected Strike"],"picked":"Wild Strike","floor":18},{"not_picked":["Sever Soul","Flex"],"picked":"Fiend Fire","floor":19},{"not_picked":["Corruption","Perfected Strike"],"picked":"Heavy Blade","floor":24},{"not_picked":["Intimidate","Flex"],"picked":"Feel No Pain","floor":25},{"not_picked":["Pommel Strike","Twin Strike"],"picked":"True Grit","floor":28},{"not_picked":["Body Slam","Infernal Blade"],"picked":"Iron Wave","floor":31}],"player_experience":264759,"potions_floor_usage":[16,18,21,25,25,28],"damage_taken":[{"damage":5,"enemies":"Cultist","floor":1,"turns":4},{"damage":7,"enemies":"2 Louse","floor":3,"turns":3},{"damage":0,"enemies":"Small Slimes","floor":4,"turns":3},{"damage":28,"enemies":"Lagavulin","floor":6,"turns":8},{"damage":5,"enemies":"Blue Slaver","floor":8,"turns":3},{"damage":13,"enemies":"Red Slaver","floor":11,"turns":5},{"damage":19,"enemies":"Gremlin Gang","floor":12,"turns":6},{"damage":0,"enemies":"2 Fungi Beasts","floor":14,"turns":3},{"damage":42,"enemies":"Hexaghost","floor":16,"turns":7},{"damage":19,"enemies":"2 Thieves","floor":18,"turns":5},{"damage":24,"enemies":"Chosen","floor":19,"turns":5},{"damage":56,"enemies":"Sentry and Sphere","floor":21,"turns":10},{"damage":18,"enemies":"Snake Plant","floor":24,"turns":4},{"damage":15,"enemies":"Centurion and Healer","floor":25,"turns":4},{"damage":33,"enemies":"Slavers","floor":28,"turns":5},{"damage":15,"enemies":"Snecko","floor":31,"turns":4},{"damage":112,"enemies":"Collector","floor":33,"turns":6}],"event_choices":[{"event_name":"Golden Shrine","player_choice":"Desecrate","floor":5,"damage_taken":0},{"event_name":"Big Fish","player_choice":"Donut","floor":10,"damage_taken":0},{"event_name":"The Library","player_choice":"Heal","floor":20,"damage_taken":0}],"boss_relics":[{"not_picked":["Pandora\u0027s Box","Astrolabe"],"picked":"Runic Cube"}],"potions_floor_spawned":[3,4,8,11,18,21,25],"seed_played":"-7607263923562895469","killed_by":"Collector","ascension_level":1,"is_trial":false}