{"gold_per_floor":[10,22,41,41,116,116,116,143,143,143,174,174,190,210,210,282,282,298,7,22,42,92,92,107,107],"floor_reached":25,"playtime":1085,"items_purged":["Strike_R"],"score":373,"play_id":"24ac67c3-b1e0-48e7-a340-06cf0cd8e3d4","local_time":"20190126131036","is_ascension_mode":true,"campfire_choices":[{"data":"Bash","floor":6.0,"key":"SMITH"},{"floor":10.0,"key":"REST"},{"data":"Immolate","floor":12.0,"key":"SMITH"},{"floor":15.0,"key":"REST"},{"data":"Flame Barrier","floor":23,"key":"SMITH"}],"neow_cost":"NO_GOLD","seed_source_timestamp":91190858704858,"circlet_count":0,"master_deck":["AscendersBane","Strike_R","Defend_R","Defend_R","Defend_R","Defend_R","Bash+1","Immolate+1","Pummel","Cleave","Armaments","Limit Break","Offering+1","Whirlwind+1","Warcry+1","Flame Barrier+1","Feel No Pain","Iron Wave+1"],"special_seed":0,"relics":["Burning Blood","Paper Frog","Bronze Scales","Shuriken","StoneCalendar","Astrolabe","Vajra"],"potions_floor_usage":[21,21,21],"damage_taken":[{"damage":5.0,"enemies":"Small Slimes","floor":1.0,"turns":2.0},{"damage":6.0,"enemies":"Jaw Worm","floor":2.0,"turns":4.0},{"damage":0.0,"enemies":"2 Louse","floor":3.0,"turns":1.0},{"damage":35.0,"enemies":"Lagavulin","floor":8.0,"turns":6.0},{"damage":16.0,"enemies":"Gremlin Nob","floor":11.0,"turns":3.0},{"damage":12.0,"enemies":"Gremlin Gang","floor":13.0,"turns":3.0},{"damage":11.0,"enemies":"Looter","floor":14.0,"turns":2.0},{"damage":38.0,"enemies":"Slime Boss","floor":16.0,"turns":7.0},{"damage":19,"enemies":"Shell Parasite","floor":18,"turns":4},{"damage":0,"enemies":"3 Byrds","floor":20,"turns":2},{"damage":17,"enemies":"Centurion and Healer","floor":21,"turns":7},{"damage":27,"enemies":"Snake Plant","floor":24,"turns":4},{"damage":24,"enemies":"Slavers","floor":25,"turns":2}],"seed_played":"7462352049803680414","potions_obtained":[{"floor":2.0,"key":"Dexterity Potion"},{"floor":8.0,"key":"EntropicBrew"}],"is_trial":false,"path_per_floor":["M","M","M","?","?","R","?","E","T","R","E","R","M","M","R","B",null,"M","$","M","M","?","R","M","E"],"character_chosen":"IRONCLAD","items_purchased":["Vajra","Flame Barrier"],"campfire_rested":2,"item_purchase_floors":[19,19],"current_hp_per_floor":[69,69,75,64,53,53,53,24,24,46,36,36,30,25,47,15,60,47,47,53,42,42,42,21,0],"gold":107,"neow_bonus":"THREE_RARE_CARDS","is_prod":false,"is_daily":false,"chose_seed":false,"campfire_upgraded":3,"win_rate":0,"timestamp":1548504636,"path_taken":["M","M","M","?","?","R","?","E","T","R","E","R","M","?","R","BOSS","M","$","M","M","?","R","M","E"],"build_version":"2019-01-23","purchased_purges":1,"victory":false,"max_hp_per_floor":[75,75,75,75,75,75,75,75,75,75,75,75,75,75,75,75,75,75,75,75,75,75,75,75,75],"card_choices":[{"not_picked":["Brutality","Barricade"],"picked":"Immolate","floor":0.0},{"not_picked":["Perfected Strike","Blood for Blood","True Grit"],"picked":"SKIP","floor":1.0},{"not_picked":["Searing Blow","Fire Breathing","Armaments"],"picked":"SKIP","floor":2.0},{"not_picked":["Wild Strike","Burning Pact","Reckless Charge"],"picked":"SKIP","floor":3.0},{"not_picked":["Demon Form","Flex"],"picked":"Pummel","floor":8.0},{"not_picked":["Headbutt","Rampage"],"picked":"Cleave","floor":11.0},{"not_picked":["Wild Strike","Body Slam","Infernal Blade"],"picked":"SKIP","floor":13.0},{"not_picked":["Clothesline","Havoc"],"picked":"Armaments","floor":14.0},{"not_picked":["Berserk","Exhume"],"picked":"Limit Break","floor":16.0},{"not_picked":["Flex","Wild Strike","Evolve"],"picked":"SKIP","floor":18},{"not_picked":["Warcry","Body Slam","Iron Wave"],"picked":"SKIP","floor":20},{"not_picked":["Pummel","Flame Barrier"],"picked":"Feel No Pain","floor":21},{"not_picked":["Second Wind","Headbutt"],"picked":"Iron Wave+1","floor":24}],"player_experience":385593,"relics_obtained":[{"floor":8.0,"key":"Bronze Scales"},{"floor":9.0,"key":"Shuriken"},{"floor":11.0,"key":"StoneCalendar"}],"event_choices":[{"damage_healed":0.0,"max_hp_gain":0.0,"max_hp_loss":0.0,"gold_gain":0.0,"event_name":"Scrap Ooze","player_choice":"Success","floor":4.0,"gold_loss":0.0,"damage_taken":11.0,"relics_obtained":["Paper Frog"]},{"damage_healed":0.0,"max_hp_gain":0.0,"max_hp_loss":0.0,"gold_gain":75.0,"event_name":"World of Goop","player_choice":"Gather Gold","floor":5.0,"gold_loss":0.0,"damage_taken":11.0},{"damage_healed":0.0,"max_hp_gain":0.0,"max_hp_loss":0.0,"gold_gain":0.0,"event_name":"Liars Game","player_choice":"Ignored","floor":7.0,"gold_loss":0.0,"damage_taken":0.0},{"damage_healed":0,"gold_gain":50,"player_choice":"Pray","damage_taken":0,"max_hp_gain":0,"max_hp_loss":0,"event_name":"Golden Shrine","floor":22,"gold_loss":0}],"is_beta":false,"boss_relics":[{"not_picked":["Empty Cage","Black Star"],"picked":"Astrolabe"}],"items_purged_floors":[19],"is_endless":false,"potions_floor_spawned":[2,8,11,16,18,20],"killed_by":"Slavers","ascension_level":15}