{"gold_per_floor":[116,116,116,127,144,144,175,175,221,221,241,241,259,269,269,367,367,377,377,93,58,71,71,82,95,95,95,113,128,128,128,128,128],"floor_reached":33,"playtime":1770,"items_purged":["Regret"],"score":251,"play_id":"8a367282-3cb0-40b8-a0ba-26d7dee66226","local_time":"20190102042314","is_ascension_mode":false,"campfire_choices":[{"data":"Machine Learning","floor":6,"key":"SMITH"},{"floor":8,"key":"REST"},{"floor":10,"key":"REST"},{"floor":12,"key":"RECALL"},{"floor":15,"key":"REST"},{"floor":23,"key":"REST"},{"floor":27,"key":"REST"},{"floor":30,"key":"REST"},{"floor":32,"key":"REST"}],"neow_cost":"NONE","seed_source_timestamp":465162194347759,"circlet_count":0,"master_deck":["Strike_B","Strike_B","Strike_B","Strike_B","Defend_B","Defend_B","Defend_B","Defend_B","Zap","Dualcast","Turbo","Thunder Strike","Lockon","Sweeping Beam","Machine Learning+1","Force Field","Ball Lightning","Glacier","Conserve Battery","Sunder","Melter","Electrodynamics","Static Discharge","Jack Of All Trades","Conserve Battery","Storm+1","Aggregate","Darkness","Recycle","Core Surge"],"relics":["Orrery","Strawberry","Lantern","Sozu","NlothsMask"],"potions_floor_usage":[5,11,16],"damage_taken":[{"damage":0,"enemies":"2 Louse","floor":1,"turns":2},{"damage":7,"enemies":"Small Slimes","floor":4,"turns":4},{"damage":3,"enemies":"Cultist","floor":5,"turns":4},{"damage":43,"enemies":"3 Sentries","floor":7,"turns":8},{"damage":9,"enemies":"2 Fungi Beasts","floor":11,"turns":3},{"damage":25,"enemies":"Lots of Slimes","floor":13,"turns":6},{"damage":16,"enemies":"Red Slaver","floor":14,"turns":4},{"damage":37,"enemies":"Slime Boss","floor":16,"turns":13},{"damage":19,"enemies":"Chosen","floor":18,"turns":5},{"damage":21,"enemies":"2 Thieves","floor":21,"turns":5},{"damage":10,"enemies":"Cultist and Chosen","floor":22,"turns":5},{"damage":10,"enemies":"Centurion and Healer","floor":24,"turns":5},{"damage":18,"enemies":"3 Cultists","floor":25,"turns":3},{"damage":32,"enemies":"Snake Plant","floor":28,"turns":4},{"damage":0,"enemies":"Snecko","floor":29,"turns":4},{"damage":80,"enemies":"Champ","floor":33,"turns":13}],"seed_played":"2173886275344255097","potions_obtained":[{"floor":1,"key":"Block Potion"},{"floor":7,"key":"Explosive Potion"},{"floor":14,"key":"Energy Potion"}],"is_trial":false,"path_per_floor":["M","?","?","M","M","R","E","R","T","R","M","R","M","M","R","B",null,"M","?","$","M","M","R","M","M","T","R","M","M","R","?","R","B"],"character_chosen":"DEFECT","items_purchased":["Static Discharge","Jack Of All Trades","Conserve Battery"],"campfire_rested":7,"item_purchase_floors":[20,20,20],"current_hp_per_floor":[75,75,82,75,72,72,29,53,53,77,68,68,43,27,51,14,82,63,63,63,42,32,56,46,28,28,52,20,20,44,44,68,0],"gold":128,"neow_bonus":"BOSS_RELIC","is_prod":false,"is_daily":false,"chose_seed":false,"campfire_upgraded":1,"win_rate":0,"timestamp":1546415594,"path_taken":["M","?","?","M","M","R","E","R","T","R","M","R","M","M","R","BOSS","M","?","$","M","?","R","M","M","T","R","M","M","R","?","R","BOSS"],"build_version":"2019-01-01v2","purchased_purges":1,"victory":false,"max_hp_per_floor":[75,75,82,82,82,82,82,82,82,82,82,82,82,82,82,82,82,82,82,82,82,82,82,82,82,82,82,82,82,82,82,82,82],"card_choices":[{"not_picked":["Compile Driver","Redo"],"picked":"Turbo","floor":0},{"not_picked":["Streamline","Compile Driver"],"picked":"Thunder Strike","floor":0},{"not_picked":["Cold Snap","Redo"],"picked":"Loop","floor":0},{"not_picked":["Redo","Compile Driver"],"picked":"Lockon","floor":0},{"not_picked":["Steam","Cold Snap"],"picked":"Sweeping Beam","floor":0},{"not_picked":["Leap","Consume"],"picked":"Machine Learning","floor":1},{"not_picked":["Hologram","Compile Driver"],"picked":"Force Field","floor":4},{"not_picked":["Compile Driver","Barrage"],"picked":"Ball Lightning","floor":5},{"not_picked":["Compile Driver","Force Field"],"picked":"Glacier","floor":7},{"not_picked":["Go for the Eyes","White Noise"],"picked":"Conserve Battery","floor":11},{"not_picked":["Beam Cell","Lockon"],"picked":"Sunder","floor":13},{"not_picked":["All For One","Barrage"],"picked":"Melter","floor":14},{"not_picked":["Meteor Strike","Biased Cognition"],"picked":"Electrodynamics","floor":16},{"not_picked":["Rebound","Turbo","Aggregate"],"picked":"SKIP","floor":18},{"not_picked":["Sweeping Beam","Streamline+1"],"picked":"Storm+1","floor":21},{"not_picked":["Turbo","Streamline","Fission"],"picked":"SKIP","floor":22},{"not_picked":["Sweeping Beam","Cold Snap+1","FTL"],"picked":"SKIP","floor":24},{"not_picked":["Compile Driver+1","Turbo"],"picked":"Aggregate","floor":25},{"not_picked":["Gash","Glacier"],"picked":"Darkness","floor":28},{"not_picked":["Sweeping Beam","Go for the Eyes"],"picked":"Recycle","floor":29}],"player_experience":569862,"relics_obtained":[{"floor":7,"key":"Lantern"}],"event_choices":[{"damage_healed":0,"gold_gain":0,"player_choice":"Ignored","damage_taken":0,"max_hp_gain":0,"max_hp_loss":0,"event_name":"Golden Wing","floor":2,"gold_loss":0},{"damage_healed":0,"gold_gain":0,"player_choice":"Box","damage_taken":0,"relics_obtained":["Strawberry"],"max_hp_gain":0,"max_hp_loss":0,"event_name":"Big Fish","floor":3,"gold_loss":0,"cards_obtained":["Regret"]},{"damage_healed":0,"gold_gain":0,"player_choice":"Trade","damage_taken":0,"relics_obtained":["NlothsMask"],"max_hp_gain":0,"max_hp_loss":0,"event_name":"FaceTrader","floor":19,"gold_loss":0},{"damage_healed":0,"gold_gain":0,"cards_transformed":["Loop"],"player_choice":"Transformed","damage_taken":0,"max_hp_gain":0,"max_hp_loss":0,"event_name":"Transmorgrifier","floor":31,"gold_loss":0,"cards_obtained":["Core Surge"]}],"is_beta":true,"boss_relics":[{"not_picked":["Ectoplasm","Eternal Feather"],"picked":"Sozu"}],"items_purged_floors":[20],"is_endless":false,"potions_floor_spawned":[1,7,14,22,24,28],"killed_by":"Champ","ascension_level":0}