{"path_per_floor":["M","$","?","M","M","R","E","M","T","M","?","M","M","M","R","B",null,"M","?","$","M","?","E","R","E","T","R","M","M","R","?","R"],"character_chosen":"DEFECT","items_purchased":[],"gold_per_floor":[364,289,289,305,320,320,354,369,369,381,381,398,408,423,423,521,521,531,531,431,447,475,504,504,532,559,559,572,586,586,586,586,586],"floor_reached":33,"campfire_rested":3,"playtime":1493,"item_purchase_floors":[],"current_hp_per_floor":[72,72,57,51,51,51,32,25,25,19,19,12,12,12,34,35,75,75,75,75,66,30,19,41,27,34,34,36,31,31,31,55,0],"items_purged":["Writhe","Strike_B"],"gold":586,"score":328,"play_id":"c5a6da43-3887-4d0f-a5e8-c5dfda870834","local_time":"20180601190512","is_prod":false,"is_daily":false,"chose_seed":false,"is_ascension_mode":true,"campfire_upgraded":3,"win_rate":0.0,"timestamp":1527894312,"campfire_choices":[{"data":"Dualcast","floor":6,"key":"SMITH"},{"floor":15,"key":"REST"},{"floor":24,"key":"REST"},{"data":"Fission","floor":27,"key":"SMITH"},{"data":"Redo","floor":30,"key":"SMITH"},{"floor":32,"key":"REST"}],"path_taken":["M","$","?","M","M","R","E","M","T","M","?","M","M","?","R","BOSS","M","?","$","?","?","E","R","E","T","R","M","?","R","?","R","BOSS"],"build_version":"2018-05-31","seed_source_timestamp":18523929135671,"purchased_purges":2,"victory":false,"master_deck":["Defend_B","Defend_B","Defend_B","Defend_B","Zap+1","Dualcast+1","Doom and Gloom","Ball Lightning","Redo","Cold Snap","Reinforced Body","Sweeping Beam","Self Repair","Loop","Leap","Genetic Algorithm","Multi-Cast","Go for the Eyes","Beam Cell","Dualcast+1","Lockon","Auto Shields+1","Redo+1","Fission+1","Conserve Battery+1","Bite","Bite","Bite","Bite","Bite"],"max_hp_per_floor":[75,75,75,75,75,75,75,75,75,75,75,75,75,75,75,75,75,75,75,75,75,75,75,75,75,82,82,82,82,82,82,82,82],"relics":["Cracked Core","Bird Faced Urn","Prayer Wheel","Sozu","Red Mask","Matryoshka","Bronze Scales","Strawberry"],"card_choices":[{"not_picked":["Beam Cell","Streamline"],"picked":"Doom and Gloom","floor":1},{"not_picked":["Compile Driver","Coolheaded"],"picked":"Ball Lightning","floor":4},{"not_picked":["Steam","Ball Lightning","Stack"],"picked":"SKIP","floor":5},{"not_picked":["Lockon","Barrage"],"picked":"Redo","floor":7},{"not_picked":["Streamline","Creative AI","Double Energy"],"picked":"SKIP","floor":8},{"not_picked":["Conserve Battery","Skim"],"picked":"Cold Snap","floor":10},{"not_picked":["Barrage","Compile Driver","Gash"],"picked":"SKIP","floor":10},{"not_picked":["Streamline","Buffer"],"picked":"Reinforced Body","floor":12},{"not_picked":["Gash","Storm"],"picked":"Sweeping Beam","floor":12},{"not_picked":["Streamline","Rebound"],"picked":"Self Repair","floor":13},{"not_picked":["Redo","Aggregate"],"picked":"Loop","floor":13},{"not_picked":["Conserve Battery","Undo"],"picked":"Leap","floor":14},{"not_picked":["Leap","Stack"],"picked":"Genetic Algorithm","floor":14},{"not_picked":["Thunder Strike","Creative AI"],"picked":"Multi-Cast","floor":16},{"not_picked":["Coolheaded+1","Ball Lightning"],"picked":"Go for the Eyes","floor":18},{"not_picked":["Stack","Steam+1"],"picked":"Beam Cell","floor":18},{"not_picked":["Force Field","Coolheaded+1"],"picked":"Lockon","floor":21},{"not_picked":["Steam Power","Compile Driver","Stack"],"picked":"SKIP","floor":21},{"not_picked":["Capacitor","Gash"],"picked":"Auto Shields+1","floor":22},{"not_picked":["Go for the Eyes+1","Force Field"],"picked":"Redo","floor":23},{"not_picked":["Ball Lightning","Hologram"],"picked":"Fission","floor":25},{"not_picked":["Streamline","Go for the Eyes","Stack"],"picked":"SKIP","floor":28},{"not_picked":["Lockon+1","Static Discharge","Redo+1"],"picked":"SKIP","floor":28},{"not_picked":["Self Repair+1","Coolheaded+1"],"picked":"Conserve Battery+1","floor":29},{"not_picked":["Loop","Ball Lightning","Barrage+1"],"picked":"SKIP","floor":29}],"player_experience":228469,"potions_floor_usage":[16,18],"damage_taken":[{"damage":3,"enemies":"2 Louse","floor":1,"turns":3},{"damage":6,"enemies":"Jaw Worm","floor":4,"turns":3},{"damage":0,"enemies":"Small Slimes","floor":5,"turns":2},{"damage":19,"enemies":"3 Sentries","floor":7,"turns":4},{"damage":7,"enemies":"3 Louse","floor":8,"turns":2},{"damage":6,"enemies":"Red Slaver","floor":10,"turns":3},{"damage":7,"enemies":"Exordium Wildlife","floor":12,"turns":3},{"damage":0,"enemies":"Large Slime","floor":13,"turns":4},{"damage":9,"enemies":"Blue Slaver","floor":14,"turns":3},{"damage":10,"enemies":"Slime Boss","floor":16,"turns":10},{"damage":4,"enemies":"Chosen","floor":18,"turns":5},{"damage":16,"enemies":"3 Byrds","floor":21,"turns":6},{"damage":45,"enemies":"Masked Bandits","floor":22,"turns":5},{"damage":22,"enemies":"Gremlin Leader","floor":23,"turns":8},{"damage":25,"enemies":"Book of Stabbing","floor":25,"turns":6},{"damage":0,"enemies":"Slaver and Parasite","floor":28,"turns":4},{"damage":16,"enemies":"Snake Plant","floor":29,"turns":3},{"damage":77,"enemies":"Automaton","floor":33,"turns":8}],"relics_obtained":[{"floor":7,"key":"Bird Faced Urn"},{"floor":9,"key":"Prayer Wheel"},{"floor":22,"key":"Red Mask"},{"floor":23,"key":"Matryoshka"},{"floor":25,"key":"Blood Vial"},{"floor":26,"key":"Bronze Scales"},{"floor":26,"key":"Strawberry"}],"event_choices":[{"event_name":"Shining Light","player_choice":"Entered Light","floor":3,"damage_taken":0},{"event_name":"The Woman in Blue","player_choice":"Bought 0 Potions","floor":11,"damage_taken":0},{"event_name":"Duplicator","player_choice":"One dupe","floor":19,"damage_taken":0},{"event_name":"Masked Bandits","player_choice":"Fought over 447 gold","floor":22,"damage_taken":0},{"event_name":"Vampires","player_choice":"Became a vampire (Vial)","floor":31,"damage_taken":0}],"boss_relics":[{"not_picked":["Philosopher\u0027s Stone","Velvet Choker"],"picked":"Sozu"}],"items_purged_floors":[2,20],"potions_floor_spawned":[1,7,8,10,14,18,21,28],"seed_played":"-720224814461269309","killed_by":"Automaton","ascension_level":1,"potions_obtained":[{"floor":1,"key":"EssenceOfSteel"},{"floor":7,"key":"FearPotion"},{"floor":8,"key":"Ancient Potion"}],"is_trial":false}