{"path_per_floor":["M","?","?","T","M","R","M","M","T","$","M","R","$","M","R","B",null,"M","M","$","?","?","R","E","M","T","$","M","$","M"],"character_chosen":"DEFECT","items_purchased":["Doom and Gloom","Blind","Axe Kick","Mind Blast","Deep Breath","Chaos","Chaos"],"gold_per_floor":[115,115,115,189,208,208,223,241,241,177,190,190,68,84,84,185,185,173,183,41,41,41,41,72,87,110,54,73,13,33,33],"floor_reached":31,"campfire_rested":3,"playtime":1490,"current_hp_per_floor":[65,65,50,50,49,71,65,56,56,56,55,55,55,52,74,52,75,53,53,53,53,53,75,43,36,36,36,33,33,9,0],"items_purged":[],"gold":33,"score":247,"play_id":"49db0f69-3ad7-420f-8291-5a66c9c9b694","local_time":"20180428034811","is_prod":false,"is_daily":false,"chose_seed":false,"is_ascension_mode":false,"campfire_upgraded":1,"timestamp":1524896291,"path_taken":["M","?","?","?","M","R","M","M","T","$","M","R","$","M","R","BOSS","M","?","$","?","?","R","E","M","T","$","M","$","M","M"],"build_version":"2018-04-27","seed_source_timestamp":258611838577400,"purchased_purges":0,"victory":false,"master_deck":["Strike_B+1","Strike_B","Strike_B+1","Strike_B","Defend_B","Defend_B","Defend_B","Defend_B","Zap+1","Dualcast","Melter+1","Conserve Battery","Doom and Gloom","All For One","Blind","Axe Kick","Darkness","Creative AI","Go for the Eyes+1","Self Repair","Mind Blast","Deep Breath","Creative AI","Reprogram","Chaos","Streamline+1","Chaos"],"max_hp_per_floor":[75,75,75,75,75,75,75,75,75,75,75,75,75,75,75,75,75,75,75,75,75,75,75,75,75,75,75,75,75,75,75],"relics":["Cracked Core","Omamori","The Courier","Torii","Lizard Tail","Art of War","Dream Catcher"],"card_choices":[{"not_picked":["Impulse","Axe Kick"],"picked":"Melter","floor":1},{"not_picked":["Capacitor","Blizzard"],"picked":"Conserve Battery","floor":8},{"not_picked":["Leap","Skim"],"picked":"All For One","floor":11},{"not_picked":["Coolheaded","Impulse"],"picked":"Darkness","floor":14},{"not_picked":["Fission","Rainbow"],"picked":"Creative AI","floor":16},{"not_picked":["Rebound","Capacitor"],"picked":"Go for the Eyes","floor":18},{"not_picked":["Beam Cell","Tempest"],"picked":"Self Repair","floor":19},{"not_picked":["Coolheaded","Loop"],"picked":"Reprogram","floor":24},{"not_picked":["Defragment","Go for the Eyes"],"picked":"Streamline","floor":28}],"player_experience":376089,"potions_floor_usage":[11,11,14,18,24,25,28],"damage_taken":[{"damage":10,"enemies":"Small Slimes","floor":1,"turns":3},{"damage":1,"enemies":"Jaw Worm","floor":5,"turns":3},{"damage":6,"enemies":"Cultist","floor":7,"turns":3},{"damage":9,"enemies":"Blue Slaver","floor":8,"turns":3},{"damage":1,"enemies":"Exordium Wildlife","floor":11,"turns":3},{"damage":3,"enemies":"Gremlin Gang","floor":14,"turns":3},{"damage":22,"enemies":"The Guardian","floor":16,"turns":11},{"damage":22,"enemies":"2 Thieves","floor":18,"turns":4},{"damage":0,"enemies":"Spheric Guardian","floor":19,"turns":1},{"damage":93,"enemies":"Slavers","floor":24,"turns":6},{"damage":14,"enemies":"Snake Plant","floor":25,"turns":5},{"damage":10,"enemies":"Cultist and Chosen","floor":28,"turns":5},{"damage":31,"enemies":"Sentry and Sphere","floor":30,"turns":4},{"damage":16,"enemies":"3 Cultists","floor":31,"turns":3}],"event_choices":[{"event_name":"Living Wall","player_choice":"Grow","floor":2,"damage_taken":0},{"event_name":"Shining Light","player_choice":"Entered Light","floor":3,"damage_taken":0},{"event_name":"Vampires","player_choice":"Ignored","floor":21,"damage_taken":0},{"event_name":"Duplicator","player_choice":"One dupe","floor":22,"damage_taken":0}],"boss_relics":[{"not_picked":["Velvet Choker","Runic Dome"],"picked":"Lizard Tail"}],"potions_floor_spawned":[7,8,11,16,18,24,25],"seed_played":"1215881895000946529","killed_by":"3 Cultists","ascension_level":0,"is_trial":false}