{"gold_per_floor":[113,263,263,145,160,192,192,223,298,298,317,351,268,268,268,345,345,345,345,345,270,270,270,270],"floor_reached":24,"playtime":1102,"items_purged":["Regret"],"score":424,"play_id":"661dc780-143f-4857-b8df-34839f41dee9","local_time":"20190222214330","is_ascension_mode":true,"campfire_choices":[{"data":"Havoc","floor":7,"key":"SMITH"},{"floor":15,"key":"REST"},{"floor":23,"key":"REST"}],"neow_cost":"NONE","seed_source_timestamp":15557125693422508,"circlet_count":0,"master_deck":["AscendersBane","Strike_R","Strike_R","Strike_R","Strike_R","Strike_R","Defend_R","Defend_R","Defend_R","Defend_R","Bash","Purity","Havoc+1","Sever Soul","Feel No Pain","Feed","Second Wind","Spot Weakness","Infernal Blade","Berserk+1","Burning Pact+1","Feel No Pain+1","True Grit+1","Exhume+1"],"relics":["Burning Blood","PreservedInsect","Art of War","Bottled Lightning","Frozen Egg 2","Bag of Marbles","Toxic Egg 2","Ectoplasm"],"potions_floor_usage":[8,8,16,22],"damage_taken":[{"damage":3,"enemies":"2 Louse","floor":1,"turns":3},{"damage":9,"enemies":"Jaw Worm","floor":5,"turns":4},{"damage":20,"enemies":"3 Sentries","floor":6,"turns":14},{"damage":6,"enemies":"Gremlin Nob","floor":8,"turns":3},{"damage":2,"enemies":"Cultist","floor":11,"turns":4},{"damage":25,"enemies":"3 Sentries","floor":12,"turns":8},{"damage":60,"enemies":"Slime Boss","floor":16,"turns":14},{"damage":31,"enemies":"Shell Parasite","floor":18,"turns":4},{"damage":29,"enemies":"Chosen","floor":20,"turns":8},{"damage":16,"enemies":"Sentry and Sphere","floor":22,"turns":5},{"damage":38,"enemies":"Book of Stabbing","floor":24,"turns":3}],"seed_played":"6837596428001926315","potions_obtained":[{"floor":5,"key":"Energy Potion"},{"floor":6,"key":"Weak Potion"},{"floor":12,"key":"Block Potion"},{"floor":20,"key":"AttackPotion"}],"is_trial":false,"path_per_floor":["M","?","?","$","M","E","R","E","T","?","M","E","$","T","R","B",null,"M","?","M","$","M","R","E"],"character_chosen":"IRONCLAD","items_purchased":["Sever Soul","Feel No Pain","Infernal Blade"],"campfire_rested":2,"item_purchase_floors":[4,4,13],"current_hp_per_floor":[71,71,71,71,68,54,54,54,54,54,58,42,42,42,65,11,61,39,39,19,19,9,34,0],"gold":270,"neow_bonus":"RANDOM_COLORLESS","is_prod":false,"is_daily":false,"chose_seed":false,"campfire_upgraded":1,"win_rate":0,"timestamp":1550868210,"path_taken":["M","?","?","$","M","E","R","E","T","?","M","E","$","?","R","BOSS","M","?","M","$","?","R","E"],"build_version":"2019-01-23","purchased_purges":1,"victory":false,"max_hp_per_floor":[75,75,75,75,75,75,75,75,75,75,75,78,78,78,78,78,78,81,81,84,84,84,84,84],"card_choices":[{"not_picked":["Armaments","True Grit"],"picked":"Havoc","floor":1},{"not_picked":["Feel No Pain","Body Slam","Sever Soul"],"picked":"SKIP","floor":5},{"not_picked":["Shrug It Off","Wild Strike"],"picked":"Feed","floor":6},{"not_picked":["Headbutt","Disarm"],"picked":"Second Wind","floor":8},{"not_picked":["Second Wind","Cleave","Metallicize+1"],"picked":"SKIP","floor":11},{"not_picked":["Headbutt","Entrench"],"picked":"Spot Weakness","floor":12},{"not_picked":["Limit Break+1","Juggernaut+1"],"picked":"Berserk+1","floor":16},{"not_picked":["Infernal Blade+1","Armaments+1"],"picked":"Burning Pact+1","floor":18},{"not_picked":["Twin Strike+1","Clothesline"],"picked":"True Grit+1","floor":20},{"not_picked":["Combust+1","Flex+1"],"picked":"Exhume+1","floor":22}],"player_experience":431573,"relics_obtained":[{"floor":6,"key":"PreservedInsect"},{"floor":8,"key":"Art of War"},{"floor":9,"key":"Bottled Lightning"},{"floor":12,"key":"Bag of Marbles"},{"floor":14,"key":"Toxic Egg 2"}],"event_choices":[{"damage_healed":0,"gold_gain":150,"player_choice":"AGREE","damage_taken":0,"max_hp_gain":0,"max_hp_loss":0,"event_name":"Liars Game","floor":2,"gold_loss":0,"cards_obtained":["Doubt"]},{"cards_removed":["Doubt"],"damage_healed":0,"gold_gain":0,"player_choice":"Forget","damage_taken":0,"max_hp_gain":0,"max_hp_loss":0,"event_name":"Living Wall","floor":3,"gold_loss":0},{"damage_healed":0,"gold_gain":0,"player_choice":"Box","damage_taken":0,"relics_obtained":["Frozen Egg 2"],"max_hp_gain":0,"max_hp_loss":0,"event_name":"Big Fish","floor":10,"gold_loss":0,"cards_obtained":["Regret"]},{"damage_healed":0,"gold_gain":0,"player_choice":"Copied","damage_taken":0,"max_hp_gain":0,"max_hp_loss":0,"event_name":"Duplicator","floor":19,"gold_loss":0,"cards_obtained":["Feel No Pain"]}],"is_beta":false,"boss_relics":[{"not_picked":["Coffee Dripper","Philosopher\u0027s Stone"],"picked":"Ectoplasm"}],"items_purged_floors":[21],"is_endless":false,"potions_floor_spawned":[5,6,12,20],"killed_by":"Book of Stabbing","ascension_level":20}