{"gold_per_floor":[114,129,204,379,394,409,409,16,16,31,31,31,8,8,8,108,108,123,138,63,78,93,93,108,108,158,173,2,202,202,232,232,332,332,347,362,4,0,100,100,115,115,140,140,155,170,170,205,205,205],"floor_reached":50,"playtime":3353,"items_purged":["Doubt","Biased Cognition","Brutality"],"score":504,"play_id":"1582fb79-ae3f-4f20-a5b9-0695fe4196d0","local_time":"20181211024321","daily_mods":["Shiny","Blue Cards","Lethality"],"is_ascension_mode":false,"campfire_choices":[{"floor":12,"key":"REST"},{"data":"Self Repair","floor":15,"key":"SMITH"},{"data":"Heavy Blade","floor":23,"key":"SMITH"},{"floor":30,"key":"REST"},{"floor":32,"key":"REST"},{"floor":42,"key":"REST"},{"floor":44,"key":"REST"},{"data":"Reaper","floor":47,"key":"SMITH"},{"data":"Exhume","floor":49,"key":"SMITH"}],"neow_cost":"","seed_source_timestamp":0,"circlet_count":0,"master_deck":["Multi-Cast","Hyperbeam","Thunder Strike","Machine Learning","Electrodynamics","Buffer","Rainbow","Seek","Meteor Strike","Echo Form","All For One","Reboot","Amplify","Creative AI","Fission","Core Surge","Double Tap","Demon Form","Bludgeon","Feed","Limit Break","Barricade","Fiend Fire","Berserk","Impervious","Juggernaut","Reaper+1","Exhume+1","Offering","Immolate","Sweeping Beam","Self Repair+1","Carnage","Havoc","Stack","Turbo","Fiend Fire","Heavy Blade+1","Whirlwind","Double Tap","Hello World+1","HandOfGreed","Stack","Aggregate","Reinforced Body","Inflame","Corruption+1"],"special_seed":17876,"relics":["Black Blood","Charon\u0027s Ashes","Self Forming Clay","Sozu","Lantern","Vajra","Red Mask","Gambling Chip","Smiling Mask"],"potions_floor_usage":[16,16],"damage_taken":[{"damage":18,"enemies":"Small Slimes","floor":1,"turns":4},{"damage":14,"enemies":"Jaw Worm","floor":2,"turns":2},{"damage":6,"enemies":"2 Louse","floor":5,"turns":2},{"damage":33,"enemies":"Red Slaver","floor":6,"turns":4},{"damage":6,"enemies":"3 Louse","floor":10,"turns":2},{"damage":57,"enemies":"The Guardian","floor":16,"turns":12},{"damage":6,"enemies":"Chosen","floor":18,"turns":3},{"damage":14,"enemies":"Spheric Guardian","floor":19,"turns":3},{"damage":20,"enemies":"Snake Plant","floor":21,"turns":4},{"damage":18,"enemies":"3 Cultists","floor":22,"turns":3},{"damage":11,"enemies":"Cultist and Chosen","floor":24,"turns":2},{"damage":36,"enemies":"Chosen and Byrds","floor":27,"turns":2},{"damage":45,"enemies":"Book of Stabbing","floor":31,"turns":4},{"damage":21,"enemies":"Collector","floor":33,"turns":6},{"damage":16,"enemies":"3 Darklings","floor":35,"turns":2},{"damage":3,"enemies":"3 Shapes","floor":36,"turns":3},{"damage":67,"enemies":"Mind Bloom Boss Battle","floor":39,"turns":5},{"damage":6,"enemies":"3 Darklings","floor":41,"turns":2},{"damage":27,"enemies":"Transient","floor":45,"turns":5},{"damage":0,"enemies":"Jaw Worm Horde","floor":46,"turns":2},{"damage":9,"enemies":"4 Shapes","floor":48,"turns":3},{"damage":92,"enemies":"Donu and Deca","floor":50,"turns":6}],"seed_played":"7445985323297054017","potions_obtained":[{"floor":6,"key":"Strength Potion"},{"floor":10,"key":"Weak Potion"}],"is_trial":false,"path_per_floor":["M","M","?","?","M","M","?","$","T","M","$","R","$","?","R","B",null,"M","M","$","M","M","R","M","?","T","M","$","?","R","E","R","B",null,"M","M","$","?","?","?","M","R","T","R","M","M","R","M","R","B"],"character_chosen":"IRONCLAD","items_purchased":["Charon\u0027s Ashes","Carnage","Havoc","Turbo","Whirlwind","HandOfGreed","Stack"],"campfire_rested":5,"item_purchase_floors":[8,8,8,13,28,37,37],"current_hp_per_floor":[71,66,55,55,55,28,28,28,28,28,28,53,53,81,81,40,86,86,78,78,74,76,76,71,71,71,41,41,41,66,40,65,50,86,83,92,92,92,45,45,49,76,76,92,75,92,92,92,92,0],"gold":205,"neow_bonus":"","is_prod":false,"is_daily":true,"chose_seed":false,"campfire_upgraded":4,"win_rate":0,"timestamp":1544508801,"path_taken":["M","M","?","?","M","M","?","$","T","M","$","R","?","?","R","BOSS","M","M","$","M","M","R","M","?","T","M","$","?","R","E","R","BOSS","M","M","$","?","?","?","M","R","T","R","M","M","R","M","R","BOSS"],"build_version":"2018-12-06","purchased_purges":3,"victory":false,"max_hp_per_floor":[83,86,86,86,86,86,86,86,86,86,86,86,86,86,86,86,86,86,86,86,86,86,86,86,86,86,86,86,86,86,86,86,86,86,89,92,92,92,92,92,92,92,92,92,92,92,92,92,92,92],"card_choices":[{"not_picked":["Warcry","Feel No Pain"],"picked":"Sweeping Beam","floor":1},{"not_picked":["Iron Wave","Rebound","Conserve Battery"],"picked":"SKIP","floor":2},{"not_picked":["Cleave","Reprogram"],"picked":"Self Repair","floor":5},{"not_picked":["Barrage","Chill","Berserk"],"picked":"SKIP","floor":6},{"not_picked":["Coolheaded","Beam Cell"],"picked":"Stack","floor":10},{"not_picked":["Double Tap","Rainbow"],"picked":"Fiend Fire","floor":16},{"not_picked":["Flex+1","Aggregate","Cleave"],"picked":"SKIP","floor":18},{"not_picked":["Twin Strike+1","Headbutt+1"],"picked":"Heavy Blade","floor":19},{"not_picked":["Havoc","Dropkick","Rebound"],"picked":"SKIP","floor":21},{"not_picked":["Twin Strike+1","Clash","True Grit"],"picked":"SKIP","floor":22},{"not_picked":["Thunderclap+1","Amplify","Rampage+1"],"picked":"SKIP","floor":24},{"not_picked":["Disarm","Shrug It Off","Body Slam"],"picked":"SKIP","floor":27},{"not_picked":["Steam+1","Whirlwind","Wild Strike+1"],"picked":"SKIP","floor":31},{"not_picked":["Creative AI","All For One"],"picked":"Double Tap","floor":33},{"not_picked":["Blizzard","Barrage+1"],"picked":"Hello World+1","floor":35},{"not_picked":["Clothesline+1","Thunderclap","Rebound+1"],"picked":"SKIP","floor":36},{"not_picked":["Power Through+1","Ball Lightning+1"],"picked":"Aggregate","floor":39},{"not_picked":["Coolheaded","Flex+1"],"picked":"Inflame","floor":41},{"not_picked":["Streamline+1","Consume","Anger"],"picked":"SKIP","floor":45},{"not_picked":["Evolve","Stack","Clothesline"],"picked":"SKIP","floor":46},{"not_picked":["Go for the Eyes+1","Entrench+1"],"picked":"Corruption+1","floor":48}],"player_experience":498635,"relics_obtained":[{"floor":9,"key":"Self Forming Clay"},{"floor":26,"key":"Lantern"},{"floor":31,"key":"Vajra"},{"floor":39,"key":"Gambling Chip"},{"floor":43,"key":"Smiling Mask"}],"event_choices":[{"damage_healed":0,"gold_gain":75,"player_choice":"Gather Gold","damage_taken":11,"max_hp_gain":0,"max_hp_loss":0,"event_name":"World of Goop","floor":3,"gold_loss":0},{"damage_healed":0,"gold_gain":175,"player_choice":"AGREE","damage_taken":0,"max_hp_gain":0,"max_hp_loss":0,"event_name":"Liars Game","floor":4,"gold_loss":0,"cards_obtained":["Doubt"]},{"damage_healed":0,"gold_gain":0,"player_choice":"Fled","damage_taken":0,"max_hp_gain":0,"max_hp_loss":0,"event_name":"Scrap Ooze","floor":7,"gold_loss":0},{"damage_healed":28,"gold_gain":0,"player_choice":"Banana","damage_taken":0,"max_hp_gain":0,"max_hp_loss":0,"event_name":"Big Fish","floor":14,"gold_loss":0},{"damage_healed":0,"gold_gain":0,"player_choice":"Ignored","damage_taken":0,"max_hp_gain":0,"max_hp_loss":0,"event_name":"Ghosts","floor":25,"gold_loss":0},{"damage_healed":0,"gold_gain":200,"player_choice":"Gold","damage_taken":0,"max_hp_gain":0,"max_hp_loss":0,"event_name":"Wheel of Change","floor":29,"gold_loss":0},{"damage_healed":0,"gold_gain":0,"player_choice":"Paid","damage_taken":0,"relics_obtained":["Red Mask"],"max_hp_gain":0,"max_hp_loss":0,"event_name":"Tomb of Lord Red Mask","floor":38,"gold_loss":4},{"damage_healed":0,"gold_gain":0,"player_choice":"Fight","damage_taken":0,"max_hp_gain":0,"max_hp_loss":0,"event_name":"MindBloom","floor":39,"gold_loss":0},{"damage_healed":0,"gold_gain":0,"cards_transformed":["Dark Embrace"],"player_choice":"Transformed","damage_taken":0,"max_hp_gain":0,"max_hp_loss":0,"event_name":"Transmorgrifier","floor":40,"gold_loss":0,"cards_obtained":["Reinforced Body"]}],"is_beta":true,"boss_relics":[{"not_picked":["Philosopher\u0027s Stone","Coffee Dripper"],"picked":"Sozu"},{"not_picked":["Busted Crown","Runic Dome"],"picked":"Black Blood"}],"items_purged_floors":[20,28,37],"is_endless":false,"potions_floor_spawned":[6,10,18,24,31,35,41,45,48],"killed_by":"Donu and Deca","ascension_level":0}