{"gold_per_floor":[117,128,128,53,70,104,104,130,157,157,176,194,204,43,43,43],"floor_reached":16,"playtime":429,"items_purged":["Strike_B"],"score":213,"play_id":"d8602551-6ad5-4c53-b156-1351dcf32177","local_time":"20190214144627","is_ascension_mode":true,"campfire_choices":[{"floor":7,"key":"REST"},{"floor":10,"key":"REST"},{"floor":15,"key":"REST"}],"neow_cost":"NONE","seed_source_timestamp":76596005843090,"circlet_count":0,"master_deck":["AscendersBane","Strike_B","Strike_B","Strike_B","Defend_B","Defend_B","Defend_B","Defend_B","Zap","Dualcast","Gash","Go for the Eyes","Melter","Seek","Fusion","Coolheaded","Conserve Battery","Leap"],"relics":["Cracked Core","NeowsBlessing","Question Card","Peace Pipe","Ornamental Fan","PreservedInsect"],"potions_floor_usage":[8,16,16],"damage_taken":[{"damage":0,"enemies":"Cultist","floor":1,"turns":1},{"damage":0,"enemies":"Jaw Worm","floor":2,"turns":1},{"damage":0,"enemies":"Small Slimes","floor":5,"turns":1},{"damage":34,"enemies":"Gremlin Nob","floor":6,"turns":4},{"damage":24,"enemies":"Lagavulin","floor":8,"turns":7},{"damage":6,"enemies":"Blue Slaver","floor":11,"turns":4},{"damage":11,"enemies":"2 Fungi Beasts","floor":12,"turns":3},{"damage":22,"enemies":"Exordium Thugs","floor":13,"turns":6},{"damage":30,"enemies":"Slime Boss","floor":16,"turns":6}],"seed_played":"1573865781150671593","potions_obtained":[{"floor":1,"key":"SpeedPotion"},{"floor":11,"key":"Strength Potion"},{"floor":12,"key":"EssenceOfSteel"},{"floor":13,"key":"FocusPotion"}],"is_trial":false,"path_per_floor":["M","M","T","$","M","E","R","E","T","R","M","M","M","$","R","B"],"character_chosen":"DEFECT","items_purchased":["PreservedInsect"],"campfire_rested":3,"item_purchase_floors":[14],"current_hp_per_floor":[64,64,64,64,64,30,51,27,27,48,42,31,9,9,30,0],"gold":43,"neow_bonus":"THREE_ENEMY_KILL","is_prod":false,"is_daily":false,"chose_seed":false,"campfire_upgraded":0,"win_rate":0,"timestamp":1550148387,"path_taken":["M","M","?","$","?","E","R","E","T","R","M","M","?","?","R","BOSS"],"build_version":"2019-01-23","purchased_purges":1,"victory":false,"max_hp_per_floor":[71,71,71,71,71,71,71,71,71,71,71,71,71,71,71,71],"card_choices":[{"not_picked":["Rip and Tear","Compile Driver"],"picked":"Gash","floor":1},{"not_picked":["Cold Snap","Sweeping Beam"],"picked":"Go for the Eyes","floor":2},{"not_picked":["Compile Driver","Rebound","Turbo"],"picked":"Melter","floor":5},{"not_picked":["Cold Snap","Heatsinks","Streamline"],"picked":"Seek","floor":6},{"not_picked":["Conserve Battery","Force Field","Coolheaded"],"picked":"Fusion","floor":8},{"not_picked":["Rebound","Redo","Scrape"],"picked":"Coolheaded","floor":11},{"not_picked":["Hologram","Hyperbeam","Sweeping Beam"],"picked":"Conserve Battery","floor":12},{"not_picked":["Static Discharge","Scrape","Rebound"],"picked":"Leap","floor":13}],"player_experience":737237,"relics_obtained":[{"floor":3,"key":"Question Card"},{"floor":6,"key":"Peace Pipe"},{"floor":8,"key":"Ornamental Fan"}],"event_choices":[],"is_beta":false,"boss_relics":[],"items_purged_floors":[4],"is_endless":false,"potions_floor_spawned":[1,11,12,13],"killed_by":"Slime Boss","ascension_level":18}