{"path_per_floor":["M","M","?","M","$","E","M","M","T","M","$","M","?","M","R","B",null,"M","$","M","$","M","R","E","?","T","$"],"character_chosen":"DEFECT","items_purchased":["Doom and Gloom","Sunder","Capacitor","Hello World","Regal Pillow","Self Repair+1"],"gold_per_floor":[114,129,129,144,1,31,46,61,86,101,49,64,68,83,83,183,183,198,13,28,28,43,43,73,73,73,35,35],"floor_reached":28,"campfire_rested":2,"playtime":1424,"item_purchase_floors":[5,5,11,19,19,27],"current_hp_per_floor":[70,70,70,69,69,43,42,40,40,40,40,40,23,23,43,4,64,56,56,34,34,13,45,17,17,17,17,0],"items_purged":[],"gold":35,"score":242,"play_id":"143b6c50-499e-4f20-a7d3-38be648300a2","local_time":"20180520062811","daily_mods":["Specialized","Binary","Terminal"],"is_prod":false,"is_daily":true,"chose_seed":false,"is_ascension_mode":false,"campfire_upgraded":0,"timestamp":1526806691,"campfire_choices":[{"floor":15,"key":"REST"},{"floor":23,"key":"REST"}],"path_taken":["M","M","?","M","$","E","M","?","T","M","$","M","?","?","R","BOSS","M","$","?","$","M","R","E","?","T","?","?"],"build_version":"2018-05-18","seed_source_timestamp":0,"purchased_purges":0,"victory":false,"master_deck":["Strike_B","Strike_B","Strike_B","Strike_B","Defend_B","Defend_B","Defend_B","Defend_B","Zap","Dualcast","Nova","Nova","Sweeping Beam","Go for the Eyes+1","Doom and Gloom","Sunder","Melter","Static Discharge","Leap","Force Field","Capacitor","Machine Learning","Multi-Cast","Barrage+1","FTL+1","Melter+1","BootSequence+1","Hello World","White Noise","Aggregate","Machine Learning","Self Repair+1"],"max_hp_per_floor":[73,72,71,70,69,75,74,73,72,71,70,69,68,67,66,65,64,63,62,61,60,59,58,57,56,55,54,54],"relics":["Cracked Core","Strawberry","Anchor","Odd Mushroom","Astrolabe","Regal Pillow","Gremlin Horn","Frozen Egg 2"],"card_choices":[{"not_picked":["Barrage"],"picked":"Sweeping Beam","floor":1},{"not_picked":["Ball Lightning"],"picked":"Go for the Eyes","floor":2},{"not_picked":["Coolheaded","Skim"],"picked":"SKIP","floor":4},{"not_picked":["Beam Cell"],"picked":"Melter","floor":6},{"not_picked":["Leap"],"picked":"Static Discharge","floor":7},{"not_picked":["Steam"],"picked":"Leap","floor":8},{"not_picked":["Barrage"],"picked":"Force Field","floor":10},{"not_picked":["Leap","Go for the Eyes"],"picked":"SKIP","floor":12},{"not_picked":["Rebound"],"picked":"Machine Learning","floor":14},{"not_picked":["Nova"],"picked":"Multi-Cast","floor":16},{"not_picked":["Barrage+1"],"picked":"BootSequence+1","floor":18},{"not_picked":["Force Field"],"picked":"White Noise","floor":20},{"not_picked":["Static Discharge"],"picked":"Aggregate","floor":22},{"not_picked":["Sweeping Beam+1"],"picked":"Machine Learning","floor":24}],"player_experience":440889,"potions_floor_usage":[4,6,13,14,16,20,22],"damage_taken":[{"damage":4,"enemies":"Jaw Worm","floor":1,"turns":4},{"damage":0,"enemies":"Cultist","floor":2,"turns":4},{"damage":1,"enemies":"2 Louse","floor":4,"turns":2},{"damage":33,"enemies":"Lagavulin","floor":6,"turns":7},{"damage":1,"enemies":"Gremlin Gang","floor":7,"turns":4},{"damage":2,"enemies":"Looter","floor":8,"turns":2},{"damage":0,"enemies":"2 Fungi Beasts","floor":10,"turns":2},{"damage":0,"enemies":"Exordium Wildlife","floor":12,"turns":2},{"damage":17,"enemies":"The Mushroom Lair","floor":13,"turns":3},{"damage":0,"enemies":"Looter","floor":14,"turns":2},{"damage":39,"enemies":"Hexaghost","floor":16,"turns":10},{"damage":8,"enemies":"Chosen","floor":18,"turns":5},{"damage":22,"enemies":"2 Thieves","floor":20,"turns":4},{"damage":21,"enemies":"Centurion and Healer","floor":22,"turns":7},{"damage":28,"enemies":"Book of Stabbing","floor":24,"turns":6},{"damage":18,"enemies":"Snake Plant","floor":28,"turns":4}],"relics_obtained":[{"floor":6,"key":"Strawberry"},{"floor":9,"key":"Anchor"},{"floor":13,"key":"Odd Mushroom"},{"floor":24,"key":"Gremlin Horn"},{"floor":26,"key":"Frozen Egg 2"}],"event_choices":[{"event_name":"Upgrade Shrine","player_choice":"Upgraded","floor":3,"damage_taken":0},{"event_name":"Mushrooms","player_choice":"Fought Mushrooms","floor":13,"damage_taken":0},{"event_name":"Addict","player_choice":"Ignored","floor":25,"damage_taken":0}],"boss_relics":[{"not_picked":["Black Star","Snecko Eye"],"picked":"Astrolabe"}],"items_purged_floors":[],"potions_floor_spawned":[1,4,7,8,14,18,20],"seed_played":"5982385652797705941","killed_by":"Snake Plant","ascension_level":0,"potions_obtained":[{"floor":1,"key":"Swift Potion"},{"floor":4,"key":"Explosive Potion"},{"floor":7,"key":"FearPotion"},{"floor":8,"key":"Strength Potion"},{"floor":14,"key":"Swift Potion"},{"floor":18,"key":"LiquidBronze"},{"floor":20,"key":"SpeedPotion"}],"is_trial":false}