{"gold_per_floor":[216,41,54,74,87,116,116,151,197,197,197,227,73,102,102,202,202,221,221,146,146,162,162,178,178,178,195,212,228,256,271,271,366,366,386,461,471,123,223,223,223,251,278,309,67,81,81,101,101,101],"floor_reached":51,"playtime":3520,"items_purged":["Strike_B","Strike_B"],"score":1137,"play_id":"11b3cfce-a1e0-4b3a-9585-b23adc10ac06","local_time":"20190224124235","is_ascension_mode":true,"campfire_choices":[{"floor":7.0,"key":"REST"},{"floor":15.0,"key":"REST"},{"data":"Defragment","floor":23.0,"key":"SMITH"},{"floor":25.0,"key":"REST"},{"data":"Defragment","floor":32,"key":"SMITH"},{"floor":40,"key":"REST"},{"floor":47,"key":"REST"},{"floor":49,"key":"RECALL"}],"neow_cost":"NONE","seed_source_timestamp":0,"circlet_count":0,"master_deck":["AscendersBane","Defend_B","Defend_B","Defend_B+1","Zap+1","Dualcast+1","Cold Snap","Ball Lightning","Cold Snap","Cold Snap","Go for the Eyes","Seek","Defragment+1","Blizzard","Defragment+1","Seek+1","Hologram+1","Machine Learning","Loop","Rainbow","Reinforced Body","Defragment+1","Heatsinks+1","Coolheaded","Reinforced Body+1","Compile Driver+1"],"special_seed":0,"relics":["Cracked Core","Art of War","Mercury Hourglass","Regal Pillow","Happy Flower","Odd Mushroom","Nuclear Battery","Bird Faced Urn","War Paint","Fusion Hammer","Meat on the Bone","Turnip","Centennial Puzzle","DataDisk","Symbiotic Virus","ClockworkSouvenir"],"potions_floor_usage":[30,50,50],"damage_taken":[{"damage":6.0,"enemies":"2 Louse","floor":1.0,"turns":3.0},{"damage":2.0,"enemies":"Jaw Worm","floor":3.0,"turns":3.0},{"damage":0.0,"enemies":"Small Slimes","floor":4.0,"turns":3.0},{"damage":7.0,"enemies":"Blue Slaver","floor":5.0,"turns":3.0},{"damage":19.0,"enemies":"Lagavulin","floor":6.0,"turns":6.0},{"damage":8.0,"enemies":"Gremlin Nob","floor":8.0,"turns":3.0},{"damage":14.0,"enemies":"The Mushroom Lair","floor":14.0,"turns":3.0},{"damage":35.0,"enemies":"Slime Boss","floor":16.0,"turns":11.0},{"damage":5.0,"enemies":"Chosen","floor":18.0,"turns":4.0},{"damage":13.0,"enemies":"2 Thieves","floor":22.0,"turns":4.0},{"damage":5.0,"enemies":"3 Cultists","floor":24.0,"turns":5.0},{"damage":0.0,"enemies":"Centurion and Healer","floor":27.0,"turns":7.0},{"damage":2,"enemies":"Snake Plant","floor":28,"turns":5},{"damage":1,"enemies":"Cultist and Chosen","floor":29,"turns":5},{"damage":18,"enemies":"Book of Stabbing","floor":30,"turns":6},{"damage":0,"enemies":"Sentry and Sphere","floor":31,"turns":4},{"damage":19,"enemies":"Automaton","floor":33,"turns":12},{"damage":45,"enemies":"3 Darklings","floor":35,"turns":5},{"damage":10,"enemies":"3 Shapes","floor":37,"turns":3},{"damage":0,"enemies":"Mind Bloom Boss Battle","floor":39,"turns":6},{"damage":52,"enemies":"Nemesis","floor":42,"turns":7},{"damage":3,"enemies":"Reptomancer","floor":44,"turns":7},{"damage":0,"enemies":"Writhing Mass","floor":46,"turns":4},{"damage":0,"enemies":"Transient","floor":48,"turns":5},{"damage":14,"enemies":"Awakened One","floor":50,"turns":13}],"seed_played":"-4567235917146785762","potions_obtained":[{"floor":3.0,"key":"LiquidBronze"},{"floor":5.0,"key":"EssenceOfSteel"},{"floor":6.0,"key":"Strength Potion"},{"floor":18.0,"key":"FocusPotion"},{"floor":28,"key":"Weak Potion"},{"floor":30,"key":"Energy Potion"},{"floor":39,"key":"Dexterity Potion"}],"is_trial":false,"path_per_floor":["M","$","M","M","M","E","R","E","T","?","?","?","$","?","R","B",null,"M","?","?","?","M","R","M","R","T","M","M","M","E","M","R","B",null,"M","?","M","$","?","R","?","E","T","E","$","M","R","M","R","B",null],"character_chosen":"DEFECT","items_purchased":["Ball Lightning","PowerPotion","Happy Flower","Meat on the Bone","ClockworkSouvenir","Coolheaded"],"campfire_rested":5,"item_purchase_floors":[2,2,13,38,45,45],"current_hp_per_floor":[62,62,60,60,53,34,56,48,48,33,38,38,38,24,63,28,67,62,62,62,62,49,49,44,80,80,80,78,79,63,69,69,58,75,38,30,28,28,50,80,80,48,48,57,57,69,80,80,80,70],"gold":101,"neow_bonus":"HUNDRED_GOLD","is_prod":false,"is_daily":false,"chose_seed":false,"campfire_upgraded":2,"win_rate":0,"timestamp":1551033755,"path_taken":["M","$","M","M","M","E","R","E","T","?","?","?","?","?","R","BOSS","M","?","?","?","M","R","?","R","T","M","M","?","E","M","R","BOSS","M","?","?","$","?","R","?","E","T","E","$","?","R","M","R","BOSS"],"build_version":"2019-01-23","purchased_purges":2,"victory":true,"max_hp_per_floor":[75,75,75,75,75,75,75,75,75,75,80,80,80,80,80,80,80,80,80,80,80,80,80,80,80,80,80,80,80,80,80,80,80,80,80,80,80,80,80,80,80,80,80,80,80,80,80,80,80,80],"card_choices":[{"not_picked":["Beam Cell","Go for the Eyes"],"picked":"Cold Snap","floor":1.0},{"not_picked":["Steam","Stack"],"picked":"Cold Snap","floor":3.0},{"not_picked":["Redo","Stack","Loop"],"picked":"SKIP","floor":4.0},{"not_picked":["Redo","Turbo"],"picked":"Cold Snap","floor":5.0},{"not_picked":["Skim","Beam Cell","Auto Shields"],"picked":"SKIP","floor":6.0},{"not_picked":["Aggregate","Blizzard"],"picked":"Go for the Eyes","floor":8.0},{"not_picked":["Amplify","Meteor Strike"],"picked":"Seek","floor":16.0},{"not_picked":["Steam","Turbo+1","Heatsinks"],"picked":"SKIP","floor":18.0},{"not_picked":["Conserve Battery","Undo"],"picked":"Defragment","floor":22.0},{"not_picked":["Turbo","Compile Driver"],"picked":"Blizzard","floor":24.0},{"not_picked":["Cold Snap","Coolheaded+1"],"picked":"Defragment","floor":27},{"not_picked":["Fusion","Darkness+1"],"picked":"Seek","floor":28},{"not_picked":["Compile Driver","Undo"],"picked":"Hologram+1","floor":29},{"not_picked":["Heatsinks","Conserve Battery"],"picked":"Machine Learning","floor":30},{"not_picked":["Hologram","Sweeping Beam"],"picked":"Loop","floor":31},{"not_picked":["Reboot","Multi-Cast"],"picked":"Rainbow","floor":33},{"not_picked":["Turbo+1","Rebound"],"picked":"Reinforced Body","floor":35},{"not_picked":["Conserve Battery","Leap"],"picked":"Defragment+1","floor":37},{"not_picked":["Blizzard","Stack"],"picked":"Heatsinks+1","floor":39},{"not_picked":["Steam Power+1","Hello World","Reprogram+1"],"picked":"SKIP","floor":42},{"not_picked":["Go for the Eyes","Double Energy+1","Redo"],"picked":"SKIP","floor":44},{"not_picked":["Static Discharge","Lockon"],"picked":"Reinforced Body+1","floor":46},{"not_picked":["Rebound","Leap+1"],"picked":"Compile Driver+1","floor":48}],"player_experience":278199,"relics_obtained":[{"floor":6.0,"key":"Art of War"},{"floor":8.0,"key":"Mercury Hourglass"},{"floor":9.0,"key":"Regal Pillow"},{"floor":14.0,"key":"Odd Mushroom"},{"floor":26.0,"key":"Bird Faced Urn"},{"floor":30,"key":"War Paint"},{"floor":39,"key":"Turnip"},{"floor":42,"key":"Centennial Puzzle"},{"floor":43,"key":"DataDisk"},{"floor":44,"key":"Symbiotic Virus"}],"event_choices":[{"damage_healed":0.0,"max_hp_gain":0.0,"max_hp_loss":0.0,"gold_gain":0.0,"event_name":"Shining Light","player_choice":"Entered Light","floor":10.0,"gold_loss":0.0,"damage_taken":15.0,"cards_upgraded":["Zap","Defend_B"]},{"damage_healed":0.0,"max_hp_gain":5.0,"max_hp_loss":0.0,"gold_gain":0.0,"event_name":"Big Fish","player_choice":"Donut","floor":11.0,"gold_loss":0.0,"damage_taken":0.0},{"damage_healed":0.0,"max_hp_gain":0.0,"max_hp_loss":0.0,"gold_gain":30.0,"event_name":"Dead Adventurer","player_choice":"Searched \u00271\u0027 times","floor":12.0,"gold_loss":0.0,"damage_taken":0.0},{"damage_healed":0.0,"max_hp_gain":0.0,"max_hp_loss":0.0,"gold_gain":0.0,"event_name":"Mushrooms","player_choice":"Fought Mushrooms","floor":14.0,"gold_loss":0.0,"damage_taken":0.0},{"damage_healed":0.0,"max_hp_gain":0.0,"max_hp_loss":0.0,"gold_gain":0.0,"event_name":"Vampires","player_choice":"Ignored","floor":19.0,"gold_loss":0.0,"damage_taken":0.0},{"cards_removed":["Strike_B"],"damage_healed":0.0,"max_hp_gain":0.0,"max_hp_loss":0.0,"gold_gain":0.0,"event_name":"Beggar","player_choice":"Gave Gold","floor":20.0,"gold_loss":75.0,"damage_taken":0.0},{"cards_removed":["Strike_B"],"damage_healed":0.0,"max_hp_gain":0.0,"max_hp_loss":0.0,"gold_gain":0.0,"event_name":"Purifier","player_choice":"Purged","floor":21.0,"gold_loss":0.0,"damage_taken":0.0},{"damage_healed":0,"gold_gain":75,"player_choice":"Touch","damage_taken":8,"max_hp_gain":0,"max_hp_loss":0,"event_name":"FaceTrader","floor":36,"gold_loss":0},{"damage_healed":0,"gold_gain":0,"player_choice":"Fight","damage_taken":0,"max_hp_gain":0,"max_hp_loss":0,"event_name":"MindBloom","floor":39,"gold_loss":0},{"cards_removed":["Defend_B"],"damage_healed":0,"gold_gain":0,"player_choice":"Purged","damage_taken":0,"max_hp_gain":0,"max_hp_loss":0,"event_name":"Purifier","floor":41,"gold_loss":0}],"is_beta":false,"boss_relics":[{"not_picked":["Empty Cage","Busted Crown"],"picked":"Nuclear Battery"},{"not_picked":["Eternal Feather","Pandora\u0027s Box"],"picked":"Fusion Hammer"}],"items_purged_floors":[2,38],"is_endless":false,"potions_floor_spawned":[3,5,6,18,28,29,30,35,39,46,48],"ascension_level":11}