{"gold_per_floor":[12,30,49,65,84,112,112,130,130,157,157,157,54,74,74,74],"floor_reached":16,"playtime":1711,"items_purged":[],"score":154,"play_id":"8a0c08ed-ec97-4594-85f3-2efffe407ec2","local_time":"20190223204346","is_ascension_mode":true,"campfire_choices":[{"floor":7,"key":"REST"},{"floor":15,"key":"REST"}],"neow_cost":"NO_GOLD","seed_source_timestamp":40958157035400,"circlet_count":0,"master_deck":["Strike_R","Strike_R","Strike_R","Strike_R","Strike_R","Defend_R","Defend_R","Defend_R","Defend_R","Bash","Body Slam+1","Iron Wave","Headbutt","Cleave","True Grit"],"relics":["Burning Blood","Ice Cream","Smiling Mask","Torii","Magic Flower","Self Forming Clay"],"potions_floor_usage":[6,6,10,16,16],"damage_taken":[{"damage":20,"enemies":"Jaw Worm","floor":1,"turns":6},{"damage":13,"enemies":"Small Slimes","floor":2,"turns":6},{"damage":3,"enemies":"2 Louse","floor":3,"turns":3},{"damage":11,"enemies":"2 Fungi Beasts","floor":4,"turns":5},{"damage":18,"enemies":"3 Louse","floor":5,"turns":6},{"damage":28,"enemies":"Lagavulin","floor":6,"turns":10},{"damage":11,"enemies":"Looter","floor":8,"turns":4},{"damage":12,"enemies":"3 Sentries","floor":10,"turns":6},{"damage":10,"enemies":"Red Slaver","floor":14,"turns":4},{"damage":47,"enemies":"Slime Boss","floor":16,"turns":10}],"seed_played":"673224976701850387","potions_obtained":[{"floor":2,"key":"BloodPotion"},{"floor":4,"key":"Weak Potion"},{"floor":8,"key":"Fire Potion"},{"floor":10,"key":"Explosive Potion"}],"is_trial":false,"path_per_floor":["M","M","M","M","M","E","R","M","T","E","?","?","$","M","R","B"],"character_chosen":"IRONCLAD","items_purchased":["True Grit","Block Potion"],"campfire_rested":2,"item_purchase_floors":[13,13],"current_hp_per_floor":[58,51,54,49,37,23,47,42,42,36,18,18,18,17,41,0],"gold":74,"neow_bonus":"ONE_RARE_RELIC","is_prod":false,"is_daily":false,"chose_seed":false,"campfire_upgraded":0,"win_rate":0,"timestamp":1550972626,"path_taken":["M","M","M","M","M","E","R","M","T","E","?","?","$","M","R","BOSS"],"build_version":"2019-01-23","purchased_purges":0,"victory":false,"max_hp_per_floor":[80,80,80,80,80,80,80,80,80,80,80,80,80,80,80,80],"card_choices":[{"not_picked":["Anger","Heavy Blade"],"picked":"Body Slam","floor":1},{"not_picked":["Thunderclap","Wild Strike"],"picked":"Iron Wave","floor":2},{"not_picked":["Havoc","Feel No Pain"],"picked":"Headbutt","floor":3},{"not_picked":["Dual Wield","Blood for Blood","Entrench"],"picked":"SKIP","floor":4},{"not_picked":["Headbutt","Clash","Searing Blow"],"picked":"SKIP","floor":5},{"not_picked":["Perfected Strike","Rupture"],"picked":"Cleave","floor":6},{"not_picked":["Bloodletting","Thunderclap","Sword Boomerang"],"picked":"SKIP","floor":8},{"not_picked":["Fire Breathing","Heavy Blade","Carnage"],"picked":"SKIP","floor":10},{"not_picked":["Clash","Cleave","Warcry"],"picked":"SKIP","floor":14}],"player_experience":598365,"relics_obtained":[{"floor":6,"key":"Smiling Mask"},{"floor":9,"key":"Torii"},{"floor":10,"key":"Magic Flower"}],"event_choices":[{"damage_healed":0,"gold_gain":0,"player_choice":"Success","damage_taken":18,"relics_obtained":["Self Forming Clay"],"max_hp_gain":0,"max_hp_loss":0,"event_name":"Scrap Ooze","floor":11,"gold_loss":0},{"damage_healed":0,"gold_gain":0,"player_choice":"Grow","damage_taken":0,"max_hp_gain":0,"max_hp_loss":0,"event_name":"Living Wall","floor":12,"gold_loss":0,"cards_upgraded":["Body Slam"]}],"is_beta":false,"boss_relics":[],"items_purged_floors":[],"is_endless":false,"potions_floor_spawned":[2,4,8,10],"killed_by":"Slime Boss","ascension_level":7}