{"gold_per_floor":[110,125,125,137,137,202,202,232,284,296,333,345,357,369],"floor_reached":14,"playtime":397,"items_purged":[],"score":192,"play_id":"b3801272-c864-407e-a0e0-f9cb657afb30","local_time":"20190222185405","is_ascension_mode":true,"campfire_choices":[{"floor":7,"key":"REST"},{"data":"Fiend Fire","floor":10,"key":"SMITH"},{"floor":12,"key":"REST"}],"neow_cost":"NONE","seed_source_timestamp":15547667212898707,"circlet_count":0,"master_deck":["AscendersBane","Strike_R","Strike_R","Strike_R","Strike_R","Defend_R","Defend_R","Defend_R","Defend_R","Bash","Armaments","Intimidate","Fiend Fire+1","Hemokinesis","Metallicize","Exhume"],"relics":["Burning Blood","NeowsBlessing","Juzu Bracelet","Tiny Chest","MawBank","Bottled Lightning","Pen Nib"],"potions_floor_usage":[6],"damage_taken":[{"damage":0,"enemies":"Cultist","floor":1,"turns":1},{"damage":0,"enemies":"2 Louse","floor":2,"turns":1},{"damage":0,"enemies":"Jaw Worm","floor":4,"turns":1},{"damage":30,"enemies":"Lagavulin","floor":6,"turns":5},{"damage":56,"enemies":"3 Sentries","floor":11,"turns":18},{"damage":32,"enemies":"Gremlin Gang","floor":14,"turns":3}],"seed_played":"6224805076497075447","potions_obtained":[{"floor":4,"key":"Strength Potion"},{"floor":11,"key":"Dexterity Potion"}],"is_trial":false,"path_per_floor":["M","M","T","M","?","E","R","?","T","R","E","R","?","M"],"character_chosen":"IRONCLAD","items_purchased":[],"campfire_rested":2,"item_purchase_floors":[],"current_hp_per_floor":[74,75,75,75,75,51,73,73,73,73,23,45,10,0],"gold":369,"neow_bonus":"THREE_ENEMY_KILL","is_prod":false,"is_daily":false,"chose_seed":false,"campfire_upgraded":1,"win_rate":0,"timestamp":1550858045,"path_taken":["M","M","?","M","?","E","R","?","T","R","E","R","?","M"],"build_version":"2019-01-23","purchased_purges":0,"victory":false,"max_hp_per_floor":[75,75,75,75,75,75,75,75,75,75,75,75,75,75],"card_choices":[{"not_picked":["Searing Blow","Clash"],"picked":"Armaments","floor":1},{"not_picked":["Anger","Clash"],"picked":"Intimidate","floor":2},{"not_picked":["Heavy Blade","Combust"],"picked":"Fiend Fire","floor":4},{"not_picked":["Armaments","Flex"],"picked":"Metallicize","floor":6},{"not_picked":["Shrug It Off","Warcry"],"picked":"Exhume","floor":11}],"player_experience":425126,"relics_obtained":[{"floor":3,"key":"Juzu Bracelet"},{"floor":6,"key":"Tiny Chest"},{"floor":9,"key":"MawBank"},{"floor":11,"key":"Bottled Lightning"}],"event_choices":[{"damage_healed":0,"gold_gain":0,"cards_transformed":["Strike_R"],"player_choice":"Transformed","damage_taken":0,"max_hp_gain":0,"max_hp_loss":0,"event_name":"Transmorgrifier","floor":5,"gold_loss":0,"cards_obtained":["Hemokinesis"]},{"damage_healed":0,"gold_gain":30,"player_choice":"Searched \u00271\u0027 times","damage_taken":0,"max_hp_gain":0,"max_hp_loss":0,"event_name":"Dead Adventurer","floor":8,"gold_loss":0},{"damage_healed":0,"gold_gain":0,"player_choice":"Success","damage_taken":35,"relics_obtained":["Pen Nib"],"max_hp_gain":0,"max_hp_loss":0,"event_name":"Scrap Ooze","floor":13,"gold_loss":0}],"is_beta":false,"boss_relics":[],"items_purged_floors":[],"is_endless":false,"potions_floor_spawned":[4,11],"killed_by":"Gremlin Gang","ascension_level":20}