{"gold_per_floor":[117,117,20,36,53,110,110,130,157,173,123,146,146,179,179,278,278,291,291,301,131,148,148,175,190,242,242,259,290,165,183,183,288,288,299,91,105,119,131,131,150,0,0,0,0,0,35,54,54,54],"floor_reached":50,"playtime":5769,"items_purged":["Strike_B","Strike_B","Defend_B"],"score":576,"play_id":"3f7907e2-5bd2-4213-9234-35095bb2bd17","local_time":"20181029002702","is_ascension_mode":true,"campfire_choices":[{"data":"Reinforced Body","floor":7,"key":"SMITH"},{"data":"Rainbow","floor":15,"key":"SMITH"},{"data":"Capacitor","floor":23,"key":"SMITH"},{"data":"Electrodynamics","floor":32,"key":"SMITH"},{"data":"Chill","floor":40,"key":"SMITH"},{"data":"Conserve Battery","floor":44,"key":"SMITH"},{"data":"Conserve Battery","floor":46,"key":"SMITH"},{"data":"Defend_B","floor":49,"key":"SMITH"}],"neow_cost":"PERCENT_DAMAGE","seed_source_timestamp":277901376174027,"circlet_count":0,"master_deck":["Defend_B","Defend_B+1","Zap+1","Dualcast+1","Self Repair","Redo","Reinforced Body+1","Coolheaded","Gash","Buffer+1","Rainbow+1","Electrodynamics+1","Gash+1","Conserve Battery+1","Capacitor+1","Conserve Battery+1","All For One","Capacitor+1","Chill+1","Hologram+1","Compile Driver","Parasite","Coolheaded+1","Gash+1"],"relics":["Cracked Core","Pocketwatch","Tiny Chest","Pen Nib","PreservedInsect","Odd Mushroom","StoneCalendar","Nuclear Battery","Nunchaku","War Paint","Du-Vu Doll","Empty Cage","Medical Kit","Red Mask","Gremlin Horn","Frozen Egg 2"],"potions_floor_usage":[6,6,24,24,35,38,39,50,50,50],"damage_taken":[{"damage":0,"enemies":"Jaw Worm","floor":1,"turns":4},{"damage":1,"enemies":"Cultist","floor":4,"turns":3},{"damage":0,"enemies":"Small Slimes","floor":5,"turns":3},{"damage":9,"enemies":"Gremlin Nob","floor":6,"turns":4},{"damage":4,"enemies":"Exordium Wildlife","floor":8,"turns":4},{"damage":11,"enemies":"Lots of Slimes","floor":10,"turns":6},{"damage":5,"enemies":"The Mushroom Lair","floor":12,"turns":5},{"damage":2,"enemies":"3 Sentries","floor":14,"turns":7},{"damage":35,"enemies":"The Guardian","floor":16,"turns":10},{"damage":5,"enemies":"2 Thieves","floor":18,"turns":4},{"damage":4,"enemies":"Shell Parasite","floor":20,"turns":7},{"damage":0,"enemies":"Cultist and Chosen","floor":22,"turns":6},{"damage":8,"enemies":"Book of Stabbing","floor":24,"turns":5},{"damage":6,"enemies":"3 Cultists","floor":25,"turns":4},{"damage":0,"enemies":"Centurion and Healer","floor":28,"turns":5},{"damage":18,"enemies":"Gremlin Leader","floor":29,"turns":6},{"damage":0,"enemies":"Sentry and Sphere","floor":31,"turns":5},{"damage":22,"enemies":"Collector","floor":33,"turns":10},{"damage":0,"enemies":"Orb Walker","floor":35,"turns":5},{"damage":7,"enemies":"3 Darklings","floor":37,"turns":5},{"damage":2,"enemies":"Sphere and 2 Shapes","floor":38,"turns":6},{"damage":24,"enemies":"Maw","floor":39,"turns":9},{"damage":17,"enemies":"Writhing Mass","floor":41,"turns":8},{"damage":0,"enemies":"Reptomancer","floor":47,"turns":4},{"damage":13,"enemies":"Spire Growth","floor":48,"turns":6},{"damage":63,"enemies":"Time Eater","floor":50,"turns":9}],"seed_played":"-639707274303783322","potions_obtained":[{"floor":1,"key":"SkillPotion"},{"floor":5,"key":"EssenceOfSteel"},{"floor":10,"key":"SpeedPotion"},{"floor":16,"key":"Dexterity Potion"},{"floor":22,"key":"SpeedPotion"},{"floor":24,"key":"Weak Potion"},{"floor":29,"key":"Regen Potion"},{"floor":35,"key":"Strength Potion"},{"floor":45,"key":"Block Potion"},{"floor":45,"key":"Poison Potion"}],"is_trial":false,"path_per_floor":["M","?","$","M","M","E","R","M","T","M","?","?","?","E","R","B",null,"M","?","M","$","M","R","E","M","T","?","M","E","$","M","R","B",null,"M","$","M","M","M","R","M","?","T","R","?","R","E","M","R"],"character_chosen":"DEFECT","items_purchased":["Redo","Capacitor","Medical Kit"],"campfire_rested":0,"item_purchase_floors":[3,21,36],"current_hp_per_floor":[54,54,54,60,60,58,58,61,61,57,57,52,52,57,57,29,75,75,61,64,64,71,71,70,71,71,71,78,67,67,74,74,59,80,80,80,80,80,74,74,64,64,64,64,64,64,64,51,51,0],"gold":54,"neow_bonus":"ONE_RARE_RELIC","is_prod":false,"is_daily":false,"chose_seed":false,"campfire_upgraded":8,"win_rate":0,"timestamp":1540790822,"path_taken":["M","?","$","M","?","E","R","M","T","M","?","?","?","E","R","BOSS","M","?","M","$","M","R","E","M","T","?","M","E","$","?","R","BOSS","M","$","M","?","M","R","M","?","T","R","?","R","E","M","R","BOSS"],"build_version":"2018-10-25v2","purchased_purges":3,"victory":false,"max_hp_per_floor":[75,75,75,75,75,75,75,75,75,75,75,75,75,75,75,75,75,75,80,80,80,80,80,80,80,80,80,80,80,80,80,80,80,80,80,80,80,80,80,80,80,80,80,80,80,80,80,80,80,80],"card_choices":[{"not_picked":["Fusion","Conserve Battery"],"picked":"Self Repair","floor":1},{"not_picked":["Leap","Stack"],"picked":"Reinforced Body","floor":4},{"not_picked":["Barrage","BootSequence"],"picked":"Coolheaded","floor":5},{"not_picked":["Rip and Tear","Beam Cell"],"picked":"Gash","floor":6},{"not_picked":["Self Repair","Compile Driver"],"picked":"Buffer","floor":8},{"not_picked":["Redo","Hello World","Leap"],"picked":"SKIP","floor":10},{"not_picked":["Aggregate","Loop"],"picked":"Rainbow","floor":14},{"not_picked":["Machine Learning","Buffer"],"picked":"Electrodynamics","floor":16},{"not_picked":["Hologram","Coolheaded"],"picked":"Gash+1","floor":18},{"not_picked":["Compile Driver","Self Repair+1"],"picked":"Conserve Battery","floor":20},{"not_picked":["Beam Cell","Cold Snap","White Noise"],"picked":"SKIP","floor":22},{"not_picked":["Static Discharge+1","Force Field","Aggregate"],"picked":"SKIP","floor":24},{"not_picked":["FTL","Leap","Multi-Cast"],"picked":"SKIP","floor":25},{"not_picked":["Leap","Cold Snap","Gash"],"picked":"SKIP","floor":28},{"not_picked":["Reinforced Body","Hello World","Coolheaded"],"picked":"SKIP","floor":29},{"not_picked":["Leap","Force Field"],"picked":"Conserve Battery","floor":31},{"not_picked":["Rainbow","Amplify"],"picked":"All For One","floor":33},{"not_picked":["Sweeping Beam+1","Darkness+1"],"picked":"Capacitor+1","floor":35},{"not_picked":["Ball Lightning","Steam+1"],"picked":"Chill","floor":37},{"not_picked":["Compile Driver","Storm+1"],"picked":"Hologram+1","floor":38},{"not_picked":["Reprogram+1","Storm"],"picked":"Compile Driver","floor":39},{"not_picked":["Aggregate","Cold Snap"],"picked":"Coolheaded+1","floor":41},{"not_picked":["Thunder Strike","Conserve Battery+1","Barrage"],"picked":"SKIP","floor":47},{"not_picked":["Barrage+1","Streamline+1"],"picked":"Gash+1","floor":48}],"player_experience":44889,"relics_obtained":[{"floor":6,"key":"Tiny Chest"},{"floor":9,"key":"Pen Nib"},{"floor":12,"key":"Odd Mushroom"},{"floor":14,"key":"StoneCalendar"},{"floor":24,"key":"Nunchaku"},{"floor":26,"key":"War Paint"},{"floor":29,"key":"Du-Vu Doll"},{"floor":43,"key":"Gremlin Horn"},{"floor":47,"key":"Frozen Egg 2"}],"event_choices":[{"cards_removed":["Strike_B"],"damage_healed":0,"gold_gain":0,"player_choice":"Offered Basic","damage_taken":0,"max_hp_gain":0,"max_hp_loss":0,"event_name":"Bonfire Elementals","floor":2,"gold_loss":0},{"damage_healed":0,"gold_gain":0,"player_choice":"Paid Gold","damage_taken":0,"relics_obtained":["PreservedInsect"],"max_hp_gain":0,"max_hp_loss":0,"event_name":"WeMeetAgain","floor":11,"gold_loss":50},{"damage_healed":0,"gold_gain":0,"player_choice":"Fought Mushrooms","damage_taken":0,"max_hp_gain":0,"max_hp_loss":0,"event_name":"Mushrooms","floor":12,"gold_loss":0},{"damage_healed":0,"gold_gain":0,"player_choice":"Forge","damage_taken":0,"max_hp_gain":0,"max_hp_loss":0,"event_name":"Accursed Blacksmith","floor":13,"gold_loss":0,"cards_upgraded":["Buffer"]},{"damage_healed":0,"gold_gain":0,"player_choice":"Shed Blood","damage_taken":19,"max_hp_gain":5,"max_hp_loss":0,"event_name":"Forgotten Altar","floor":19,"gold_loss":0},{"damage_healed":0,"gold_gain":0,"player_choice":"Bought 0 Potions","damage_taken":0,"max_hp_gain":0,"max_hp_loss":0,"event_name":"The Woman in Blue","floor":27,"gold_loss":0},{"damage_healed":0,"gold_gain":0,"player_choice":"Paid","damage_taken":0,"relics_obtained":["Red Mask"],"max_hp_gain":0,"max_hp_loss":0,"event_name":"Tomb of Lord Red Mask","floor":42,"gold_loss":150},{"damage_healed":0,"gold_gain":0,"player_choice":"Got Potions","damage_taken":0,"max_hp_gain":0,"max_hp_loss":0,"event_name":"The Lab","floor":45,"gold_loss":0}],"is_beta":false,"boss_relics":[{"not_picked":["Ectoplasm","Velvet Choker"],"picked":"Nuclear Battery"},{"not_picked":["Tiny House","Coffee Dripper"],"picked":"Empty Cage"}],"items_purged_floors":[3,21,30],"is_endless":false,"potions_floor_spawned":[1,5,10,16,22,24,29,31,35,37,47],"killed_by":"Time Eater","ascension_level":1}