{"gold_per_floor":[99,99,22,22,22,22,22,22,22,22,22,22,22,0,0,0,0,0,0,0,0,0,0,0,0,0,0,0,0,0,0,0,0,0,0,0,0,0,0,0,0,0,0,0],"floor_reached":44,"playtime":3294,"items_purged":[],"score":482,"play_id":"d26a80c1-cf78-401c-83fc-c0da2be382ef","local_time":"20181203012915","is_ascension_mode":true,"campfire_choices":[{"data":"Catalyst","floor":7.0,"key":"SMITH"},{"floor":12.0,"key":"REST"},{"floor":15.0,"key":"REST"},{"data":"Dagger Spray","floor":23,"key":"SMITH"},{"floor":30,"key":"REST"},{"floor":32,"key":"REST"},{"data":"Survivor","floor":40,"key":"SMITH"}],"neow_cost":"NONE","seed_source_timestamp":0,"circlet_count":0,"master_deck":["Defend_G","Defend_G","Defend_G","Strike_G","Strike_G","Strike_G","Survivor+1","Neutralize","Dagger Spray+1","Predator","Acrobatics","Catalyst+1","PiercingWail+1","Noxious Fumes","Deadly Poison+1","Burst+1","Bouncing Flask+1","Distraction+1","Cloak And Dagger+1","Deadly Poison+1","Setup+1","Poisoned Stab","Deflect+1","Calculated Gamble+1","Dodge and Roll+1","Bane+1","Adrenaline+1","Terror+1","Blade Dance+1","Parasite","Backstab"],"special_seed":0,"relics":["Ectoplasm","Gremlin Horn","Toxic Egg 2","Astrolabe","MutagenicStrength","Torii","Art of War","Black Star","MawBank"],"potions_floor_usage":[18,25,25,33,38,42],"damage_taken":[{"damage":1.0,"enemies":"Cultist","floor":1.0,"turns":4.0},{"damage":0.0,"enemies":"Small Slimes","floor":2.0,"turns":2.0},{"damage":0.0,"enemies":"2 Louse","floor":4.0,"turns":3.0},{"damage":10.0,"enemies":"Lagavulin","floor":6.0,"turns":6.0},{"damage":11.0,"enemies":"Exordium Wildlife","floor":11.0,"turns":4.0},{"damage":3.0,"enemies":"Red Slaver","floor":13.0,"turns":3.0},{"damage":13.0,"enemies":"Exordium Thugs","floor":14.0,"turns":4.0},{"damage":36.0,"enemies":"The Guardian","floor":16.0,"turns":7.0},{"damage":0,"enemies":"3 Byrds","floor":18,"turns":4},{"damage":11,"enemies":"2 Thieves","floor":20,"turns":4},{"damage":4,"enemies":"Book of Stabbing","floor":24,"turns":3},{"damage":8,"enemies":"Cultist and Chosen","floor":25,"turns":5},{"damage":12,"enemies":"Snecko","floor":27,"turns":4},{"damage":3,"enemies":"3 Cultists","floor":28,"turns":5},{"damage":1,"enemies":"Snake Plant","floor":29,"turns":3},{"damage":29,"enemies":"Champ","floor":33,"turns":8},{"damage":10,"enemies":"3 Shapes","floor":35,"turns":3},{"damage":18,"enemies":"3 Darklings","floor":36,"turns":5},{"damage":23,"enemies":"Jaw Worm Horde","floor":38,"turns":4},{"damage":10,"enemies":"Writhing Mass","floor":41,"turns":4},{"damage":11,"enemies":"3 Darklings","floor":42,"turns":4},{"damage":50,"enemies":"Reptomancer","floor":44,"turns":3}],"seed_played":"-1164428562337272118","potions_obtained":[{"floor":2.0,"key":"Fire Potion"},{"floor":14.0,"key":"FearPotion"},{"floor":16.0,"key":"Fire Potion"},{"floor":20,"key":"Weak Potion"},{"floor":24,"key":"Fire Potion"},{"floor":28,"key":"Ancient Potion"},{"floor":33,"key":"Block Potion"},{"floor":41,"key":"GamblersBrew"}],"is_trial":false,"path_per_floor":["M","M","$","M","$","E","R","?","T","$","M","R","M","M","R","B",null,"M","$","M","?","$","R","E","M","T","M","M","M","R","?","R","B",null,"M","M","$","M","?","R","M","M","T","E"],"character_chosen":"THE_SILENT","items_purchased":["Noxious Fumes"],"campfire_rested":4,"item_purchase_floors":[3],"current_hp_per_floor":[69,69,69,69,69,59,59,59,59,59,48,69,66,53,70,34,70,70,70,59,59,59,59,55,47,47,35,32,31,52,52,70,41,70,60,42,42,19,70,70,60,49,49,0],"gold":0,"neow_bonus":"BOSS_RELIC","is_prod":false,"is_daily":false,"chose_seed":false,"campfire_upgraded":3,"win_rate":0,"timestamp":1543813155,"path_taken":["M","?","$","M","$","E","R","?","T","?","M","R","M","M","R","BOSS","M","?","M","?","?","R","E","M","T","M","M","?","R","?","R","BOSS","M","?","$","?","?","R","M","?","T","E"],"build_version":"2018-11-15","purchased_purges":0,"victory":false,"max_hp_per_floor":[70,70,70,70,70,70,70,70,70,70,70,70,70,70,70,70,70,70,70,70,70,70,70,70,70,70,70,70,70,70,70,70,70,70,70,70,70,70,70,70,70,70,70,70],"card_choices":[{"not_picked":["Deflect","Sucker Punch"],"picked":"Dagger Spray","floor":1.0},{"not_picked":["Flying Knee","Blur"],"picked":"Predator","floor":2.0},{"not_picked":["Choke","Underhanded Strike"],"picked":"Acrobatics","floor":4.0},{"not_picked":["Slice","Escape Plan"],"picked":"Catalyst","floor":6.0},{"not_picked":["Deflect+1","Footwork"],"picked":"PiercingWail+1","floor":11.0},{"not_picked":["Prepared+1","Blade Dance+1"],"picked":"Noxious Fumes","floor":13.0},{"not_picked":["Riddle With Holes","Noxious Fumes"],"picked":"Deadly Poison+1","floor":14.0},{"not_picked":["Malaise+1","Glass Knife"],"picked":"Burst+1","floor":16.0},{"not_picked":["Calculated Gamble+1","Outmaneuver+1"],"picked":"Deadly Poison+1","floor":18},{"not_picked":["PiercingWail+1","Underhanded Strike"],"picked":"Setup+1","floor":20},{"not_picked":["Prepared+1","Flechettes+1"],"picked":"Poisoned Stab","floor":24},{"not_picked":["Choke","Masterful Stab"],"picked":"Deflect+1","floor":25},{"not_picked":["Deflect+1","Dagger Throw"],"picked":"Calculated Gamble+1","floor":27},{"not_picked":["Flying Knee","Phantasmal Killer+1"],"picked":"Dodge and Roll+1","floor":28},{"not_picked":["Deflect+1","Flying Knee"],"picked":"Bane","floor":29},{"not_picked":["A Thousand Cuts","Doppelganger+1"],"picked":"Adrenaline+1","floor":33},{"not_picked":["Quick Slash","Footwork"],"picked":"Terror+1","floor":35},{"not_picked":["Bane+1","Sucker Punch"],"picked":"Blade Dance+1","floor":36},{"not_picked":["Deflect+1","Deadly Poison+1","Acrobatics+1"],"picked":"SKIP","floor":38},{"not_picked":["All Out Attack+1","Flying Knee"],"picked":"Backstab","floor":41},{"not_picked":["Poisoned Stab+1","Cloak And Dagger+1","Crippling Poison+1"],"picked":"SKIP","floor":42}],"player_experience":491061,"relics_obtained":[{"floor":6.0,"key":"Gremlin Horn"},{"floor":9.0,"key":"Toxic Egg 2"},{"floor":24,"key":"Torii"},{"floor":26,"key":"Art of War"},{"floor":43,"key":"MawBank"}],"event_choices":[{"cards_removed":["Strike_G"],"damage_healed":0.0,"max_hp_gain":0.0,"max_hp_loss":0.0,"gold_gain":0.0,"event_name":"Wheel of Change","player_choice":"Card Removal","floor":8.0,"gold_loss":0.0,"damage_taken":0.0},{"damage_healed":0,"gold_gain":0,"player_choice":"Inject Mutagens","damage_taken":0,"relics_obtained":["MutagenicStrength"],"max_hp_gain":0,"max_hp_loss":0,"event_name":"Drug Dealer","floor":21,"gold_loss":0},{"damage_healed":0,"gold_gain":0,"player_choice":"Upgraded","damage_taken":0,"max_hp_gain":0,"max_hp_loss":0,"event_name":"Upgrade Shrine","floor":31,"gold_loss":0,"cards_upgraded":["Bane"]},{"cards_removed":["Noxious Fumes"],"damage_healed":51,"gold_gain":0,"player_choice":"Offered Uncommon","damage_taken":0,"max_hp_gain":0,"max_hp_loss":0,"event_name":"Bonfire Elementals","floor":39,"gold_loss":0}],"is_beta":true,"boss_relics":[{"not_picked":["Runic Pyramid","Tiny House"],"picked":"Astrolabe"},{"not_picked":["Fusion Hammer","Velvet Choker"],"picked":"Black Star"}],"items_purged_floors":[],"is_endless":false,"potions_floor_spawned":[2,14,16,20,24,28,33,41],"killed_by":"Reptomancer","ascension_level":1}