{"gold_per_floor":[119,19,33,208,283,313,333,333,333,333,85,135,159,174,174,174],"floor_reached":16,"playtime":788,"items_purged":["Strike_R","Doubt"],"score":105,"play_id":"476c2545-58f2-4d98-95e0-672f24d687bf","local_time":"20190108210835","is_ascension_mode":true,"campfire_choices":[{"data":"Pommel Strike","floor":8,"key":"SMITH"},{"floor":15,"key":"REST"}],"neow_cost":"NONE","seed_source_timestamp":7796226135862,"circlet_count":0,"master_deck":["Strike_R","Strike_R","Strike_R","Strike_R","Defend_R","Defend_R","Defend_R","Defend_R","Bash","Inflame","Flex","Uppercut","Flex","Pommel Strike+1","Injury","Pommel Strike","Iron Wave","Pummel"],"relics":["Burning Blood","Paper Frog","Golden Idol","Anchor","Dream Catcher"],"potions_floor_usage":[16],"damage_taken":[{"damage":0,"enemies":"Small Slimes","floor":1,"turns":3},{"damage":6,"enemies":"2 Louse","floor":3,"turns":3},{"damage":54,"enemies":"Gremlin Nob","floor":6,"turns":6},{"damage":9,"enemies":"Jaw Worm","floor":7,"turns":4},{"damage":2,"enemies":"Looter","floor":13,"turns":3},{"damage":29,"enemies":"Gremlin Gang","floor":14,"turns":4},{"damage":34,"enemies":"The Guardian","floor":16,"turns":6}],"seed_played":"-8286940687130654886","potions_obtained":[{"floor":7,"key":"SkillPotion"},{"floor":14,"key":"Weak Potion"}],"is_trial":false,"path_per_floor":["M","$","M","?","?","E","M","R","T","?","$","T","M","M","R","B"],"character_chosen":"IRONCLAD","items_purchased":["Flex","Anchor"],"campfire_rested":1,"item_purchase_floors":[2,11],"current_hp_per_floor":[88,88,88,88,77,29,26,26,26,26,26,26,30,7,33,0],"gold":174,"neow_bonus":"TEN_PERCENT_HP_BONUS","is_prod":false,"is_daily":false,"chose_seed":false,"campfire_upgraded":1,"win_rate":0,"timestamp":1546981715,"path_taken":["M","$","M","?","?","E","M","R","T","?","?","?","M","M","R","BOSS"],"build_version":"2019-01-03v4","purchased_purges":2,"victory":false,"max_hp_per_floor":[88,88,88,88,88,88,88,88,88,88,88,88,88,88,88,88],"card_choices":[{"not_picked":["Thunderclap","Armaments"],"picked":"Inflame","floor":1},{"not_picked":["Clash","Blood for Blood"],"picked":"Uppercut","floor":3},{"not_picked":["Wild Strike","Disarm"],"picked":"Flex","floor":6},{"not_picked":["Clash","Anger"],"picked":"Pommel Strike","floor":7},{"not_picked":["Disarm","Armaments"],"picked":"Pommel Strike","floor":13},{"not_picked":["Evolve","Clothesline"],"picked":"Iron Wave","floor":14},{"not_picked":["Fiend Fire","Flex"],"picked":"Pummel","floor":15}],"player_experience":41276,"relics_obtained":[{"floor":6,"key":"Paper Frog"},{"floor":12,"key":"Dream Catcher"}],"event_choices":[{"damage_healed":0,"gold_gain":175,"player_choice":"AGREE","damage_taken":0,"max_hp_gain":0,"max_hp_loss":0,"event_name":"Liars Game","floor":4,"gold_loss":0,"cards_obtained":["Doubt"]},{"damage_healed":0,"gold_gain":75,"player_choice":"Gather Gold","damage_taken":11,"max_hp_gain":0,"max_hp_loss":0,"event_name":"World of Goop","floor":5,"gold_loss":0},{"damage_healed":0,"gold_gain":0,"player_choice":"Take Wound","damage_taken":0,"relics_obtained":["Golden Idol"],"max_hp_gain":0,"max_hp_loss":0,"event_name":"Golden Idol","floor":10,"gold_loss":0,"cards_obtained":["Injury"]}],"is_beta":false,"boss_relics":[],"items_purged_floors":[2,11],"is_endless":false,"potions_floor_spawned":[7,14],"killed_by":"The Guardian","ascension_level":1}