{"path_per_floor":["M","?","M","M","M","R","E","R","T","M","?","E","T","M","R","B",null,"M","?","$","?","?","E","M","R","T","?","M","$","?","T","R","B",null,"M","M","M","?","?","R","M","?","T","R","$","M","R","M","R","B"],"character_chosen":"IRONCLAD","items_purchased":["Flame Barrier","Secret Technique"],"gold_per_floor":[109,109,128,138,150,150,183,183,183,195,195,220,220,235,235,331,331,349,272,197,197,197,226,245,245,245,160,171,71,71,71,71,175,175,188,206,222,222,222,222,240,240,263,263,43,58,58,70,70,70],"floor_reached":51,"campfire_rested":4,"playtime":2109,"current_hp_per_floor":[76,60,61,66,66,66,36,60,60,66,66,52,52,57,57,24,80,80,80,80,65,65,48,44,44,44,44,36,36,36,42,69,27,91,84,63,55,44,44,44,26,26,32,76,76,58,58,63,97,57],"items_purged":["Strike_R","Doubt"],"gold":70,"score":750,"play_id":"ace78730-56af-45fb-9e8d-638d50b87fe9","local_time":"20180425184032","is_prod":false,"is_daily":false,"chose_seed":false,"is_ascension_mode":false,"campfire_upgraded":5,"timestamp":1524696032,"path_taken":["M","?","M","?","M","R","E","R","T","M","?","E","?","M","R","BOSS","M","?","?","?","?","E","?","R","T","?","M","$","?","?","R","BOSS","M","M","M","?","?","R","M","?","T","R","$","M","R","M","R","BOSS"],"build_version":"2018-04-19","seed_source_timestamp":18392850041799,"purchased_purges":2,"victory":true,"master_deck":["Strike_R","Strike_R+1","Defend_R","Defend_R+1","Defend_R","Defend_R","Bash","Iron Wave","Flex+1","Pommel Strike","Heavy Blade","Flex+1","Body Slam","Intimidate","True Grit","Double Tap","Metallicize+1","J.A.X.+1","Thunderclap+1","Cleave+1","Impervious","Inflame+1","Inflame+1","Metallicize+1","Impervious","Battle Trance","Madness","Madness","Rupture","Regret","True Grit+1","Flame Barrier","Secret Technique","True Grit+1","Spot Weakness"],"max_hp_per_floor":[80,80,80,80,80,80,80,80,80,80,80,80,80,80,80,80,80,80,80,80,85,85,85,85,85,85,85,85,85,85,91,91,91,91,91,91,91,91,91,91,91,91,97,97,97,97,97,97,97,97],"relics":["Burning Blood","Prayer Wheel","Kunai","Ornamental Fan","Oddly Smooth Stone","Vajra","Cursed Key","Letter Opener","Darkstone Periapt","Juzu Bracelet","Meat on the Bone","Lizard Tail","Regal Pillow"],"card_choices":[{"not_picked":["Warcry","Metallicize"],"picked":"Iron Wave","floor":3},{"not_picked":["Searing Blow","Dropkick"],"picked":"Flex","floor":4},{"not_picked":["Armaments","Ghostly Armor"],"picked":"Pommel Strike","floor":5},{"not_picked":["Ghostly Armor","Evolve"],"picked":"Heavy Blade","floor":9},{"not_picked":["Pummel","Sword Boomerang"],"picked":"Flex","floor":10},{"not_picked":["Armaments","Twin Strike"],"picked":"Body Slam","floor":12},{"not_picked":["Pommel Strike","True Grit"],"picked":"Intimidate","floor":13},{"not_picked":["Carnage","Second Wind"],"picked":"True Grit","floor":14},{"not_picked":["Reaper","Brutality"],"picked":"Double Tap","floor":16},{"not_picked":["Clash","Ghostly Armor"],"picked":"Metallicize","floor":18},{"not_picked":["Dual Wield","Shrug It Off"],"picked":"Thunderclap","floor":23},{"not_picked":["Pommel Strike","Heavy Blade"],"picked":"Cleave","floor":26},{"not_picked":["Clothesline","Sword Boomerang"],"picked":"Impervious","floor":28},{"not_picked":["Clash","Intimidate"],"picked":"Inflame","floor":31},{"not_picked":["Pommel Strike","Headbutt"],"picked":"Metallicize","floor":35},{"not_picked":["Clash","Dual Wield"],"picked":"Impervious","floor":36},{"not_picked":["Clash","Searing Blow"],"picked":"Battle Trance","floor":37},{"not_picked":["Perfected Strike","Clash"],"picked":"Rupture","floor":41},{"not_picked":["Rupture","Searing Blow"],"picked":"True Grit","floor":43},{"not_picked":["Searing Blow","Anger"],"picked":"True Grit","floor":46},{"not_picked":["Twin Strike","Body Slam"],"picked":"Spot Weakness","floor":48}],"player_experience":79624,"potions_floor_usage":[33,33,33,48,50,50],"damage_taken":[{"damage":10,"enemies":"Small Slimes","floor":1,"turns":4},{"damage":5,"enemies":"Jaw Worm","floor":3,"turns":5},{"damage":1,"enemies":"Cultist","floor":4,"turns":3},{"damage":6,"enemies":"Blue Slaver","floor":5,"turns":4},{"damage":36,"enemies":"Lagavulin","floor":7,"turns":7},{"damage":0,"enemies":"Large Slime","floor":10,"turns":4},{"damage":20,"enemies":"3 Sentries","floor":12,"turns":7},{"damage":1,"enemies":"Looter","floor":14,"turns":2},{"damage":39,"enemies":"Slime Boss","floor":16,"turns":12},{"damage":1,"enemies":"Shell Parasite","floor":18,"turns":6},{"damage":23,"enemies":"Book of Stabbing","floor":23,"turns":4},{"damage":10,"enemies":"3 Byrds","floor":24,"turns":5},{"damage":14,"enemies":"Sentry and Sphere","floor":28,"turns":4},{"damage":60,"enemies":"Collector","floor":33,"turns":9},{"damage":13,"enemies":"3 Shapes","floor":35,"turns":3},{"damage":27,"enemies":"Orb Walker","floor":36,"turns":4},{"damage":26,"enemies":"3 Darklings","floor":37,"turns":7},{"damage":36,"enemies":"Sphere and 2 Shapes","floor":41,"turns":6},{"damage":24,"enemies":"Maw","floor":46,"turns":8},{"damage":13,"enemies":"4 Shapes","floor":48,"turns":7},{"damage":126,"enemies":"Time Eater","floor":50,"turns":13}],"event_choices":[{"event_name":"Shining Light","player_choice":"Entered Light","floor":2,"damage_taken":0},{"event_name":"Living Wall","player_choice":"Forget","floor":11,"damage_taken":0},{"event_name":"Drug Dealer","player_choice":"Got JAXXED","floor":19,"damage_taken":0},{"event_name":"Forgotten Altar","player_choice":"Shed Blood","floor":21,"damage_taken":0},{"event_name":"Back to Basics","player_choice":"Elegance","floor":22,"damage_taken":0},{"event_name":"Addict","player_choice":"Obtained Relic","floor":27,"damage_taken":0},{"event_name":"The Library","player_choice":"Read","floor":30,"damage_taken":0},{"event_name":"Winding Halls","player_choice":"Embrace Madness","floor":38,"damage_taken":0},{"event_name":"Purifier","player_choice":"One Purge","floor":39,"damage_taken":0},{"event_name":"Accursed Blacksmith","player_choice":"Forge","floor":42,"damage_taken":0}],"boss_relics":[{"not_picked":["Velvet Choker","Runic Dome"],"picked":"Cursed Key"},{"not_picked":["Runic Cube","Pandora\u0027s Box"],"picked":"Lizard Tail"}],"potions_floor_spawned":[3,10,12,18,24,33,35,36,48],"seed_played":"1877927095767616791","ascension_level":0,"is_trial":false}