{"gold_per_floor":[112,37,49,62,82,82,32,67,118,137,171,183,195,207,219,325,337,368,380,27,47,47,47,68,68,147,171,171,205,205,220,220,311,311,327,10,30,49,69,109,109,133,182,182,57,72,72,91,91,91],"floor_reached":51,"playtime":2858,"items_purged":["Regret","Strike_B","Strike_B"],"score":1372,"play_id":"0b3f75e3-ff43-4e59-b346-a9a0def69523","local_time":"20190220221609","is_ascension_mode":true,"campfire_choices":[{"data":"Zap","floor":6.0,"key":"SMITH"},{"data":"Biased Cognition","floor":13.0,"key":"SMITH"},{"floor":15.0,"key":"REST"},{"data":"Biased Cognition","floor":23.0,"key":"SMITH"},{"data":"Buffer","floor":25.0,"key":"SMITH"},{"floor":28.0,"key":"REST"},{"floor":32.0,"key":"REST"},{"floor":41.0,"key":"REST"},{"data":"Coolheaded","floor":44.0,"key":"SMITH"},{"data":"Multi-Cast","floor":47.0,"key":"SMITH"},{"floor":49.0,"key":"REST"}],"neow_cost":"CURSE","seed_source_timestamp":9323124446753,"circlet_count":0,"master_deck":["AscendersBane","Defend_B","Defend_B","Defend_B","Defend_B","Zap+1","Dualcast","Biased Cognition+1","Cold Snap","Biased Cognition+1","Darkness","Ball Lightning","Chill","BootSequence","Multi-Cast+1","Buffer+1","Compile Driver","Sunder","Tempest","Conserve Battery","Sunder","Doom and Gloom","Meteor Strike","Glacier","Ball Lightning+1","Coolheaded+1","Loop+1","Doom and Gloom","Compile Driver+1"],"special_seed":0,"relics":["Cracked Core","Question Card","Boot","MawBank","Golden Idol","Snecko Eye","ClockworkSouvenir","Bottled Flame","Bag of Marbles","Empty Cage","Runic Capacitor","Bronze Scales","Ancient Tea Set"],"potions_floor_usage":[50],"damage_taken":[{"damage":5.0,"enemies":"2 Louse","floor":1.0,"turns":3.0},{"damage":7.0,"enemies":"Jaw Worm","floor":3.0,"turns":2.0},{"damage":0.0,"enemies":"Small Slimes","floor":4.0,"turns":2.0},{"damage":8.0,"enemies":"3 Louse","floor":5.0,"turns":3.0},{"damage":15.0,"enemies":"3 Sentries","floor":8.0,"turns":5.0},{"damage":11.0,"enemies":"Exordium Wildlife","floor":10.0,"turns":3.0},{"damage":14.0,"enemies":"Lagavulin","floor":11.0,"turns":5.0},{"damage":2.0,"enemies":"The Guardian","floor":16.0,"turns":8.0},{"damage":17.0,"enemies":"Shell Parasite","floor":18.0,"turns":5.0},{"damage":6.0,"enemies":"Spheric Guardian","floor":21.0,"turns":3.0},{"damage":12.0,"enemies":"Snake Plant","floor":24.0,"turns":4.0},{"damage":5.0,"enemies":"Cultist and Chosen","floor":27.0,"turns":3.0},{"damage":17.0,"enemies":"Book of Stabbing","floor":29.0,"turns":3.0},{"damage":0.0,"enemies":"Chosen and Byrds","floor":31.0,"turns":3.0},{"damage":14.0,"enemies":"Collector","floor":33.0,"turns":7.0},{"damage":0.0,"enemies":"3 Darklings","floor":35.0,"turns":3.0},{"damage":1.0,"enemies":"3 Shapes","floor":37.0,"turns":4.0},{"damage":15.0,"enemies":"Writhing Mass","floor":38.0,"turns":5.0},{"damage":26.0,"enemies":"Jaw Worm Horde","floor":39.0,"turns":6.0},{"damage":0.0,"enemies":"Reptomancer","floor":40.0,"turns":6.0},{"damage":4.0,"enemies":"Spire Growth","floor":42.0,"turns":5.0},{"damage":0.0,"enemies":"3 Darklings","floor":46.0,"turns":4.0},{"damage":0.0,"enemies":"Maw","floor":48.0,"turns":4.0},{"damage":5,"enemies":"Time Eater","floor":50,"turns":8}],"seed_played":"-2544040833257757860","potions_obtained":[{"floor":4.0,"key":"SpeedPotion"},{"floor":8.0,"key":"Fruit Juice"},{"floor":11.0,"key":"FocusPotion"},{"floor":18.0,"key":"LiquidBronze"},{"floor":27.0,"key":"Ancient Potion"},{"floor":31.0,"key":"Dexterity Potion"},{"floor":39.0,"key":"Explosive Potion"}],"is_trial":false,"path_per_floor":["M","$","M","M","M","R","$","E","T","M","E","?","R","?","R","B",null,"M","?","$","M","?","R","M","R","T","M","R","E","?","M","R","B",null,"M","$","M","M","M","E","R","M","T","R","$","M","R","M","R","B",null],"character_chosen":"DEFECT","items_purchased":["Ball Lightning","Sunder","ClockworkSouvenir","Tempest","Runic Capacitor"],"campfire_rested":5,"item_purchase_floors":[7,20,20,20,36],"current_hp_per_floor":[59,59,52,52,44,44,44,34,34,23,9,9,9,9,29,27,59,42,42,42,36,36,36,24,24,24,19,39,22,22,22,42,28,59,59,59,58,43,17,17,37,33,33,33,33,33,33,33,53,48],"gold":91,"neow_bonus":"THREE_RARE_CARDS","is_prod":false,"is_daily":false,"chose_seed":false,"campfire_upgraded":6,"win_rate":0,"timestamp":1550697369,"path_taken":["M","$","M","M","M","R","$","E","T","M","E","?","R","?","R","BOSS","M","?","$","M","?","R","M","R","T","M","R","E","?","M","R","BOSS","M","$","M","M","M","E","R","M","T","R","$","M","R","M","R","BOSS"],"build_version":"2019-01-23","purchased_purges":3,"victory":true,"max_hp_per_floor":[71,71,71,71,71,71,71,76,76,76,76,69,69,69,69,69,69,69,69,69,69,69,69,69,69,69,69,69,69,69,69,69,69,69,69,69,69,69,69,69,69,69,69,69,69,69,69,69,69,69],"card_choices":[{"not_picked":["Creative AI","Buffer"],"picked":"Biased Cognition","floor":0.0},{"not_picked":["Turbo","Gash"],"picked":"Cold Snap","floor":1.0},{"not_picked":["Coolheaded","Hologram"],"picked":"Biased Cognition","floor":3.0},{"not_picked":["Streamline","Stack","Blizzard"],"picked":"SKIP","floor":4.0},{"not_picked":["Undo","Redo"],"picked":"Darkness","floor":5.0},{"not_picked":["Turbo","Streamline"],"picked":"Chill","floor":8.0},{"not_picked":["Sweeping Beam","Melter","Turbo"],"picked":"BootSequence","floor":10.0},{"not_picked":["Gash","Aggregate","Blizzard"],"picked":"Multi-Cast","floor":11.0},{"not_picked":["Machine Learning","Amplify","Rainbow"],"picked":"Buffer","floor":16.0},{"not_picked":["Melter","Rebound","Stack+1"],"picked":"Compile Driver","floor":18.0},{"not_picked":["Ball Lightning","Melter","Gash"],"picked":"Conserve Battery","floor":21.0},{"not_picked":["Stack","Coolheaded","Leap"],"picked":"Sunder","floor":24.0},{"not_picked":["Chaos","Go for the Eyes+1","Barrage+1","Storm"],"picked":"SKIP","floor":27.0},{"not_picked":["Rebound+1","White Noise","Hyperbeam","Leap"],"picked":"SKIP","floor":29.0},{"not_picked":["Streamline","Gash","Melter"],"picked":"Doom and Gloom","floor":31.0},{"not_picked":["Core Surge","Buffer","Echo Form"],"picked":"Meteor Strike","floor":33.0},{"not_picked":["Leap","Hologram","Steam"],"picked":"Glacier","floor":35.0},{"not_picked":["White Noise","Aggregate","Streamline"],"picked":"Ball Lightning+1","floor":37.0},{"not_picked":["Compile Driver","FTL","BootSequence"],"picked":"Coolheaded","floor":38.0},{"not_picked":["Cold Snap","Aggregate","Barrage"],"picked":"Loop+1","floor":39.0},{"not_picked":["Cold Snap","Genetic Algorithm+1","Leap+1"],"picked":"Doom and Gloom","floor":40.0},{"not_picked":["Rebound+1","Rip and Tear","Sweeping Beam","Melter"],"picked":"SKIP","floor":42.0},{"not_picked":["Barrage+1","Hyperbeam","Go for the Eyes"],"picked":"Compile Driver+1","floor":46.0},{"not_picked":["Redo","Sweeping Beam+1","Cold Snap","Go for the Eyes"],"picked":"SKIP","floor":48.0}],"player_experience":458077,"relics_obtained":[{"floor":8.0,"key":"Question Card"},{"floor":9.0,"key":"Boot"},{"floor":11.0,"key":"MawBank"},{"floor":26.0,"key":"Bottled Flame"},{"floor":29.0,"key":"Bag of Marbles"},{"floor":40.0,"key":"Bronze Scales"},{"floor":43.0,"key":"Ancient Tea Set"}],"event_choices":[{"damage_healed":0.0,"max_hp_gain":0.0,"max_hp_loss":7.0,"gold_gain":0.0,"event_name":"Golden Idol","player_choice":"Lose Max HP","floor":12.0,"gold_loss":0.0,"damage_taken":0.0,"relics_obtained":["Golden Idol"]},{"damage_healed":0.0,"max_hp_gain":0.0,"max_hp_loss":0.0,"gold_gain":0.0,"event_name":"Shining Light","player_choice":"Ignored","floor":14.0,"gold_loss":0.0,"damage_taken":0.0},{"damage_healed":0.0,"max_hp_gain":0.0,"max_hp_loss":0.0,"gold_gain":0.0,"event_name":"Beggar","player_choice":"Ignored","floor":22.0,"gold_loss":0.0,"damage_taken":0.0},{"damage_healed":0.0,"max_hp_gain":0.0,"max_hp_loss":0.0,"gold_gain":0.0,"event_name":"Vampires","player_choice":"Ignored","floor":30.0,"gold_loss":0.0,"damage_taken":0.0}],"is_beta":false,"boss_relics":[{"not_picked":["FrozenCore","Calling Bell"],"picked":"Snecko Eye"},{"not_picked":["Eternal Feather","White Beast Statue"],"picked":"Empty Cage"}],"items_purged_floors":[2,36,45],"is_endless":false,"potions_floor_spawned":[4,8,11,18,24,27,31,35,38,39],"ascension_level":18}