{"gold_per_floor":[110,110,75,94,94,94,94,94,120,143,163,59,59,69,69,169,219,231,231,191,205,60,60,80,80,80,80,93,106,69,69,69,164,164,176,176,176],"floor_reached":38,"playtime":3199,"items_purged":[],"score":585,"play_id":"8345448e-0319-4aa1-9da3-3fba976546bc","local_time":"20190224132831","is_ascension_mode":false,"campfire_choices":[{"data":"Machine Learning","floor":6,"key":"SMITH"},{"data":"Hello World","floor":8,"key":"SMITH"},{"data":"Zap","floor":13,"key":"SMITH"},{"floor":15,"key":"REST"},{"floor":23,"key":"REST"},{"floor":25,"key":"REST"},{"floor":27,"key":"REST"},{"floor":32,"key":"REST"}],"neow_cost":"NONE","seed_source_timestamp":8489598768672,"circlet_count":0,"master_deck":["Strike_B","Strike_B","Strike_B+1","Defend_B","Defend_B+1","Defend_B+1","Defend_B+1","Zap+1","Dualcast","Machine Learning+1","Defragment+1","Hello World+1","Gash","Conserve Battery","Defragment","Darkness","Multi-Cast","White Noise+1","Go for the Eyes","Ball Lightning+1","Rainbow","Stack+1","FTL","Chill","Machine Learning"],"relics":["Cracked Core","Bag of Marbles","Boot","War Paint","Tiny House","Anchor","Omamori","Potion Belt","Sozu"],"potions_floor_usage":[18,28,33,33,33,33,33,33,33,33],"damage_taken":[{"damage":0,"enemies":"Small Slimes","floor":1,"turns":3},{"damage":0,"enemies":"2 Louse","floor":4,"turns":2},{"damage":0,"enemies":"Cultist","floor":11,"turns":4},{"damage":6,"enemies":"Large Slime","floor":14,"turns":5},{"damage":22,"enemies":"The Guardian","floor":16,"turns":8},{"damage":31,"enemies":"3 Byrds","floor":18,"turns":4},{"damage":16,"enemies":"Chosen","floor":21,"turns":5},{"damage":14,"enemies":"Centurion and Healer","floor":24,"turns":5},{"damage":4,"enemies":"Snecko","floor":28,"turns":5},{"damage":22,"enemies":"Shelled Parasite and Fungi","floor":29,"turns":8},{"damage":0,"enemies":"Collector","floor":33,"turns":9},{"damage":0,"enemies":"3 Shapes","floor":35,"turns":5},{"damage":70,"enemies":"Donu and Deca","floor":37,"turns":14}],"seed_played":"8793386025254061774","potions_obtained":[{"floor":1,"key":"SkillPotion"},{"floor":14,"key":"SteroidPotion"},{"floor":17,"key":"EntropicBrew"},{"floor":21,"key":"EssenceOfSteel"},{"floor":28,"key":"Dexterity Potion"},{"floor":29,"key":"PowerPotion"}],"is_trial":false,"path_per_floor":["M","?","?","M","?","R","?","R","T","T","M","$","R","M","R","B",null,"M","?","?","M","$","R","M","R","T","R","M","M","$","?","R","B",null,"M","?","B",null],"character_chosen":"DEFECT","items_purchased":["Conserve Battery","Defragment","Anchor","Chill"],"campfire_rested":5,"item_purchase_floors":[12,12,22,30],"current_hp_per_floor":[75,60,75,75,72,72,65,65,65,65,65,65,65,59,75,53,80,49,49,49,33,33,57,43,67,67,80,76,54,54,54,78,78,80,80,80,10],"gold":176,"neow_bonus":"ONE_RANDOM_RARE_CARD","is_prod":false,"is_daily":false,"chose_seed":false,"campfire_upgraded":3,"win_rate":0.0,"timestamp":1551011311,"path_taken":["M","?","?","M","?","R","?","R","T","?","M","$","R","M","R","BOSS","M","?","?","?","$","R","M","R","T","R","M","M","$","?","R","BOSS","M","?","BOSS"],"build_version":"2019-01-23","purchased_purges":0,"victory":true,"max_hp_per_floor":[75,75,75,75,75,75,75,75,75,75,75,75,75,75,75,75,80,80,80,80,80,80,80,80,80,80,80,80,80,80,80,80,80,80,80,80,80],"card_choices":[{"not_picked":["White Noise","Loop"],"picked":"Defragment","floor":1},{"not_picked":["Self Repair","Leap"],"picked":"Hello World","floor":4},{"not_picked":["Leap","Redo"],"picked":"Gash","floor":11},{"not_picked":["Turbo","Coolheaded"],"picked":"Darkness","floor":14},{"not_picked":["Machine Learning","Amplify"],"picked":"Multi-Cast","floor":16},{"not_picked":["Cold Snap","Steam"],"picked":"White Noise","floor":17},{"not_picked":["Leap","Redo"],"picked":"Go for the Eyes","floor":18},{"not_picked":["Defragment","Hologram"],"picked":"Ball Lightning+1","floor":21},{"not_picked":["Stack","Rebound"],"picked":"Rainbow","floor":24},{"not_picked":["Ball Lightning","Barrage"],"picked":"Stack+1","floor":28},{"not_picked":["Rebound+1","Loop"],"picked":"FTL","floor":29},{"not_picked":["Amplify","Echo Form"],"picked":"Machine Learning","floor":33},{"not_picked":["Beam Cell+1","Streamline+1","Tempest"],"picked":"SKIP","floor":35}],"player_experience":42817,"relics_obtained":[{"floor":9,"key":"Boot"},{"floor":10,"key":"War Paint"},{"floor":26,"key":"Omamori"}],"event_choices":[{"damage_healed":0,"gold_gain":0,"player_choice":"Entered Light","damage_taken":15,"max_hp_gain":0,"max_hp_loss":0,"event_name":"Shining Light","floor":2,"gold_loss":0,"cards_upgraded":["Strike_B","Defragment"]},{"damage_healed":18,"gold_gain":0,"player_choice":"Healed","damage_taken":0,"max_hp_gain":0,"max_hp_loss":0,"event_name":"The Cleric","floor":3,"gold_loss":35},{"damage_healed":0,"gold_gain":0,"player_choice":"Success","damage_taken":3,"relics_obtained":["Bag of Marbles"],"max_hp_gain":0,"max_hp_loss":0,"event_name":"Scrap Ooze","floor":5,"gold_loss":0},{"cards_removed":["Strike_B"],"damage_healed":0,"gold_gain":0,"player_choice":"Card Removal","damage_taken":7,"max_hp_gain":0,"max_hp_loss":0,"event_name":"Golden Wing","floor":7,"gold_loss":0},{"damage_healed":0,"gold_gain":0,"player_choice":"Ignored","damage_taken":0,"max_hp_gain":0,"max_hp_loss":0,"event_name":"Vampires","floor":19,"gold_loss":0},{"damage_healed":0,"gold_gain":0,"player_choice":"Upgrade","damage_taken":0,"max_hp_gain":0,"max_hp_loss":0,"event_name":"Designer","floor":20,"gold_loss":40,"cards_upgraded":["White Noise"]},{"damage_healed":0,"gold_gain":0,"player_choice":"Stole Relic","damage_taken":0,"relics_obtained":["Potion Belt"],"max_hp_gain":0,"max_hp_loss":0,"event_name":"Addict","floor":31,"gold_loss":0,"cards_obtained":["Shame"]},{"damage_healed":0,"gold_gain":0,"player_choice":"Took Portal","damage_taken":0,"max_hp_gain":0,"max_hp_loss":0,"event_name":"SecretPortal","floor":36,"gold_loss":0}],"is_beta":false,"boss_relics":[{"not_picked":["Empty Cage","Orrery"],"picked":"Tiny House"},{"not_picked":["Black Star","Philosopher\u0027s Stone"],"picked":"Sozu"}],"items_purged_floors":[],"is_endless":false,"potions_floor_spawned":[1,14,21,28,29],"ascension_level":0}