{"gold_per_floor":[117,117,133,133,133,133,188,232,232,263,263,25,25,46,46,46],"floor_reached":16,"playtime":614,"items_purged":["Defend_R"],"score":212,"play_id":"0e43415f-40cf-41ce-8c47-8df0e9005419","local_time":"20181124143303","is_ascension_mode":true,"campfire_choices":[{"data":"Bash","floor":6.0,"key":"SMITH"},{"floor":11,"key":"REST"},{"data":"Uppercut","floor":15,"key":"SMITH"}],"neow_cost":"PERCENT_DAMAGE","seed_source_timestamp":9319067008058,"circlet_count":0,"master_deck":["AscendersBane","Strike_R","Strike_R+1","Strike_R","Defend_R","Defend_R+1","Defend_R","Bash+1","Headbutt","Shrug It Off+1","Reaper+1","Power Through","Uppercut+1","Shrug It Off","Double Tap","Iron Wave"],"special_seed":0,"relics":["Burning Blood","Golden Idol","War Paint","Whetstone","Ginger"],"potions_floor_usage":[10,16],"damage_taken":[{"damage":13.0,"enemies":"Small Slimes","floor":1.0,"turns":5.0},{"damage":14.0,"enemies":"Jaw Worm","floor":3.0,"turns":4.0},{"damage":33.0,"enemies":"3 Sentries","floor":8.0,"turns":15.0},{"damage":53,"enemies":"Gremlin Nob","floor":10,"turns":5},{"damage":0,"enemies":"2 Louse","floor":14,"turns":3},{"damage":64,"enemies":"Hexaghost","floor":16,"turns":14}],"seed_played":"-2692082808244645967","potions_obtained":[{"floor":3.0,"key":"Block Potion"},{"floor":8.0,"key":"BloodPotion"}],"is_trial":false,"path_per_floor":["M","?","M","?","?","R","T","E","T","E","R","$","?","M","R","B"],"character_chosen":"IRONCLAD","items_purchased":["Uppercut","Shrug It Off","Energy Potion"],"campfire_rested":1,"item_purchase_floors":[12,12,12],"current_hp_per_floor":[57,57,49,42,69,69,69,42,42,8,32,32,32,48,48,0],"gold":46,"neow_bonus":"TWENTY_PERCENT_HP_BONUS","is_prod":false,"is_daily":false,"chose_seed":false,"campfire_upgraded":2,"win_rate":0,"timestamp":1543066383,"path_taken":["M","?","M","?","?","R","?","E","T","E","R","$","?","M","R","BOSS"],"build_version":"2018-11-15","purchased_purges":1,"victory":false,"max_hp_per_floor":[89,81,81,81,81,81,81,81,81,81,81,81,81,81,81,81],"card_choices":[{"not_picked":["True Grit","Clothesline"],"picked":"Headbutt","floor":1.0},{"not_picked":["Sever Soul","Havoc"],"picked":"Shrug It Off","floor":3.0},{"not_picked":["Shrug It Off","Sword Boomerang"],"picked":"Reaper","floor":8.0},{"not_picked":["Sentinel","Twin Strike"],"picked":"Power Through","floor":10},{"not_picked":["Intimidate","Infernal Blade"],"picked":"Iron Wave","floor":14}],"player_experience":822444,"relics_obtained":[{"floor":7.0,"key":"War Paint"},{"floor":8.0,"key":"Whetstone"},{"floor":10,"key":"Ginger"}],"event_choices":[{"damage_healed":0.0,"max_hp_gain":0.0,"max_hp_loss":8.0,"gold_gain":0.0,"event_name":"Golden Idol","player_choice":"Lose Max HP","floor":2.0,"gold_loss":0.0,"damage_taken":0.0,"relics_obtained":["Golden Idol"]},{"cards_removed":["Strike_R"],"damage_healed":0.0,"max_hp_gain":0.0,"max_hp_loss":0.0,"gold_gain":0.0,"event_name":"Golden Wing","player_choice":"Card Removal","floor":4.0,"gold_loss":0.0,"damage_taken":7.0},{"damage_healed":27.0,"max_hp_gain":0.0,"max_hp_loss":0.0,"gold_gain":0.0,"event_name":"Big Fish","player_choice":"Banana","floor":5.0,"gold_loss":0.0,"damage_taken":0.0},{"damage_healed":0,"gold_gain":0,"cards_transformed":["Strike_R"],"player_choice":"Transformed","damage_taken":0,"max_hp_gain":0,"max_hp_loss":0,"event_name":"Transmorgrifier","floor":13,"gold_loss":0,"cards_obtained":["Double Tap"]}],"is_beta":true,"boss_relics":[],"items_purged_floors":[12],"is_endless":false,"potions_floor_spawned":[3,8],"killed_by":"Hexaghost","ascension_level":20}