{"gold_per_floor":[114,114,138,138,148,148,164,184,209,225,241,241,267,13,13,87,87,104,104,0,15,32,32,32,32],"floor_reached":25,"playtime":1911,"items_purged":[],"score":386,"play_id":"9529c257-29d3-45c4-9665-b92337616556","local_time":"20181015231335","is_ascension_mode":true,"campfire_choices":[{"data":"Poisoned Stab","floor":6,"key":"SMITH"},{"data":"Deadly Poison","floor":12,"key":"SMITH"},{"data":"Neutralize","floor":15,"key":"SMITH"},{"floor":23,"key":"REST"}],"neow_cost":"","seed_source_timestamp":11249775434024,"circlet_count":0,"master_deck":["Defend_G","Defend_G","Defend_G","Defend_G","Defend_G","Strike_G","Strike_G","Strike_G","Survivor","Neutralize+1","AscendersBane","Poisoned Stab+1","Blur","PiercingWail","Terror","All Out Attack","Deadly Poison+1","Backflip","Well Laid Plans","Envenom","Dodge and Roll","Phantasmal Killer","Backflip","Footwork","Poisoned Stab+1"],"relics":["Ring of the Snake","Pocketwatch","Dream Catcher","Blood Vial","Odd Mushroom","Oddly Smooth Stone","Runic Dome"],"potions_floor_usage":[13,16],"damage_taken":[{"damage":7,"enemies":"Small Slimes","floor":1,"turns":6},{"damage":6,"enemies":"Jaw Worm","floor":5,"turns":5},{"damage":0,"enemies":"2 Louse","floor":7,"turns":2},{"damage":0,"enemies":"Blue Slaver","floor":8,"turns":5},{"damage":9,"enemies":"Exordium Thugs","floor":10,"turns":6},{"damage":0,"enemies":"2 Fungi Beasts","floor":11,"turns":2},{"damage":16,"enemies":"The Mushroom Lair","floor":13,"turns":3},{"damage":5,"enemies":"Hexaghost","floor":16,"turns":10},{"damage":31,"enemies":"3 Byrds","floor":18,"turns":6},{"damage":3,"enemies":"Chosen","floor":21,"turns":6},{"damage":12,"enemies":"Centurion and Healer","floor":22,"turns":7},{"damage":47,"enemies":"Gremlin Leader","floor":25,"turns":3}],"seed_played":"-4347558089814705555","potions_obtained":[{"floor":1,"key":"Poison Potion"},{"floor":8,"key":"SteroidPotion"},{"floor":18,"key":"Swift Potion"}],"is_trial":false,"path_per_floor":["M","?","T","?","M","R","M","M","T","M","M","R","?","$","R","B",null,"M","?","?","M","M","R","?"],"character_chosen":"THE_SILENT","items_purchased":["Oddly Smooth Stone","Well Laid Plans"],"campfire_rested":1,"item_purchase_floors":[14,14],"current_hp_per_floor":[52,52,52,52,46,46,46,46,46,39,41,41,27,27,27,24,56,27,27,27,26,16,35,35,0],"gold":32,"neow_bonus":"","is_prod":false,"is_daily":false,"chose_seed":false,"campfire_upgraded":3,"win_rate":0,"timestamp":1539638015,"path_taken":["M","?","?","?","M","R","M","?","T","M","M","R","?","$","R","BOSS","M","?","?","?","?","R","?","E"],"build_version":"2018-10-11","purchased_purges":0,"victory":false,"max_hp_per_floor":[66,66,66,66,66,66,66,66,66,66,66,66,66,66,66,66,66,66,66,66,66,66,66,66,66],"card_choices":[{"not_picked":["Concentrate","Setup"],"picked":"Poisoned Stab","floor":1},{"not_picked":["Outmaneuver","Backflip"],"picked":"Blur","floor":5},{"not_picked":["Deflect","Bane"],"picked":"PiercingWail","floor":7},{"not_picked":["Quick Slash","Finisher"],"picked":"Terror","floor":8},{"not_picked":["Dagger Spray","Calculated Gamble"],"picked":"All Out Attack","floor":10},{"not_picked":["Cloak And Dagger","Prepared"],"picked":"Deadly Poison","floor":11},{"not_picked":["Underhanded Strike","Concentrate"],"picked":"Backflip","floor":13},{"not_picked":["Glass Knife","Tools of the Trade"],"picked":"Envenom","floor":16},{"not_picked":["Outmaneuver","Flying Knee"],"picked":"Dodge and Roll","floor":18},{"not_picked":["Outmaneuver","Poisoned Stab","Underhanded Strike"],"picked":"SKIP","floor":21},{"not_picked":["Distraction","Concentrate"],"picked":"Footwork","floor":22},{"not_picked":["Skewer","Deadly Poison"],"picked":"Poisoned Stab+1","floor":23}],"player_experience":708027,"relics_obtained":[{"floor":3,"key":"Dream Catcher"},{"floor":9,"key":"Blood Vial"},{"floor":13,"key":"Odd Mushroom"}],"event_choices":[{"event_name":"Big Fish","player_choice":"Box","floor":2,"damage_taken":0},{"event_name":"Living Wall","player_choice":"Forget","floor":4,"damage_taken":0},{"event_name":"Mushrooms","player_choice":"Fought Mushrooms","floor":13,"damage_taken":0},{"event_name":"Drug Dealer","player_choice":"Became Test Subject","floor":19,"damage_taken":0},{"event_name":"Masked Bandits","player_choice":"Paid Fearfully","floor":20,"damage_taken":0},{"event_name":"Vampires","player_choice":"Ignored","floor":24,"damage_taken":0}],"is_beta":true,"boss_relics":[{"not_picked":["Orrery","Pandora\u0027s Box"],"picked":"Runic Dome"}],"items_purged_floors":[],"is_endless":false,"potions_floor_spawned":[1,8,11,18],"killed_by":"Gremlin Leader","ascension_level":20}