{"path_per_floor":["?","?","?","?","?","?","?","?","?","?","?","?","?","?","?","B",null,"?","?","?","?"],"character_chosen":"IRONCLAD","items_purchased":["Ice Cream","Anchor"],"gold_per_floor":[114,129,144,159,174,204,219,249,324,324,399,414,414,429,429,529,529,544,94,94,79],"floor_reached":22,"campfire_rested":2,"playtime":1026,"current_hp_per_floor":[79,80,80,70,67,37,36,20,20,20,20,23,40,43,60,49,87,35,35,19,25],"items_purged":[],"gold":79,"score":200,"play_id":"20ebafb8-524a-4453-83fb-0a57afce3667","local_time":"20180308014318","daily_mods":[{"name":"Shiny","description":"Start with 1 Rare card.","modID":"Shiny","img":{"data":{"file":{"file":{"path":"images\\ui\\run_mods\\shiny.png"},"type":"Internal"},"width":64,"height":64,"format":"RGBA8888","useMipMaps":false,"isPrepared":false},"glTarget":3553,"glHandle":682,"minFilter":"Linear","magFilter":"Linear","uWrap":"ClampToEdge","vWrap":"ClampToEdge"},"positive":true},{"name":"Uncertain Future","description":"The map shows only ?.","modID":"Uncertain Future","img":{"data":{"file":{"file":{"path":"images\\ui\\run_mods\\uncertain_future.png"},"type":"Internal"},"width":64,"height":64,"format":"RGBA8888","useMipMaps":false,"isPrepared":false},"glTarget":3553,"glHandle":679,"minFilter":"Linear","magFilter":"Linear","uWrap":"ClampToEdge","vWrap":"ClampToEdge"},"positive":false},{"name":"Night Terrors","description":"Resting at Rest Sites heals 20% of your HP, rather than 30%.","modID":"Night Terrors","img":{"data":{"file":{"file":{"path":"images\\ui\\run_mods\\night_terrors.png"},"type":"Internal"},"width":64,"height":64,"format":"RGBA8888","useMipMaps":false,"isPrepared":false},"glTarget":3553,"glHandle":678,"minFilter":"Linear","magFilter":"Linear","uWrap":"ClampToEdge","vWrap":"ClampToEdge"},"positive":false},{"name":"Vintage","description":"The Merchant\u0027s prices are increased by 25%.","modID":"Vintage","img":{"data":{"file":{"file":{"path":"images\\ui\\run_mods\\vintage.png"},"type":"Internal"},"width":64,"height":64,"format":"RGBA8888","useMipMaps":false,"isPrepared":false},"glTarget":3553,"glHandle":677,"minFilter":"Linear","magFilter":"Linear","uWrap":"ClampToEdge","vWrap":"ClampToEdge"},"positive":false}],"is_prod":false,"is_daily":true,"is_ascension_mode":false,"campfire_upgraded":0,"timestamp":1520485998,"path_taken":["?","?","?","?","?","?","?","?","?","?","?","?","?","?","?","BOSS","?","?","?","?","?"],"build_version":"2018-03-01-PROD1","purchased_purges":0,"victory":false,"master_deck":["Strike_R","Strike_R","Strike_R","Strike_R","Strike_R","Defend_R","Defend_R","Defend_R","Defend_R","Bash","Demon Form","Anger","Cleave","Shrug It Off","Anger","Berserk","Immolate","Shrug It Off","Necronomicurse"],"max_hp_per_floor":[80,80,80,80,80,87,87,87,87,87,87,87,87,87,87,87,87,87,87,87,87],"relics":["Burning Blood","Strawberry","The Courier","Toolbox","Shuriken","White Beast Statue","Ice Cream","Anchor","Necronomicon"],"card_choices":[{"not_picked":["Heavy Blade","Iron Wave"],"picked":"Anger"},{"not_picked":["Sword Boomerang","Clash"],"picked":"Cleave"},{"not_picked":["Sword Boomerang","Twin Strike"],"picked":"Shrug It Off"},{"not_picked":["Thunderclap","Pommel Strike"],"picked":"Anger"},{"not_picked":["Offering","Brutality"],"picked":"Immolate"},{"not_picked":["Clash","Infernal Blade"],"picked":"Shrug It Off"}],"player_experience":134938,"potions_floor_usage":[4,6,7,16,21,22],"damage_taken":[{"damage":7,"enemies":"2 Louse","floor":1,"turns":2},{"damage":1,"enemies":"Cultist","floor":2,"turns":3},{"damage":1,"enemies":"Jaw Worm","floor":3,"turns":5},{"damage":16,"enemies":"Exordium Wildlife","floor":4,"turns":3},{"damage":9,"enemies":"2 Fungi Beasts","floor":5,"turns":3},{"damage":43,"enemies":"Lagavulin","floor":6,"turns":7},{"damage":7,"enemies":"Blue Slaver","floor":7,"turns":4},{"damage":22,"enemies":"3 Sentries","floor":8,"turns":6},{"damage":3,"enemies":"Large Slime","floor":12,"turns":5},{"damage":3,"enemies":"2 Fungi Beasts","floor":14,"turns":4},{"damage":17,"enemies":"Slime Boss","floor":16,"turns":9},{"damage":58,"enemies":"Spheric Guardian","floor":18,"turns":8},{"damage":0,"enemies":"2 Thieves","floor":21,"turns":4},{"damage":26,"enemies":"3 Cultists","floor":22,"turns":4}],"event_choices":[{"event_name":"Match and Keep!","player_choice":"1 cards matched","floor":10,"damage_taken":0},{"event_name":"Cursed Tome","player_choice":"Obtained Book","floor":20,"damage_taken":0}],"boss_relics":[{"not_picked":["Cursed Key","Eternal Feather"],"picked":"White Beast Statue"}],"potions_floor_spawned":[2,5,6,12,18,21],"seed_played":"-8756636655409120335","killed_by":"3 Cultists","ascension_level":0,"is_trial":false}