{"path_per_floor":["M","?","$","?","$","R","M","M","T","M","M","M","M","?","R","B",null,"M","M","?","$"],"character_chosen":"THE_SILENT","items_purchased":["Venomology","Infinite Blades"],"gold_per_floor":[112,287,49,49,15,15,32,49,95,111,127,138,156,116,116,219,219,233,245,145,45],"floor_reached":22,"campfire_rested":1,"playtime":1613,"current_hp_per_floor":[66,66,66,66,66,70,69,62,62,49,39,33,21,21,65,25,70,59,24,24,24],"items_purged":["Doubt","Regret"],"gold":45,"score":178,"play_id":"2f313078-3c3c-4732-ab0b-fa324e7b0446","local_time":"20180303230154","is_prod":false,"is_daily":false,"is_ascension_mode":false,"campfire_upgraded":1,"timestamp":1520130714,"path_taken":["M","?","$","?","$","R","M","M","T","M","M","?","M","?","R","BOSS","M","?","?","?","?"],"build_version":"2018-03-01-PROD1","purchased_purges":3,"victory":false,"master_deck":["Defend_G","Defend_G","Defend_G","Defend_G","Defend_G","Strike_G","Strike_G","Strike_G","Strike_G","Strike_G","Survivor","Neutralize","Dash","Venomology","Infinite Blades+1","Accuracy","Outmaneuver","Blade Dance","Finisher","Endless Agony","Storm of Steel","Acrobatics","Slice","J.A.X."],"max_hp_per_floor":[70,70,70,70,70,70,70,70,70,70,70,70,70,70,70,70,70,70,70,70,70],"relics":["Eternal Feather","Bronze Scales","Regal Pillow","Black Star"],"card_choices":[{"not_picked":["Poisoned Stab","Masterful Stab"],"picked":"Dash"},{"not_picked":["Quick Slash","Well Laid Plans"],"picked":"Accuracy"},{"not_picked":["Leg Sweep","Sucker Punch"],"picked":"Outmaneuver"},{"not_picked":["Accuracy","Finisher"],"picked":"Blade Dance"},{"not_picked":["Riddle With Holes","Prepared"],"picked":"Finisher"},{"not_picked":["Dash","Flying Knee"],"picked":"Endless Agony"},{"not_picked":["After Image","Unload"],"picked":"Storm of Steel"},{"not_picked":["PiercingWail","Bane"],"picked":"Acrobatics"},{"not_picked":["Deflect","Deadly Poison"],"picked":"Slice"}],"player_experience":85938,"potions_floor_usage":[8,10,11,13,13,16,16,18,19],"damage_taken":[{"damage":4,"enemies":"Jaw Worm","floor":1,"turns":7},{"damage":1,"enemies":"2 Louse","floor":7,"turns":3},{"damage":10,"enemies":"Small Slimes","floor":8,"turns":4},{"damage":13,"enemies":"Exordium Wildlife","floor":10,"turns":2},{"damage":10,"enemies":"Large Slime","floor":11,"turns":5},{"damage":6,"enemies":"Blue Slaver","floor":12,"turns":4},{"damage":12,"enemies":"Gremlin Gang","floor":13,"turns":4},{"damage":40,"enemies":"Slime Boss","floor":16,"turns":10},{"damage":11,"enemies":"3 Byrds","floor":18,"turns":3},{"damage":35,"enemies":"2 Thieves","floor":19,"turns":4},{"damage":29,"enemies":"Centurion and Healer","floor":22,"turns":6}],"event_choices":[{"event_name":"Liars Game","player_choice":"agreed","floor":2,"damage_taken":0},{"event_name":"Big Fish","player_choice":"Box","floor":4,"damage_taken":0},{"event_name":"World of Goop","player_choice":"Left","floor":14,"damage_taken":0},{"event_name":"Drug Dealer","player_choice":"Got JAXXED","floor":20,"damage_taken":0}],"boss_relics":[{"not_picked":["Snecko Eye","Philosopher\u0027s Stone"],"picked":"Black Star"}],"potions_floor_spawned":[8,13,16,18],"seed_played":"7426736014121060093","killed_by":"Centurion and Healer","ascension_level":0,"is_trial":false}