{"path_per_floor":["M","M","?","?","M","R","?","R","T","R","M","?","M","M","R","B",null,"M","?","M","$","?","E","R"],"character_chosen":"IRONCLAD","items_purchased":["Mummified Hand"],"gold_per_floor":[218,235,235,410,428,428,488,488,537,537,548,548,558,569,569,666,666,676,676,686,396,396,426,426],"floor_reached":25,"campfire_rested":2,"playtime":1148,"current_hp_per_floor":[78,80,80,80,78,78,38,62,62,62,66,72,78,84,84,40,86,85,85,73,73,73,33,58],"items_purged":["Doubt"],"gold":426,"score":211,"play_id":"c6b27054-f14b-42af-b8f7-521efc5fcd0c","local_time":"20180307011802","is_prod":false,"is_daily":false,"is_ascension_mode":false,"campfire_upgraded":3,"timestamp":1520398082,"path_taken":["M","M","?","?","M","R","?","R","T","R","M","?","?","?","R","BOSS","M","?","?","$","?","E","R","E"],"build_version":"2018-03-01-PROD1","purchased_purges":1,"victory":false,"master_deck":["Strike_R","Strike_R","Strike_R","Strike_R+1","Defend_R","Defend_R","Defend_R","Defend_R","Bash","Cleave+1","Body Slam+1","Flex+1","Immolate","Regret","Metallicize+1","Barricade","Rage+1"],"max_hp_per_floor":[80,80,80,80,80,80,80,80,80,80,80,86,86,86,86,86,86,86,86,86,86,86,86,86],"relics":["Burning Blood","Darkstone Periapt","Orichalcum","Smiling Mask","Cursed Key","Mummified Hand","Whetstone"],"card_choices":[{"not_picked":["Havoc","Dual Wield"],"picked":"Cleave"},{"not_picked":["Wild Strike","Flex"],"picked":"Body Slam"},{"not_picked":["Uppercut","Thunderclap"],"picked":"Flex"},{"not_picked":["Clash","Feel No Pain"],"picked":"Immolate"},{"not_picked":["Warcry","Iron Wave"],"picked":"Metallicize"},{"not_picked":["Bludgeon","Impervious"],"picked":"Barricade"},{"not_picked":["Anger","Power Through"],"picked":"Rage"}],"player_experience":129049,"potions_floor_usage":[7,13,16,20],"damage_taken":[{"damage":8,"enemies":"Small Slimes","floor":1,"turns":3},{"damage":3,"enemies":"Jaw Worm","floor":2,"turns":4},{"damage":8,"enemies":"2 Louse","floor":5,"turns":2},{"damage":46,"enemies":"Gremlin Nob","floor":7,"turns":5},{"damage":2,"enemies":"2 Fungi Beasts","floor":11,"turns":3},{"damage":0,"enemies":"Large Slime","floor":13,"turns":4},{"damage":0,"enemies":"3 Louse","floor":14,"turns":2},{"damage":50,"enemies":"Slime Boss","floor":16,"turns":15},{"damage":7,"enemies":"Chosen","floor":18,"turns":7},{"damage":18,"enemies":"3 Byrds","floor":20,"turns":6},{"damage":46,"enemies":"Gremlin Leader","floor":23,"turns":10},{"damage":75,"enemies":"Slavers","floor":25,"turns":4}],"event_choices":[{"event_name":"Golden Wing","player_choice":"Ignored","floor":3,"damage_taken":0},{"event_name":"Liars Game","player_choice":"agreed","floor":4,"damage_taken":0},{"event_name":"Dead Adventurer","player_choice":"Searched \u00273\u0027 times","floor":7,"damage_taken":0},{"event_name":"Big Fish","player_choice":"Box","floor":12,"damage_taken":0},{"event_name":"N\u0027loth","player_choice":"Ignored","floor":19,"damage_taken":0},{"event_name":"Bonfire Elementals","player_choice":"BASIC","floor":22,"damage_taken":0}],"boss_relics":[{"not_picked":["Black Star","Tiny House"],"picked":"Cursed Key"}],"potions_floor_spawned":[2,7,11,16],"seed_played":"-5849759348378795247","killed_by":"Slavers","ascension_level":0,"is_trial":false}