{"gold_per_floor":[20,295,310,5,16,16,34,34,59,69,69,124,141,157,157,228,228,208,228,13,27,14,14],"floor_reached":23,"playtime":997,"items_purged":["Regret","Strike_B"],"score":390,"play_id":"5cb749fc-55ac-450b-86dc-158eafc2f5a1","local_time":"20190126165442","is_ascension_mode":true,"campfire_choices":[{"data":"Consume","floor":6,"key":"SMITH"},{"data":"Chaos","floor":8,"key":"SMITH"},{"data":"Hologram","floor":11,"key":"SMITH"},{"data":"Hologram","floor":15,"key":"SMITH"}],"neow_cost":"NO_GOLD","seed_source_timestamp":16896974533705,"circlet_count":0,"master_deck":["AscendersBane","Strike_B","Strike_B","Strike_B","Defend_B","Defend_B","Defend_B","Defend_B","Zap","Dualcast","Self Repair","Consume+1","Conserve Battery","Hologram+1","Chaos+1","Compile Driver","Ball Lightning","Hologram+1","Creative AI","Recycle","Steam","Defragment","Turbo"],"special_seed":0,"relics":["Cracked Core","Bird Faced Urn","Membership Card","Blood Vial","Tiny Chest","Runic Pyramid","Happy Flower","Ancient Tea Set"],"potions_floor_usage":[18,21],"damage_taken":[{"damage":9.0,"enemies":"2 Louse","floor":1.0,"turns":2.0},{"damage":6.0,"enemies":"Cultist","floor":3.0,"turns":4.0},{"damage":0,"enemies":"Small Slimes","floor":5,"turns":4},{"damage":6,"enemies":"3 Louse","floor":7,"turns":5},{"damage":1,"enemies":"Looter","floor":10,"turns":4},{"damage":25,"enemies":"Lagavulin","floor":12,"turns":9},{"damage":16,"enemies":"Exordium Wildlife","floor":13,"turns":5},{"damage":0,"enemies":"Exordium Thugs","floor":14,"turns":4},{"damage":27,"enemies":"Slime Boss","floor":16,"turns":8},{"damage":34,"enemies":"2 Thieves","floor":18,"turns":4},{"damage":20,"enemies":"Chosen","floor":19,"turns":4},{"damage":32,"enemies":"Centurion and Healer","floor":21,"turns":7},{"damage":59,"enemies":"Gremlin Leader","floor":23,"turns":3}],"seed_played":"-6409792867585007027","potions_obtained":[{"floor":5,"key":"Energy Potion"},{"floor":7,"key":"Strength Potion"},{"floor":10,"key":"Explosive Potion"},{"floor":13,"key":"FairyPotion"},{"floor":18,"key":"GamblersBrew"}],"is_trial":false,"path_per_floor":["M","?","M","$","M","R","M","R","T","M","R","E","M","M","R","B",null,"M","M","$","M","$","E"],"character_chosen":"DEFECT","items_purchased":["Membership Card","Conserve Battery","Hologram","Happy Flower","Ancient Tea Set","Turbo"],"campfire_rested":0,"item_purchase_floors":[4,4,4,20,20,22],"current_hp_per_floor":[55,55,58,58,67,67,70,70,70,71,71,53,48,59,59,43,64,43,34,34,23,23,0],"gold":14,"neow_bonus":"ONE_RARE_RELIC","is_prod":false,"is_daily":false,"chose_seed":false,"campfire_upgraded":4,"win_rate":0,"timestamp":1548518082,"path_taken":["M","?","M","$","M","R","M","R","T","M","R","E","M","M","R","BOSS","M","?","$","?","?","E"],"build_version":"2019-01-23","purchased_purges":2,"victory":false,"max_hp_per_floor":[71,71,71,71,71,71,71,71,71,71,71,71,71,71,71,71,71,71,71,71,71,71,71],"card_choices":[{"not_picked":["Sweeping Beam","Rebound"],"picked":"Self Repair","floor":1.0},{"not_picked":["Capacitor","Turbo"],"picked":"Consume","floor":3.0},{"not_picked":["Double Energy","Leap","Steam Power"],"picked":"SKIP","floor":5},{"not_picked":["Hologram","Storm"],"picked":"Chaos","floor":7},{"not_picked":["Leap","Conserve Battery"],"picked":"Compile Driver","floor":10},{"not_picked":["Darkness","Streamline"],"picked":"Ball Lightning","floor":12},{"not_picked":["Rebound","Melter"],"picked":"Hologram","floor":13},{"not_picked":["Biased Cognition","Stack","Fusion"],"picked":"SKIP","floor":14},{"not_picked":["Fission","Seek"],"picked":"Creative AI","floor":16},{"not_picked":["Gash","Streamline"],"picked":"Recycle","floor":18},{"not_picked":["Aggregate","Loop"],"picked":"Steam","floor":19},{"not_picked":["Genetic Algorithm+1","Barrage"],"picked":"Defragment","floor":21}],"player_experience":922906,"relics_obtained":[{"floor":9,"key":"Blood Vial"},{"floor":12,"key":"Tiny Chest"}],"event_choices":[{"damage_healed":0.0,"max_hp_gain":0.0,"max_hp_loss":0.0,"gold_gain":275.0,"event_name":"Golden Shrine","player_choice":"Desecrate","floor":2.0,"gold_loss":0.0,"damage_taken":0.0,"cards_obtained":["Regret"]}],"is_beta":true,"boss_relics":[{"not_picked":["Pandora\u0027s Box","Calling Bell"],"picked":"Runic Pyramid"}],"items_purged_floors":[4,20],"is_endless":false,"potions_floor_spawned":[5,7,10,13,14,18],"killed_by":"Gremlin Leader","ascension_level":20}