{"path_per_floor":["M","$","M","$","?","E","?","?","T","R","M","M","M","?","R","B",null,"M","?","M","?","$","R","?","R","T","E","R","$","?","E","R","B",null,"M","?","M","$","M","R","M","E","T","M","R","M","R","M","R","B"],"character_chosen":"THE_SILENT","items_purchased":["Infinite Blades","Backstab","Jack Of All Trades","Accuracy"],"gold_per_floor":[114,36,51,51,51,81,81,156,156,156,171,186,201,201,201,301,301,316,316,331,331,175,175,90,90,90,120,120,26,26,56,56,156,156,171,171,186,5,20,20,35,65,65,80,80,95,95,110,110,110],"floor_reached":51,"campfire_rested":6,"playtime":2598,"current_hp_per_floor":[69,69,69,69,69,55,41,30,36,58,58,63,53,78,78,62,88,68,58,38,19,19,47,47,75,81,68,98,98,98,85,85,70,126,111,111,101,101,82,120,102,84,90,78,122,122,122,120,120,33],"items_purged":["Parasite","Normality"],"gold":110,"score":888,"play_id":"3c5feaba-a04e-4afc-b1e7-84b1fa155188","local_time":"20180325183928","daily_mods":["Heirloom","Cursed Run","Elite Swarm"],"is_prod":false,"is_daily":true,"is_ascension_mode":false,"campfire_upgraded":4,"timestamp":1522012168,"path_taken":["M","$","M","$","?","E","?","?","T","R","M","?","M","?","R","BOSS","M","?","M","?","$","R","?","R","T","E","R","$","?","E","R","BOSS","M","?","M","$","M","R","M","E","T","M","R","?","R","M","R","BOSS"],"build_version":"2018-03-22v2","purchased_purges":2,"victory":true,"master_deck":["Defend_G","Defend_G+1","Defend_G","Defend_G","Defend_G","Strike_G+1","Strike_G","Strike_G","Strike_G","Strike_G","Survivor","Neutralize","Infinite Blades","Expertise","Envenom+1","Sucker Punch","Dagger Spray+1","Backflip","Injury","Venomology","Accuracy","Necronomicurse","Prepared+1","Backstab+1","Injury","Storm of Steel+1","Jack Of All Trades","Doppelganger","Writhe","Doubt","Pain","Dash","PiercingWail+1","Accuracy","Burst+1","Decay","Expertise+1","Decay"],"max_hp_per_floor":[70,70,70,70,70,70,70,70,76,76,76,76,76,82,82,88,88,88,94,94,99,96,96,96,96,102,102,102,102,102,102,102,108,126,126,126,126,126,128,128,130,140,146,148,148,148,148,150,150,156],"relics":["Cursed Key","Darkstone Periapt","Du-Vu Doll","Girya","Dead Branch","Bronze Scales","Lizard Tail","Necronomicon","Dodecahedron","Shovel","Orichalcum","Vajra","Calling Bell","Toxic Egg 2","Oddly Smooth Stone","Singing Bowl","Pear","Bird Faced Urn"],"card_choices":[{"not_picked":["Acrobatics","Choke"],"picked":"Expertise","floor":3},{"not_picked":["Corpse Explosion","After Image"],"picked":"Envenom","floor":6},{"not_picked":["Concentrate","Quick Slash"],"picked":"Sucker Punch","floor":11},{"not_picked":["Underhanded Strike","Flying Knee"],"picked":"Dagger Spray","floor":12},{"not_picked":["Quick Slash","Predator"],"picked":"Backflip","floor":13},{"not_picked":["Burst","After Image"],"picked":"Venomology","floor":16},{"not_picked":["Skewer","Bane"],"picked":"Accuracy","floor":18},{"not_picked":["Leg Sweep","Deadly Poison"],"picked":"Prepared","floor":20},{"not_picked":["Corpse Explosion","Tools of the Trade"],"picked":"Storm of Steel","floor":27},{"not_picked":["Tools of the Trade","Night Terror"],"picked":"Doppelganger","floor":31},{"not_picked":["Underhanded Strike","Bane"],"picked":"Dash","floor":35},{"not_picked":["Bane","Choke"],"picked":"PiercingWail","floor":37},{"not_picked":["Die Die Die","A Thousand Cuts"],"picked":"Burst","floor":42},{"not_picked":["Blade Dance","Malaise"],"picked":"Expertise","floor":46}],"player_experience":235652,"potions_floor_usage":[12,16,18,27,27,27,31,31,31,31,35,37,41,48,50,50,50],"damage_taken":[{"damage":1,"enemies":"Jaw Worm","floor":1,"turns":5},{"damage":0,"enemies":"Cultist","floor":3,"turns":4},{"damage":14,"enemies":"3 Sentries","floor":6,"turns":9},{"damage":0,"enemies":"2 Louse","floor":11,"turns":3},{"damage":4,"enemies":"Blue Slaver","floor":12,"turns":4},{"damage":10,"enemies":"3 Louse","floor":13,"turns":2},{"damage":22,"enemies":"Slime Boss","floor":16,"turns":4},{"damage":23,"enemies":"Spheric Guardian","floor":18,"turns":6},{"damage":20,"enemies":"3 Byrds","floor":20,"turns":3},{"damage":19,"enemies":"Book of Stabbing","floor":27,"turns":5},{"damage":13,"enemies":"Slavers","floor":31,"turns":6},{"damage":21,"enemies":"Collector","floor":33,"turns":5},{"damage":15,"enemies":"Orb Walker","floor":35,"turns":3},{"damage":10,"enemies":"3 Darklings","floor":37,"turns":4},{"damage":21,"enemies":"4 Shapes","floor":39,"turns":4},{"damage":32,"enemies":"Maw","floor":41,"turns":7},{"damage":28,"enemies":"2 Orb Walkers","floor":42,"turns":3},{"damage":18,"enemies":"Sphere and 2 Shapes","floor":44,"turns":6},{"damage":0,"enemies":"4 Shapes","floor":46,"turns":2},{"damage":16,"enemies":"Maw","floor":48,"turns":6},{"damage":178,"enemies":"Awakened One","floor":50,"turns":11}],"event_choices":[{"event_name":"Purifier","player_choice":"Skipped","floor":5,"damage_taken":0},{"event_name":"Shining Light","player_choice":"Entered Light","floor":7,"damage_taken":0},{"event_name":"World of Goop","player_choice":"Gather Gold","floor":8,"damage_taken":0},{"event_name":"Mushrooms","player_choice":"Healed and dodged fight","floor":14,"damage_taken":0},{"event_name":"Cursed Tome","player_choice":"Obtained Book","floor":19,"damage_taken":0},{"event_name":"Forgotten Altar","player_choice":"Shed Blood","floor":21,"damage_taken":0},{"event_name":"Addict","player_choice":"Obtained Relic","floor":24,"damage_taken":0},{"event_name":"Purifier","player_choice":"One Purge","floor":30,"damage_taken":0},{"event_name":"Mysterious Sphere","player_choice":"Ignore","floor":36,"damage_taken":0}],"boss_relics":[{"not_picked":["Eternal Feather","White Beast Statue"],"picked":"Lizard Tail"},{"not_picked":["Pandora\u0027s Box","Runic Dome"],"picked":"Calling Bell"}],"potions_floor_spawned":[1,11,13,20,27,39,42,46],"seed_played":"-458385073084776932","ascension_level":0,"is_trial":false}