{"gold_per_floor":[214,214,214,224,174,192,212,246,246,145,145,155,230,241,241,241],"floor_reached":16,"playtime":493,"items_purged":["Defend_B"],"score":143,"play_id":"5d6dd3cf-ad12-4562-a86f-ddfdb2afac1f","local_time":"20190119153923","is_ascension_mode":true,"campfire_choices":[{"floor":15,"key":"REST"}],"neow_cost":"NONE","seed_source_timestamp":468014927670507,"circlet_count":0,"master_deck":["Strike_B","Strike_B","Strike_B","Defend_B","Defend_B","Defend_B","Zap","Dualcast+1","Sweeping Beam","Ball Lightning","Auto Shields","Leap","Leap","Seek","Zap","Panacea","Coolheaded","Hologram"],"special_seed":0,"relics":["Cracked Core","Dream Catcher","Bottled Lightning"],"potions_floor_usage":[14],"damage_taken":[{"damage":5.0,"enemies":"Small Slimes","floor":1.0,"turns":4.0},{"damage":0.0,"enemies":"Cultist","floor":4.0,"turns":3.0},{"damage":2.0,"enemies":"Jaw Worm","floor":6.0,"turns":3.0},{"damage":8.0,"enemies":"Large Slime","floor":7.0,"turns":5.0},{"damage":29.0,"enemies":"Gremlin Nob","floor":8.0,"turns":4.0},{"damage":9,"enemies":"Red Slaver","floor":12,"turns":3},{"damage":4,"enemies":"Exordium Wildlife","floor":14,"turns":5},{"damage":43,"enemies":"Slime Boss","floor":16,"turns":7}],"seed_played":"-8527219644010032002","potions_obtained":[{"floor":4.0,"key":"FairyPotion"},{"floor":6.0,"key":"EssenceOfSteel"},{"floor":7.0,"key":"Regen Potion"}],"is_trial":false,"path_per_floor":["M","?","?","M","?","M","M","E","T","$","?","M","?","M","R","B"],"character_chosen":"DEFECT","items_purchased":["Leap"],"campfire_rested":1,"item_purchase_floors":[10],"current_hp_per_floor":[63,63,63,63,63,61,53,24,24,24,24,15,4,14,36,0],"gold":241,"neow_bonus":"HUNDRED_GOLD","is_prod":false,"is_daily":false,"chose_seed":false,"campfire_upgraded":0,"win_rate":0,"timestamp":1547930363,"path_taken":["M","?","?","M","?","M","M","E","T","$","?","?","?","M","R","BOSS"],"build_version":"2019-01-17v2","purchased_purges":1,"victory":false,"max_hp_per_floor":[75,75,75,75,75,75,75,75,75,75,75,75,75,75,75,75],"card_choices":[{"not_picked":["Compile Driver","Go for the Eyes"],"picked":"Sweeping Beam","floor":1.0},{"not_picked":["Tempest","Steam Power","Scrape"],"picked":"SKIP","floor":4.0},{"not_picked":["Turbo","Streamline"],"picked":"Ball Lightning","floor":6.0},{"not_picked":["Lockon","Streamline"],"picked":"Auto Shields","floor":7.0},{"not_picked":["Chill","Hyperbeam"],"picked":"Leap","floor":8.0},{"not_picked":["Turbo","Chaos"],"picked":"Coolheaded","floor":12},{"not_picked":["Gash","Go for the Eyes"],"picked":"Hologram","floor":14}],"player_experience":432227,"relics_obtained":[{"floor":8.0,"key":"Dream Catcher"},{"floor":9.0,"key":"Bottled Lightning"}],"event_choices":[{"damage_healed":0.0,"max_hp_gain":0.0,"max_hp_loss":0.0,"gold_gain":0.0,"event_name":"Living Wall","player_choice":"Grow","floor":2.0,"gold_loss":0.0,"damage_taken":0.0,"cards_upgraded":["Dualcast"]},{"damage_healed":0.0,"max_hp_gain":0.0,"max_hp_loss":0.0,"gold_gain":0.0,"event_name":"Liars Game","player_choice":"Ignored","floor":3.0,"gold_loss":0.0,"damage_taken":0.0},{"cards_removed":["Strike_B"],"damage_healed":0.0,"max_hp_gain":0.0,"max_hp_loss":0.0,"gold_gain":0.0,"event_name":"The Cleric","player_choice":"Card Removal","floor":5.0,"gold_loss":50.0,"damage_taken":0.0},{"damage_healed":0,"gold_gain":0,"player_choice":"3 cards matched","damage_taken":0,"max_hp_gain":0,"max_hp_loss":0,"event_name":"Match and Keep!","floor":11,"gold_loss":0,"cards_obtained":["Seek","Zap","Panacea"]},{"damage_healed":0,"gold_gain":75,"player_choice":"Gather Gold","damage_taken":11,"max_hp_gain":0,"max_hp_loss":0,"event_name":"World of Goop","floor":13,"gold_loss":0}],"is_beta":false,"boss_relics":[],"items_purged_floors":[10],"is_endless":false,"potions_floor_spawned":[4,6,7,12],"killed_by":"Slime Boss","ascension_level":8}