{"path_per_floor":["M","M","$","M","M","R","M","?","T","R","M","$","M","M","R","B",null,"M","?","M","M","M","R","?","R","T","M","M","M","?","M","R","B",null,"M","$","?","$","T","R","E","R","T","R","M","$","M","$","R"],"character_chosen":"IRONCLAD","items_purchased":["Inflame","Cleave","Shuriken","Tiny Chest"],"gold_per_floor":[117,129,3,16,36,36,51,81,81,81,94,94,84,104,104,207,207,221,221,238,253,270,270,270,270,295,314,324,342,342,358,358,458,458,468,86,0,0,0,0,33,33,79,79,94,94,107,32,32,32],"floor_reached":50,"campfire_rested":5,"playtime":3066,"current_hp_per_floor":[80,80,80,80,80,80,79,80,80,80,80,80,70,72,72,53,80,80,80,54,32,31,55,39,65,65,41,41,34,34,25,53,14,97,74,74,74,74,74,97,94,94,94,94,57,57,49,49,78,0],"items_purged":["Sentinel"],"gold":32,"score":540,"play_id":"1b0b6d5d-fe5e-4c57-bb47-67f9e1f0f79e","local_time":"20180414042814","is_prod":false,"is_daily":false,"chose_seed":false,"is_ascension_mode":true,"campfire_upgraded":5,"timestamp":1523689094,"path_taken":["M","M","$","M","M","R","M","?","T","R","M","$","M","?","R","BOSS","M","?","?","M","M","R","?","R","T","M","?","M","?","M","R","BOSS","M","$","?","$","?","R","E","R","T","R","?","?","M","$","R","BOSS"],"build_version":"2018-04-12","seed_source_timestamp":185815698100178,"purchased_purges":1,"victory":false,"master_deck":["Strike_R+1","Strike_R+1","Strike_R+1","Strike_R+1","Strike_R+1","Defend_R+1","Defend_R+1","Defend_R+1","Defend_R+1","Bash","Flame Barrier+1","Blood for Blood","Inflame+1","Cleave","Flex+1","Whirlwind","Battle Trance","Feed+1","Exhume","Ghostly Armor","Heavy Blade","Pommel Strike+1","Shrug It Off","Flex+1","Evolve+1","Spot Weakness+1","Limit Break+1","Impervious","Rage+1","Iron Wave+1","Seeing Red","Entrench+1","Dual Wield+1"],"max_hp_per_floor":[80,80,80,80,80,80,80,80,80,80,80,80,80,80,80,80,80,80,80,83,83,83,83,88,88,88,88,91,94,94,94,94,97,97,97,97,97,97,97,97,97,97,97,97,97,97,97,97,97,97],"relics":["Burning Blood","Odd Mushroom","Frozen Egg 2","Mark of Pain","Dream Catcher","Runic Cube","Shuriken","Tiny Chest","Red Mask","Art of War","Matryoshka","Mercury Hourglass","Pen Nib"],"card_choices":[{"not_picked":["Pommel Strike","Dual Wield"],"picked":"Flame Barrier","floor":0},{"not_picked":["Havoc","Hemokinesis"],"picked":"Blood for Blood","floor":1},{"not_picked":["Headbutt","Sword Boomerang"],"picked":"Flex","floor":4},{"not_picked":["Havoc","Anger"],"picked":"Sentinel","floor":5},{"not_picked":["Iron Wave","Heavy Blade"],"picked":"Whirlwind","floor":7},{"not_picked":["Fire Breathing","Anger"],"picked":"Battle Trance","floor":8},{"not_picked":["Armaments","Perfected Strike"],"picked":"Feed","floor":14},{"not_picked":["Offering","Immolate"],"picked":"Exhume","floor":16},{"not_picked":["Seeing Red","Clash"],"picked":"Ghostly Armor","floor":18},{"not_picked":["Body Slam","Anger"],"picked":"Heavy Blade","floor":20},{"not_picked":["Perfected Strike","Heavy Blade"],"picked":"Pommel Strike","floor":21},{"not_picked":["Sword Boomerang","Pommel Strike"],"picked":"Shrug It Off","floor":22},{"not_picked":["Rupture","Cleave"],"picked":"Flex","floor":27},{"not_picked":["Rupture","Flex"],"picked":"Evolve","floor":28},{"not_picked":["Searing Blow","Uppercut"],"picked":"Spot Weakness","floor":31},{"not_picked":["Cleave","True Grit"],"picked":"Limit Break","floor":32},{"not_picked":["Dark Embrace","Feed"],"picked":"Impervious","floor":33},{"not_picked":["Cleave","Headbutt"],"picked":"Rage","floor":35},{"not_picked":["Sword Boomerang","Reckless Charge"],"picked":"Iron Wave","floor":40},{"not_picked":["Dropkick","Hemokinesis"],"picked":"Seeing Red","floor":41},{"not_picked":["Clash","Iron Wave"],"picked":"Entrench","floor":45},{"not_picked":["Metallicize","Rage"],"picked":"Dual Wield","floor":47}],"player_experience":332661,"potions_floor_usage":[13,13,14,18,22,29,33,47],"damage_taken":[{"damage":1,"enemies":"2 Louse","floor":1,"turns":3},{"damage":6,"enemies":"Jaw Worm","floor":2,"turns":4},{"damage":6,"enemies":"Cultist","floor":4,"turns":3},{"damage":4,"enemies":"Red Slaver","floor":5,"turns":4},{"damage":7,"enemies":"Looter","floor":7,"turns":3},{"damage":2,"enemies":"The Mushroom Lair","floor":8,"turns":3},{"damage":0,"enemies":"Large Slime","floor":11,"turns":4},{"damage":16,"enemies":"Exordium Thugs","floor":13,"turns":4},{"damage":4,"enemies":"Red Slaver","floor":14,"turns":4},{"damage":25,"enemies":"Slime Boss","floor":16,"turns":10},{"damage":6,"enemies":"3 Byrds","floor":18,"turns":4},{"damage":35,"enemies":"Chosen","floor":20,"turns":7},{"damage":28,"enemies":"Centurion and Healer","floor":21,"turns":6},{"damage":7,"enemies":"Snecko","floor":22,"turns":5},{"damage":30,"enemies":"Sentry and Sphere","floor":27,"turns":4},{"damage":9,"enemies":"Centurion and Healer","floor":28,"turns":3},{"damage":16,"enemies":"3 Cultists","floor":29,"turns":4},{"damage":15,"enemies":"Snake Plant","floor":31,"turns":4},{"damage":48,"enemies":"Collector","floor":33,"turns":10},{"damage":29,"enemies":"Orb Walker","floor":35,"turns":5},{"damage":9,"enemies":"Nemesis","floor":41,"turns":9},{"damage":43,"enemies":"3 Darklings","floor":45,"turns":5},{"damage":14,"enemies":"4 Shapes","floor":47,"turns":5},{"damage":80,"enemies":"Awakened One","floor":50,"turns":6}],"event_choices":[{"event_name":"Mushrooms","player_choice":"Fought Mushrooms","floor":8,"damage_taken":0},{"event_name":"Ghosts","player_choice":"Ignored","floor":19,"damage_taken":0},{"event_name":"Forgotten Altar","player_choice":"Shed Blood","floor":24,"damage_taken":0},{"event_name":"Back to Basics","player_choice":"Simplicity","floor":30,"damage_taken":0},{"event_name":"Tomb of Lord Red Mask","player_choice":"Paid","floor":37,"damage_taken":0}],"boss_relics":[{"not_picked":["Black Star","Lizard Tail"],"picked":"Mark of Pain"},{"not_picked":["Snecko Eye","Philosopher\u0027s Stone"],"picked":"Runic Cube"}],"potions_floor_spawned":[2,5,8,16,21,27,31,45],"seed_played":"-4720778102980692439","killed_by":"Awakened One","ascension_level":2,"is_trial":false}