{"gold_per_floor":[115,115,14,31,46,46,76,76,76,111,111,127,127,139,139,218,218,233,333,333,348,348,348,359,359,359,371,371,261,261,280,280,280],"floor_reached":33,"playtime":1223,"items_purged":[],"score":635,"play_id":"b6d5de44-19ab-4297-8934-7a4c05740b68","local_time":"20190126155656","is_ascension_mode":true,"campfire_choices":[{"data":"Iron Wave","floor":6,"key":"SMITH"},{"data":"Anger","floor":11,"key":"SMITH"},{"data":"True Grit","floor":13,"key":"SMITH"},{"data":"Infernal Blade","floor":15,"key":"SMITH"},{"data":"Limit Break","floor":23,"key":"SMITH"},{"data":"Clothesline","floor":25,"key":"SMITH"},{"data":"Bash","floor":30,"key":"SMITH"},{"floor":32,"key":"REST"}],"neow_cost":"NONE","seed_source_timestamp":13220598801800,"circlet_count":0,"master_deck":["AscendersBane","Defend_R","Defend_R","Defend_R","Defend_R+1","Bash+1","Clothesline+1","Infernal Blade+1","Anger+1","Inflame","Iron Wave+1","True Grit+1","Offering","True Grit+1","Cleave","Limit Break+1","Shrug It Off","Cleave+1","Bite","Bite","Bite","Bite","Bite","Spot Weakness","Uppercut+1","Iron Wave"],"relics":["Burning Blood","GremlinMask","Pear","Oddly Smooth Stone","Bag of Marbles","Cursed Key","Magic Flower","Matryoshka","MutagenicStrength"],"potions_floor_usage":[7,16,19,19,33,33],"damage_taken":[{"damage":21,"enemies":"Small Slimes","floor":1,"turns":6},{"damage":4,"enemies":"Cultist","floor":4,"turns":3},{"damage":7,"enemies":"Jaw Worm","floor":5,"turns":4},{"damage":10,"enemies":"Gremlin Nob","floor":7,"turns":3},{"damage":24,"enemies":"3 Sentries","floor":10,"turns":10},{"damage":14,"enemies":"Large Slime","floor":12,"turns":4},{"damage":10,"enemies":"Exordium Wildlife","floor":14,"turns":3},{"damage":6,"enemies":"Slime Boss","floor":16,"turns":4},{"damage":28,"enemies":"2 Thieves","floor":18,"turns":4},{"damage":15,"enemies":"Colosseum Slavers","floor":19,"turns":5},{"damage":6,"enemies":"Colosseum Nobs","floor":19,"turns":5},{"damage":6,"enemies":"Chosen","floor":21,"turns":3},{"damage":14,"enemies":"Centurion and Healer","floor":24,"turns":6},{"damage":33,"enemies":"Snake Plant","floor":27,"turns":5},{"damage":40,"enemies":"Shelled Parasite and Fungi","floor":31,"turns":4},{"damage":88,"enemies":"Collector","floor":33,"turns":7}],"seed_played":"-3792477721627900181","potions_obtained":[{"floor":5,"key":"FearPotion"},{"floor":7,"key":"Weak Potion"},{"floor":12,"key":"AttackPotion"},{"floor":18,"key":"Swift Potion"},{"floor":27,"key":"Swift Potion"},{"floor":31,"key":"Strength Potion"}],"is_trial":false,"path_per_floor":["M","?","$","M","M","R","E","?","T","E","R","M","R","M","R","B",null,"M","?","?","M","?","R","M","R","T","M","?","?","R","M","R","B"],"character_chosen":"IRONCLAD","items_purchased":["Infernal Blade","Anger"],"campfire_rested":1,"item_purchase_floors":[3,3],"current_hp_per_floor":[60,60,60,62,61,61,67,67,67,49,49,41,41,37,37,37,78,56,47,47,59,59,59,62,62,62,47,47,47,47,22,41,0],"gold":280,"neow_bonus":"TEN_PERCENT_HP_BONUS","is_prod":false,"is_daily":false,"chose_seed":false,"campfire_upgraded":7,"win_rate":0,"timestamp":1548514616,"path_taken":["M","?","?","M","M","R","E","?","T","E","R","M","R","M","R","BOSS","M","?","?","M","?","R","M","R","T","?","?","?","R","M","R","BOSS"],"build_version":"2019-01-23","purchased_purges":0,"victory":false,"max_hp_per_floor":[82,82,82,82,82,82,92,92,92,92,92,92,92,92,92,92,92,92,92,64,64,64,64,64,64,64,64,64,64,64,64,64,64],"card_choices":[{"not_picked":["Wild Strike","Sever Soul"],"picked":"Clothesline","floor":1},{"not_picked":["Searing Blow","Power Through"],"picked":"Inflame","floor":4},{"not_picked":["Armaments","Cleave"],"picked":"Iron Wave","floor":5},{"not_picked":["Pommel Strike","Anger"],"picked":"True Grit","floor":7},{"not_picked":["Wild Strike","Sword Boomerang"],"picked":"Offering","floor":10},{"not_picked":["Anger","Headbutt"],"picked":"True Grit","floor":12},{"not_picked":["Armaments","True Grit"],"picked":"Cleave","floor":14},{"not_picked":["Immolate","Double Tap"],"picked":"Limit Break","floor":16},{"not_picked":["Twin Strike","Wild Strike"],"picked":"Shrug It Off","floor":18},{"not_picked":["Clash","Ghostly Armor"],"picked":"Cleave+1","floor":19},{"not_picked":["Brutality","Dual Wield"],"picked":"Spot Weakness","floor":21},{"not_picked":["Searing Blow","Headbutt"],"picked":"Uppercut+1","floor":24},{"not_picked":["Clash+1","Reckless Charge"],"picked":"Iron Wave","floor":27},{"not_picked":["Perfected Strike","Havoc","Body Slam"],"picked":"SKIP","floor":31}],"player_experience":920512,"relics_obtained":[{"floor":7,"key":"Pear"},{"floor":9,"key":"Oddly Smooth Stone"},{"floor":10,"key":"Bag of Marbles"},{"floor":19,"key":"Magic Flower"},{"floor":26,"key":"Matryoshka"}],"event_choices":[{"damage_healed":0,"gold_gain":0,"player_choice":"Trade","damage_taken":0,"relics_obtained":["GremlinMask"],"max_hp_gain":0,"max_hp_loss":0,"event_name":"FaceTrader","floor":2,"gold_loss":0},{"damage_healed":0,"gold_gain":0,"player_choice":"Grow","damage_taken":0,"max_hp_gain":0,"max_hp_loss":0,"event_name":"Living Wall","floor":8,"gold_loss":0,"cards_upgraded":["True Grit"]},{"damage_healed":0,"gold_gain":0,"player_choice":"Fight","damage_taken":0,"max_hp_gain":0,"max_hp_loss":0,"event_name":"Colosseum","floor":19,"gold_loss":0},{"damage_healed":0,"gold_gain":0,"player_choice":"Fought Nobs","damage_taken":0,"max_hp_gain":0,"max_hp_loss":0,"event_name":"Colosseum","floor":19,"gold_loss":0},{"damage_healed":0,"gold_gain":0,"player_choice":"Became a vampire","damage_taken":0,"max_hp_gain":0,"max_hp_loss":28,"event_name":"Vampires","floor":20,"gold_loss":0,"cards_obtained":["Bite","Bite","Bite","Bite","Bite"]},{"damage_healed":0,"gold_gain":0,"player_choice":"Ignored","damage_taken":0,"max_hp_gain":0,"max_hp_loss":0,"event_name":"Ghosts","floor":22,"gold_loss":0},{"damage_healed":0,"gold_gain":0,"player_choice":"Inject Mutagens","damage_taken":0,"relics_obtained":["MutagenicStrength"],"max_hp_gain":0,"max_hp_loss":0,"event_name":"Drug Dealer","floor":28,"gold_loss":0},{"cards_removed":["Injury"],"damage_healed":0,"gold_gain":0,"player_choice":"Upgrade and Remove","damage_taken":0,"max_hp_gain":0,"max_hp_loss":0,"event_name":"Designer","floor":29,"gold_loss":110,"cards_upgraded":["Defend_R"]}],"is_beta":true,"boss_relics":[{"not_picked":["Astrolabe","Runic Pyramid"],"picked":"Cursed Key"}],"items_purged_floors":[],"is_endless":false,"potions_floor_spawned":[5,7,12,18,27,31],"killed_by":"Collector","ascension_level":20}