{"gold_per_floor":[119,69,79,90,90,119,119,153,153,153,165,180,180,193,193,296,296,309,19,19,0,13,13,27,27,53,64,77,0,100,111,111,207,207,220,220,4,15,27,27,27,47,47,62],"floor_reached":44,"playtime":1159,"items_purged":[],"score":424,"play_id":"83da6d01-3390-4a04-8084-ca13985f100c","local_time":"20190206002140","is_ascension_mode":false,"campfire_choices":[{"data":"Bash","floor":7.0,"key":"SMITH"},{"data":"Flame Barrier","floor":10.0,"key":"SMITH"},{"data":"Flex","floor":13.0,"key":"SMITH"},{"data":"Pommel Strike","floor":15.0,"key":"SMITH"},{"data":"Strike_R","floor":23,"key":"PURGE"},{"data":"Strike_R","floor":25,"key":"PURGE"},{"floor":32,"key":"DIG"},{"floor":40,"key":"DIG"}],"neow_cost":"TEN_PERCENT_HP_LOSS","seed_source_timestamp":0,"circlet_count":0,"master_deck":["Strike_R","Strike_R","Strike_R","Defend_R","Defend_R","Bash+1","Clash","Pommel Strike+1","Pommel Strike","Headbutt","Flame Barrier+1","Flex+1","Battle Trance","Cleave","Impervious","Uppercut","Thunderclap+1","Inflame","Armaments+1","Battle Trance","Infernal Blade+1","Dual Wield+1","Exhume+1","Havoc+1","Rage+1","Impervious+1","Rage+1","Iron Wave+1","Limit Break+1"],"special_seed":0,"relics":["Burning Blood","FossilizedHelix","Paper Frog","Nunchaku","Peace Pipe","Fusion Hammer","Chemical X","Anchor","Pen Nib","Shovel","Toxic Egg 2","Mango","Philosopher\u0027s Stone","Bottled Lightning","Question Card"],"potions_floor_usage":[33],"damage_taken":[{"damage":0.0,"enemies":"Small Slimes","floor":1.0,"turns":3.0},{"damage":0.0,"enemies":"Jaw Worm","floor":3.0,"turns":2.0},{"damage":0.0,"enemies":"Cultist","floor":4.0,"turns":3.0},{"damage":3.0,"enemies":"Gremlin Nob","floor":6.0,"turns":4.0},{"damage":13.0,"enemies":"Lagavulin","floor":8.0,"turns":5.0},{"damage":5.0,"enemies":"Lots of Slimes","floor":11.0,"turns":4.0},{"damage":0.0,"enemies":"3 Louse","floor":12.0,"turns":2.0},{"damage":0.0,"enemies":"2 Fungi Beasts","floor":14.0,"turns":3.0},{"damage":73.0,"enemies":"Hexaghost","floor":16.0,"turns":8.0},{"damage":9,"enemies":"3 Byrds","floor":18,"turns":4},{"damage":0,"enemies":"Spheric Guardian","floor":22,"turns":3},{"damage":0,"enemies":"Chosen and Byrds","floor":24,"turns":4},{"damage":0,"enemies":"Snecko","floor":27,"turns":3},{"damage":0,"enemies":"Centurion and Healer","floor":28,"turns":2},{"damage":0,"enemies":"Colosseum Slavers","floor":30,"turns":2},{"damage":0,"enemies":"Colosseum Nobs","floor":30,"turns":3},{"damage":0,"enemies":"Sentry and Sphere","floor":31,"turns":3},{"damage":21,"enemies":"Collector","floor":33,"turns":4},{"damage":0,"enemies":"Orb Walker","floor":35,"turns":2},{"damage":0,"enemies":"3 Shapes","floor":38,"turns":2},{"damage":29,"enemies":"Sphere and 2 Shapes","floor":39,"turns":4},{"damage":0,"enemies":"Jaw Worm Horde","floor":42,"turns":4},{"damage":44,"enemies":"Spire Growth","floor":44,"turns":4}],"seed_played":"-5308639810023288458","potions_obtained":[{"floor":3.0,"key":"Regen Potion"},{"floor":6.0,"key":"SpeedPotion"},{"floor":11.0,"key":"AttackPotion"},{"floor":16.0,"key":"SpeedPotion"},{"floor":27,"key":"EntropicBrew"},{"floor":28,"key":"Weak Potion"},{"floor":31,"key":"FairyPotion"},{"floor":33,"key":"Poison Potion"},{"floor":35,"key":"PowerPotion"}],"is_trial":false,"path_per_floor":["M","?","M","M","?","E","R","E","T","R","M","M","R","M","R","B",null,"M","$","?","?","M","R","M","R","T","M","M","$","?","M","R","B",null,"M","?","$","M","M","R","?","M","T","M"],"character_chosen":"IRONCLAD","items_purchased":["Chemical X","Uppercut","Battle Trance","Rage+1","Impervious+1"],"campfire_rested":0,"item_purchase_floors":[19,19,29,37,37],"current_hp_per_floor":[72,72,72,72,72,72,72,65,65,65,66,72,72,72,72,10,72,69,69,69,69,72,72,72,72,72,72,72,72,72,72,86,71,86,86,86,86,86,63,63,63,69,69,31],"gold":62,"neow_bonus":"ONE_RARE_RELIC","is_prod":false,"is_daily":false,"chose_seed":false,"campfire_upgraded":4,"win_rate":0,"timestamp":1549408900,"path_taken":["M","?","M","M","?","E","R","E","T","R","M","?","R","M","R","BOSS","M","?","?","?","M","R","M","R","T","?","M","$","?","M","R","BOSS","M","?","$","M","M","R","?","M","T","M"],"build_version":"2019-01-23","purchased_purges":0,"victory":false,"max_hp_per_floor":[72,72,72,72,72,72,72,72,72,72,72,72,72,72,72,72,72,72,72,72,72,72,72,72,72,72,72,72,72,72,72,86,86,86,86,86,86,86,86,86,86,86,86,86],"card_choices":[{"not_picked":["Heavy Blade","Body Slam"],"picked":"Clash","floor":1.0},{"not_picked":["Warcry","Twin Strike"],"picked":"Pommel Strike","floor":3.0},{"not_picked":["Wild Strike","Twin Strike"],"picked":"Pommel Strike","floor":4.0},{"not_picked":["Anger","Searing Blow"],"picked":"Headbutt","floor":6.0},{"not_picked":["Warcry","Headbutt"],"picked":"Flame Barrier","floor":8.0},{"not_picked":["Limit Break","Dropkick"],"picked":"Flex","floor":11.0},{"not_picked":["Iron Wave","Havoc"],"picked":"Battle Trance","floor":12.0},{"not_picked":["Clash","Iron Wave"],"picked":"Cleave","floor":14.0},{"not_picked":["Dark Embrace","Barricade"],"picked":"Impervious","floor":16.0},{"not_picked":["Wild Strike","Warcry"],"picked":"Dropkick","floor":18},{"not_picked":["Seeing Red","Cleave"],"picked":"Thunderclap+1","floor":22},{"not_picked":["Flame Barrier+1","Perfected Strike+1"],"picked":"Inflame","floor":24},{"not_picked":["Body Slam","Clash"],"picked":"Armaments+1","floor":27},{"not_picked":["Clothesline","Warcry","Anger"],"picked":"SKIP","floor":28},{"not_picked":["Warcry","Clash"],"picked":"Infernal Blade+1","floor":30},{"not_picked":["Rampage","Combust"],"picked":"Dual Wield+1","floor":31},{"not_picked":["Berserk","Immolate"],"picked":"Exhume+1","floor":33},{"not_picked":["Anger","Flame Barrier+1"],"picked":"Havoc+1","floor":35},{"not_picked":["Warcry+1","Second Wind+1"],"picked":"Rage+1","floor":38},{"not_picked":["Clothesline+1","Rupture+1"],"picked":"Iron Wave+1","floor":39},{"not_picked":["Cleave","Anger"],"picked":"Limit Break+1","floor":42},{"not_picked":["Pommel Strike","Armaments+1","Headbutt+1","True Grit+1"],"picked":"SKIP","floor":44}],"player_experience":955270,"relics_obtained":[{"floor":6.0,"key":"Paper Frog"},{"floor":8.0,"key":"Nunchaku"},{"floor":9.0,"key":"Peace Pipe"},{"floor":26,"key":"Pen Nib"},{"floor":30,"key":"Shovel"},{"floor":30,"key":"Toxic Egg 2"},{"floor":32,"key":"Mango"},{"floor":40,"key":"Bottled Lightning"},{"floor":43,"key":"Question Card"}],"event_choices":[{"cards_removed":["Defend_R"],"damage_healed":0.0,"max_hp_gain":0.0,"max_hp_loss":0.0,"gold_gain":0.0,"event_name":"The Cleric","player_choice":"Card Removal","floor":2.0,"gold_loss":50.0,"damage_taken":0.0},{"cards_removed":["Defend_R"],"damage_healed":0.0,"max_hp_gain":0.0,"max_hp_loss":0.0,"gold_gain":0.0,"event_name":"Purifier","player_choice":"Purged","floor":5.0,"gold_loss":0.0,"damage_taken":0.0},{"damage_healed":0,"gold_gain":0,"player_choice":"Opened","damage_taken":0,"relics_obtained":["Anchor"],"max_hp_gain":0,"max_hp_loss":0,"event_name":"The Mausoleum","floor":20,"gold_loss":0},{"damage_healed":0,"gold_gain":0,"player_choice":"Paid Fearfully","damage_taken":0,"max_hp_gain":0,"max_hp_loss":0,"event_name":"Masked Bandits","floor":21,"gold_loss":19},{"damage_healed":0,"gold_gain":0,"player_choice":"Fight","damage_taken":0,"max_hp_gain":0,"max_hp_loss":0,"event_name":"Colosseum","floor":30,"gold_loss":0},{"damage_healed":0,"gold_gain":0,"player_choice":"Fought Nobs","damage_taken":0,"max_hp_gain":0,"max_hp_loss":0,"event_name":"Colosseum","floor":30,"gold_loss":0},{"damage_healed":0,"gold_gain":0,"player_choice":"Ignored","damage_taken":0,"max_hp_gain":0,"max_hp_loss":0,"event_name":"Tomb of Lord Red Mask","floor":36,"gold_loss":0},{"cards_removed":["Dropkick"],"damage_healed":0,"gold_gain":0,"player_choice":"Removed Attack","damage_taken":0,"max_hp_gain":0,"max_hp_loss":0,"event_name":"Falling","floor":41,"gold_loss":0}],"is_beta":true,"boss_relics":[{"not_picked":["Ectoplasm","Lizard Tail"],"picked":"Fusion Hammer"},{"not_picked":["Sozu","Tiny House"],"picked":"Philosopher\u0027s Stone"}],"items_purged_floors":[],"is_endless":false,"potions_floor_spawned":[3,6,11,16,27,28,31,33,35],"killed_by":"Spire Growth","ascension_level":0}