{"gold_per_floor":[112,123,140,140,1,1,20,20,20,20,53,53,53],"floor_reached":13,"playtime":546,"items_purged":[],"score":149,"play_id":"b1417718-8243-42fd-a7cb-7a24a21788e0","local_time":"20190131181910","is_ascension_mode":true,"campfire_choices":[{"data":"Zap","floor":6,"key":"SMITH"},{"data":"Go for the Eyes","floor":8,"key":"SMITH"}],"neow_cost":"NONE","seed_source_timestamp":3978808159083,"circlet_count":0,"master_deck":["AscendersBane","Strike_B","Strike_B","Strike_B","Defend_B","Defend_B","Defend_B","Defend_B","Zap+1","Dualcast","Forethought","Scrape","White Noise+1","Beam Cell","Ball Lightning","Glacier","Go for the Eyes+1"],"relics":["Cracked Core","Golden Idol","Symbiotic Virus","Mercury Hourglass"],"potions_floor_usage":[11],"damage_taken":[{"damage":5,"enemies":"Small Slimes","floor":1,"turns":3},{"damage":8,"enemies":"Jaw Worm","floor":2,"turns":4},{"damage":3,"enemies":"2 Louse","floor":3,"turns":3},{"damage":11,"enemies":"Blue Slaver","floor":7,"turns":3},{"damage":20,"enemies":"3 Sentries","floor":11,"turns":6},{"damage":14,"enemies":"Red Slaver","floor":13,"turns":1}],"seed_played":"-2631160923137813197","potions_obtained":[{"floor":2,"key":"GamblersBrew"},{"floor":7,"key":"SteroidPotion"}],"is_trial":false,"path_per_floor":["M","M","M","?","$","R","M","R","T","?","E","?","M"],"character_chosen":"DEFECT","items_purchased":["Ball Lightning","Glacier"],"campfire_rested":0,"item_purchase_floors":[5,5],"current_hp_per_floor":[59,51,48,48,48,48,37,37,37,30,10,10,0],"gold":53,"neow_bonus":"RANDOM_COLORLESS","is_prod":false,"is_daily":false,"chose_seed":false,"campfire_upgraded":2,"win_rate":0,"timestamp":1548955150,"path_taken":["M","M","M","?","$","R","M","R","T","?","E","?","M"],"build_version":"2019-01-23","purchased_purges":0,"victory":false,"max_hp_per_floor":[71,71,71,64,64,64,64,64,64,64,64,64,64],"card_choices":[{"not_picked":["Barrage","Steam"],"picked":"Scrape","floor":1},{"not_picked":["Rebound","Hologram"],"picked":"White Noise","floor":2},{"not_picked":["Hello World","Turbo"],"picked":"Beam Cell","floor":3},{"not_picked":["Leap","Cold Snap"],"picked":"Go for the Eyes","floor":7},{"not_picked":["Turbo","Redo","Streamline"],"picked":"SKIP","floor":11}],"player_experience":410096,"relics_obtained":[{"floor":9,"key":"Symbiotic Virus"},{"floor":11,"key":"Mercury Hourglass"}],"event_choices":[{"damage_healed":0,"gold_gain":0,"player_choice":"Lose Max HP","damage_taken":0,"relics_obtained":["Golden Idol"],"max_hp_gain":0,"max_hp_loss":7,"event_name":"Golden Idol","floor":4,"gold_loss":0},{"cards_removed":["Strike_B"],"damage_healed":0,"gold_gain":0,"player_choice":"Card Removal","damage_taken":7,"max_hp_gain":0,"max_hp_loss":0,"event_name":"Golden Wing","floor":10,"gold_loss":0},{"damage_healed":0,"gold_gain":0,"player_choice":"Grow","damage_taken":0,"max_hp_gain":0,"max_hp_loss":0,"event_name":"Living Wall","floor":12,"gold_loss":0,"cards_upgraded":["White Noise"]}],"is_beta":false,"boss_relics":[],"items_purged_floors":[],"is_endless":false,"potions_floor_spawned":[2,7],"killed_by":"Red Slaver","ascension_level":16}