{"gold_per_floor":[110,110,121,131,31,31,59,73,97,97,109,143,156,8,8,110,110,121,131,147,147,75,75,101,101,127,154,154,29,47,80,80,80],"floor_reached":33,"playtime":2042,"items_purged":["Strike_R","Strike_R","Strike_R"],"score":504,"play_id":"e6fd1f31-e09e-474e-b3c6-041e7813b28c","local_time":"20190103214800","is_ascension_mode":true,"campfire_choices":[{"data":"Armaments","floor":6.0,"key":"SMITH"},{"floor":15.0,"key":"REST"},{"floor":25.0,"key":"REST"},{"data":"Carnage","floor":28.0,"key":"SMITH"},{"floor":32.0,"key":"REST"}],"neow_cost":"NONE","seed_source_timestamp":11645548023456,"circlet_count":0,"master_deck":["AscendersBane","Strike_R","Strike_R","Defend_R","Defend_R","Defend_R","Defend_R","Bash","Headbutt","Headbutt","Pommel Strike","Armaments+1","Carnage+1","Shrug It Off","Offering","Body Slam+1","Shrug It Off+1","Necronomicurse","Disarm","Shrug It Off+1","Fiend Fire","Feel No Pain","Anger+1","Pummel+1"],"special_seed":0,"relics":["Burning Blood","Vajra","Bronze Scales","Bag of Preparation","Mummified Hand","Black Star","Necronomicon","Kunai","Darkstone Periapt","Pen Nib","Charon\u0027s Ashes","Letter Opener","Frozen Egg 2","Regal Pillow"],"potions_floor_usage":[],"damage_taken":[{"damage":0.0,"enemies":"Small Slimes","floor":1.0,"turns":3.0},{"damage":1.0,"enemies":"2 Louse","floor":3.0,"turns":2.0},{"damage":13.0,"enemies":"Jaw Worm","floor":4.0,"turns":4.0},{"damage":20.0,"enemies":"3 Sentries","floor":7.0,"turns":7.0},{"damage":13.0,"enemies":"Red Slaver","floor":8.0,"turns":3.0},{"damage":6.0,"enemies":"Blue Slaver","floor":11.0,"turns":3.0},{"damage":8.0,"enemies":"Gremlin Nob","floor":12.0,"turns":3.0},{"damage":1.0,"enemies":"Looter","floor":13.0,"turns":3.0},{"damage":27.0,"enemies":"Slime Boss","floor":16.0,"turns":11.0},{"damage":25.0,"enemies":"2 Thieves","floor":18.0,"turns":5.0},{"damage":7.0,"enemies":"3 Byrds","floor":19.0,"turns":3.0},{"damage":13.0,"enemies":"Centurion and Healer","floor":20.0,"turns":5.0},{"damage":16.0,"enemies":"Gremlin Leader","floor":24.0,"turns":3.0},{"damage":16.0,"enemies":"Slavers","floor":27.0,"turns":3.0},{"damage":0.0,"enemies":"Snecko","floor":30.0,"turns":2.0},{"damage":26.0,"enemies":"Gremlin Leader","floor":31.0,"turns":4.0},{"damage":65,"enemies":"Automaton","floor":33,"turns":6}],"seed_played":"5601972520849258211","potions_obtained":[{"floor":4.0,"key":"GamblersBrew"},{"floor":7.0,"key":"SpeedPotion"},{"floor":12.0,"key":"Weak Potion"},{"floor":16.0,"key":"Explosive Potion"},{"floor":27.0,"key":"Weak Potion"}],"is_trial":false,"path_per_floor":["M","?","M","M","$","R","E","M","T","?","M","E","M","$","R","B",null,"M","M","M","?","$","?","E","R","T","E","R","$","M","E","R","B"],"character_chosen":"IRONCLAD","items_purchased":["Armaments","Shrug It Off","Disarm"],"campfire_rested":3,"item_purchase_floors":[5,14,22],"current_hp_per_floor":[78,83,85,78,78,78,64,57,57,45,45,43,48,48,73,52,77,58,57,50,34,34,34,24,49,49,39,39,39,45,25,65,0],"gold":80,"neow_bonus":"THREE_CARDS","is_prod":false,"is_daily":false,"chose_seed":false,"campfire_upgraded":2,"win_rate":0,"timestamp":1546548480,"path_taken":["M","?","M","M","$","R","E","M","T","?","M","E","M","$","R","BOSS","M","M","M","?","$","?","E","R","T","E","R","$","?","E","R","BOSS"],"build_version":"2018-12-20","purchased_purges":3,"victory":false,"max_hp_per_floor":[80,85,85,85,85,85,85,85,85,85,85,85,85,85,85,85,85,85,85,85,85,85,85,85,85,85,85,85,85,85,85,85,85],"card_choices":[{"not_picked":["Clothesline","Flex"],"picked":"Headbutt","floor":0.0},{"not_picked":["Perfected Strike","Thunderclap"],"picked":"Headbutt","floor":1.0},{"not_picked":["Flex","Feel No Pain"],"picked":"Pommel Strike","floor":3.0},{"not_picked":["Rupture","Pummel","Dual Wield"],"picked":"SKIP","floor":4.0},{"not_picked":["Twin Strike","Infernal Blade"],"picked":"Carnage","floor":7.0},{"not_picked":["Sword Boomerang","Headbutt","Clothesline"],"picked":"SKIP","floor":8.0},{"not_picked":["Armaments","Entrench","Warcry"],"picked":"SKIP","floor":11.0},{"not_picked":["Exhume","Rage","Heavy Blade"],"picked":"SKIP","floor":12.0},{"not_picked":["Twin Strike","Sentinel","Wild Strike"],"picked":"SKIP","floor":13.0},{"not_picked":["Feed","Reaper"],"picked":"Offering","floor":16.0},{"not_picked":["Shockwave","Sword Boomerang"],"picked":"Body Slam+1","floor":18.0},{"not_picked":["Second Wind","Heavy Blade","Armaments"],"picked":"SKIP","floor":19.0},{"not_picked":["Body Slam+1","True Grit"],"picked":"Shrug It Off+1","floor":20.0},{"not_picked":["Cleave","Infernal Blade"],"picked":"Fiend Fire","floor":24.0},{"not_picked":["Headbutt","Iron Wave"],"picked":"Feel No Pain","floor":27.0},{"not_picked":["Wild Strike","Armaments"],"picked":"Anger+1","floor":30.0},{"not_picked":["Burning Pact","Pommel Strike"],"picked":"Pummel+1","floor":31.0}],"player_experience":308358,"relics_obtained":[{"floor":7.0,"key":"Vajra"},{"floor":9.0,"key":"Bronze Scales"},{"floor":12.0,"key":"Mummified Hand"},{"floor":21.0,"key":"Necronomicon"},{"floor":24.0,"key":"Kunai"},{"floor":24.0,"key":"Darkstone Periapt"},{"floor":26.0,"key":"Pen Nib"},{"floor":27.0,"key":"Charon\u0027s Ashes"},{"floor":27.0,"key":"Letter Opener"},{"floor":31.0,"key":"Frozen Egg 2"},{"floor":31.0,"key":"Regal Pillow"}],"event_choices":[{"damage_healed":0.0,"max_hp_gain":5.0,"max_hp_loss":0.0,"gold_gain":0.0,"event_name":"Big Fish","player_choice":"Donut","floor":2.0,"gold_loss":0.0,"damage_taken":0.0},{"damage_healed":0.0,"max_hp_gain":0.0,"max_hp_loss":0.0,"gold_gain":0.0,"event_name":"Scrap Ooze","player_choice":"Success","floor":10.0,"gold_loss":0.0,"damage_taken":12.0,"relics_obtained":["Bag of Preparation"]},{"damage_healed":0.0,"max_hp_gain":0.0,"max_hp_loss":0.0,"gold_gain":0.0,"event_name":"Cursed Tome","player_choice":"Obtained Book","floor":21.0,"gold_loss":0.0,"damage_taken":16.0},{"damage_healed":0.0,"max_hp_gain":0.0,"max_hp_loss":0.0,"gold_gain":0.0,"event_name":"Duplicator","player_choice":"Copied","floor":23.0,"gold_loss":0.0,"damage_taken":0.0,"cards_obtained":["Shrug It Off"]}],"is_beta":false,"boss_relics":[{"not_picked":["Empty Cage","Philosopher\u0027s Stone"],"picked":"Black Star"}],"items_purged_floors":[5,14,29],"is_endless":false,"potions_floor_spawned":[4,7,12,16,18,27],"killed_by":"Automaton","ascension_level":12}