{"gold_per_floor":[117,130,130,143,143,171,171,17,17,28,28,63,63,79,79,182,182,193,21,0,10,10,45,61,61,61,79,95,95,105,140,140,236,236,248,0,0,25,25,55,73,99,99,131,151,165,184,184,184,184,184,184,41,75,75],"floor_reached":55,"playtime":5552,"items_purged":["Grand Finale+1","Bite"],"score":896,"play_id":"a3d43dbb-7dad-4673-97bd-f88343718da3","local_time":"20190126210532","is_ascension_mode":true,"campfire_choices":[{"data":"Noxious Fumes","floor":7,"key":"SMITH"},{"data":"After Image","floor":13,"key":"SMITH"},{"data":"Crippling Poison","floor":15,"key":"SMITH"},{"floor":29,"key":"REST"},{"floor":32,"key":"REST"},{"floor":49,"key":"RECALL"},{"data":"After Image","floor":52,"key":"SMITH"}],"neow_cost":"NONE","seed_source_timestamp":28892799017113,"circlet_count":0,"master_deck":["Survivor","Neutralize+1","Dodge and Roll","Dagger Throw","Blur","Venomology","After Image+1","Heel Hook+1","Prepared","Deadly Poison","Poisoned Stab","Noxious Fumes+1","Acrobatics","After Image+1","Noxious Fumes","After Image","Crippling Poison+1","Prepared+1","Infinite Blades","Blade Dance","Dodge and Roll","Noxious Fumes+1","Bite","Bite","Bite","Bite","Backflip","Burst","Prepared","Footwork","Deflect","Footwork","A Thousand Cuts","Parasite","Prepared","Envenom","Adrenaline"],"relics":["Pandora\u0027s Box","GremlinMask","Tough Bandages","Mango","Whetstone","Astrolabe","PreservedInsect","Sundial","Centennial Puzzle","Coffee Dripper","Red Mask","Vajra","Bottled Tornado","Pear","Blue Candle","Letter Opener","Snake Skull","Ninja Scroll"],"potions_floor_usage":[2,4,6,6,10,12,16,18,20,20,21,24,27,28,30,31,33,35,40,41,42,42,44,45,46,47,50,50,54,54,54,55],"damage_taken":[{"damage":7,"enemies":"Jaw Worm","floor":1,"turns":4},{"damage":0,"enemies":"Cultist","floor":2,"turns":4},{"damage":0,"enemies":"Small Slimes","floor":4,"turns":3},{"damage":12,"enemies":"Gremlin Nob","floor":6,"turns":4},{"damage":4,"enemies":"2 Fungi Beasts","floor":10,"turns":5},{"damage":5,"enemies":"3 Sentries","floor":12,"turns":5},{"damage":0,"enemies":"Large Slime","floor":14,"turns":5},{"damage":18,"enemies":"Slime Boss","floor":16,"turns":8},{"damage":0,"enemies":"Spheric Guardian","floor":18,"turns":5},{"damage":9,"enemies":"2 Thieves","floor":20,"turns":5},{"damage":16,"enemies":"Snake Plant","floor":21,"turns":6},{"damage":24,"enemies":"Gremlin Leader","floor":23,"turns":7},{"damage":6,"enemies":"Sentry and Sphere","floor":24,"turns":8},{"damage":45,"enemies":"3 Cultists","floor":27,"turns":6},{"damage":15,"enemies":"Snake Plant","floor":28,"turns":5},{"damage":8,"enemies":"Centurion and Healer","floor":30,"turns":6},{"damage":14,"enemies":"Slavers","floor":31,"turns":5},{"damage":27,"enemies":"Champ","floor":33,"turns":15},{"damage":8,"enemies":"3 Darklings","floor":35,"turns":7},{"damage":0,"enemies":"Nemesis","floor":40,"turns":9},{"damage":14,"enemies":"Orb Walker","floor":41,"turns":5},{"damage":18,"enemies":"Reptomancer","floor":42,"turns":9},{"damage":7,"enemies":"Giant Head","floor":44,"turns":11},{"damage":4,"enemies":"Writhing Mass","floor":45,"turns":9},{"damage":3,"enemies":"Transient","floor":46,"turns":5},{"damage":7,"enemies":"Sphere and 2 Shapes","floor":47,"turns":7},{"damage":10,"enemies":"Donu and Deca","floor":50,"turns":10},{"damage":37,"enemies":"Shield and Spear","floor":54,"turns":9},{"damage":44,"enemies":"The Heart","floor":55,"turns":9}],"seed_played":"-2064755744976445385","potions_obtained":[{"floor":1,"key":"Regen Potion"},{"floor":10,"key":"Weak Potion"},{"floor":14,"key":"SpeedPotion"},{"floor":16,"key":"AttackPotion"},{"floor":18,"key":"SkillPotion"},{"floor":23,"key":"Regen Potion"},{"floor":28,"key":"Fire Potion"},{"floor":42,"key":"Block Potion"},{"floor":45,"key":"AttackPotion"},{"floor":46,"key":"SkillPotion"}],"is_trial":false,"path_per_floor":["M","M","?","M","?","E","R","$","T","M","?","E","R","M","R","B",null,"M","$","M","M","?","E","M","?","T","M","M","R","M","E","R","B",null,"M","$","?","T","?","E","M","E","T","E","M","M","M","T","R","B",null,"R","$","E","B"],"character_chosen":"THE_SILENT","items_purchased":["After Image","Infinite Blades","Blade Dance","Footwork","AttackPotion","Deflect","Envenom"],"campfire_rested":2,"item_purchase_floors":[8,19,19,36,36,36,53],"current_hp_per_floor":[63,70,70,70,63,65,65,65,65,61,61,56,56,56,56,38,84,84,84,75,59,58,46,54,54,54,23,14,31,37,27,44,37,58,58,58,58,58,58,58,50,50,50,57,67,64,68,68,68,68,68,68,68,37,0],"gold":75,"neow_bonus":"BOSS_RELIC","is_prod":false,"is_daily":false,"chose_seed":false,"campfire_upgraded":4,"win_rate":0,"timestamp":1548536732,"path_taken":["M","M","?","?","?","E","R","$","T","M","?","E","R","M","R","BOSS","M","$","M","M","?","E","M","?","T","M","?","R","?","E","R","BOSS","M","$","?","?","?","E","M","E","T","E","M","M","M","?","R","BOSS","R","$","E","BOSS"],"build_version":"2019-01-23","purchased_purges":2,"victory":false,"max_hp_per_floor":[70,70,70,70,70,84,84,84,84,84,84,84,84,84,84,84,84,84,84,84,84,58,58,58,58,58,58,58,58,58,58,58,58,58,58,58,58,58,58,58,58,68,68,68,68,68,68,68,68,68,68,68,68,68,68],"card_choices":[{"not_picked":["Riddle With Holes","Flying Knee"],"picked":"Deadly Poison","floor":1},{"not_picked":["Slice","Bane"],"picked":"Poisoned Stab","floor":2},{"not_picked":["Deflect","Calculated Gamble"],"picked":"Noxious Fumes","floor":4},{"not_picked":["Poisoned Stab","Finisher"],"picked":"Acrobatics","floor":6},{"not_picked":["Setup","Outmaneuver"],"picked":"Flying Knee","floor":10},{"not_picked":["Blade Dance","A Thousand Cuts"],"picked":"Noxious Fumes","floor":12},{"not_picked":["Masterful Stab","Flying Knee","Underhanded Strike"],"picked":"SKIP","floor":14},{"not_picked":["Grand Finale","Glass Knife"],"picked":"After Image","floor":16},{"not_picked":["Slice","Dodge and Roll+1","Outmaneuver"],"picked":"SKIP","floor":18},{"not_picked":["Poisoned Stab+1","Slice+1"],"picked":"Dodge and Roll","floor":20},{"not_picked":["Dodge and Roll","Heel Hook+1"],"picked":"Noxious Fumes+1","floor":21},{"not_picked":["Malaise","Poisoned Stab"],"picked":"Backflip","floor":23},{"not_picked":["Quick Slash","Sucker Punch","Crippling Poison"],"picked":"SKIP","floor":24},{"not_picked":["PiercingWail+1","Endless Agony","Tactician"],"picked":"SKIP","floor":27},{"not_picked":["Leg Sweep","Choke+1"],"picked":"Prepared","floor":28},{"not_picked":["Underhanded Strike+1","Slice","Quick Slash"],"picked":"SKIP","floor":30},{"not_picked":["Dagger Spray","PiercingWail+1","Dash"],"picked":"SKIP","floor":31},{"not_picked":["PiercingWail+1","Dagger Throw","Slice+1"],"picked":"SKIP","floor":35},{"not_picked":["Dash+1","Bouncing Flask"],"picked":"Footwork","floor":40},{"not_picked":["Blade Dance","Flying Knee","Concentrate+1"],"picked":"SKIP","floor":41},{"not_picked":["Dodge and Roll","Prepared"],"picked":"A Thousand Cuts","floor":42},{"not_picked":["Expertise","Skewer+1","Poisoned Stab+1"],"picked":"SKIP","floor":44},{"not_picked":["Dagger Spray","Flying Knee+1","Flechettes+1"],"picked":"SKIP","floor":45},{"not_picked":["Backflip","Finisher"],"picked":"Prepared","floor":46},{"not_picked":["Bouncing Flask+1","Masterful Stab","PiercingWail+1"],"picked":"SKIP","floor":47},{"not_picked":["Flying Knee+1","Dodge and Roll"],"picked":"Adrenaline","floor":54}],"player_experience":130522,"relics_obtained":[{"floor":6,"key":"Mango"},{"floor":12,"key":"Whetstone"},{"floor":23,"key":"PreservedInsect"},{"floor":26,"key":"Sundial"},{"floor":31,"key":"Centennial Puzzle"},{"floor":38,"key":"Vajra"},{"floor":40,"key":"Bottled Tornado"},{"floor":42,"key":"Pear"},{"floor":43,"key":"Blue Candle"},{"floor":44,"key":"Letter Opener"},{"floor":48,"key":"Snake Skull"},{"floor":54,"key":"Ninja Scroll"}],"event_choices":[{"damage_healed":0,"gold_gain":0,"player_choice":"Trade","damage_taken":0,"relics_obtained":["GremlinMask"],"max_hp_gain":0,"max_hp_loss":0,"event_name":"FaceTrader","floor":3,"gold_loss":0},{"damage_healed":0,"gold_gain":0,"player_choice":"Success","damage_taken":7,"relics_obtained":["Tough Bandages"],"max_hp_gain":0,"max_hp_loss":0,"event_name":"Scrap Ooze","floor":5,"gold_loss":0},{"damage_healed":0,"gold_gain":0,"player_choice":"Leave","damage_taken":0,"max_hp_gain":0,"max_hp_loss":0,"event_name":"The Cleric","floor":11,"gold_loss":0},{"damage_healed":0,"gold_gain":0,"player_choice":"Became a vampire","damage_taken":0,"max_hp_gain":0,"max_hp_loss":26,"event_name":"Vampires","floor":22,"gold_loss":0,"cards_obtained":["Bite","Bite","Bite","Bite","Bite"]},{"damage_healed":0,"gold_gain":0,"cards_transformed":["Flying Knee"],"player_choice":"Transformed","damage_taken":0,"max_hp_gain":0,"max_hp_loss":0,"event_name":"Transmorgrifier","floor":25,"gold_loss":0,"cards_obtained":["Burst"]},{"damage_healed":0,"gold_gain":0,"player_choice":"Paid","damage_taken":0,"relics_obtained":["Red Mask"],"max_hp_gain":0,"max_hp_loss":0,"event_name":"Tomb of Lord Red Mask","floor":37,"gold_loss":0},{"damage_healed":0,"gold_gain":0,"player_choice":"Ignored","damage_taken":0,"max_hp_gain":0,"max_hp_loss":0,"event_name":"Mysterious Sphere","floor":39,"gold_loss":0}],"is_beta":false,"boss_relics":[{"not_picked":["Eternal Feather","Lizard Tail"],"picked":"Astrolabe"},{"not_picked":["Runic Dome","Runic Pyramid"],"picked":"Coffee Dripper"}],"items_purged_floors":[19,36],"is_endless":false,"potions_floor_spawned":[1,10,14,16,18,23,28,33,42,44,45,46],"killed_by":"The Heart","ascension_level":1}