{"gold_per_floor":[110,127,127,277,277,277,303,303,303,330,350,360,360,388,388,388],"floor_reached":16,"playtime":357,"items_purged":[],"score":286,"play_id":"7001ae6a-a85d-4b0e-96c1-1b7f6710036b","local_time":"20190209190604","is_ascension_mode":true,"campfire_choices":[{"data":"Body Slam","floor":6,"key":"SMITH"},{"data":"Thunderclap","floor":8,"key":"SMITH"},{"data":"Evolve","floor":15,"key":"SMITH"}],"neow_cost":"NONE","seed_source_timestamp":24326622427628,"circlet_count":0,"master_deck":["AscendersBane","Strike_R+1","Strike_R","Strike_R","Strike_R","Strike_R","Defend_R","Defend_R","Defend_R","Defend_R","Bash+1","Body Slam+1","Thunderclap+1","Headbutt","Offering","Evolve+1","Spot Weakness"],"relics":["Burning Blood","NeowsBlessing","Ice Cream","Singing Bowl","Bronze Scales","Strawberry"],"potions_floor_usage":[14,16],"damage_taken":[{"damage":0,"enemies":"Cultist","floor":1,"turns":1},{"damage":0,"enemies":"Small Slimes","floor":2,"turns":1},{"damage":0,"enemies":"3 Sentries","floor":7,"turns":1},{"damage":31,"enemies":"Gremlin Nob","floor":10,"turns":4},{"damage":7,"enemies":"2 Louse","floor":11,"turns":2},{"damage":12,"enemies":"Looter","floor":12,"turns":3},{"damage":11,"enemies":"3 Sentries","floor":14,"turns":5},{"damage":45,"enemies":"Slime Boss","floor":16,"turns":7}],"seed_played":"6775945902884153510","potions_obtained":[{"floor":1,"key":"PowerPotion"},{"floor":11,"key":"Block Potion"}],"is_trial":false,"path_per_floor":["M","M","?","?","?","R","E","R","T","E","M","M","T","E","R","B"],"character_chosen":"IRONCLAD","items_purchased":[],"campfire_rested":0,"item_purchase_floors":[],"current_hp_per_floor":[74,75,52,52,52,52,58,58,58,33,34,28,28,30,30,0],"gold":388,"neow_bonus":"THREE_ENEMY_KILL","is_prod":false,"is_daily":false,"chose_seed":false,"campfire_upgraded":3,"win_rate":0,"timestamp":1549735564,"path_taken":["M","?","?","?","?","R","E","R","T","E","?","M","?","E","R","BOSS"],"build_version":"2019-02-06","purchased_purges":0,"victory":false,"max_hp_per_floor":[75,75,75,75,75,75,75,75,75,75,77,77,77,84,84,84],"card_choices":[{"not_picked":["Dual Wield","True Grit"],"picked":"Body Slam","floor":1},{"not_picked":["Rampage","Seeing Red"],"picked":"Thunderclap","floor":2},{"not_picked":["Clash","Clothesline"],"picked":"Headbutt","floor":7},{"not_picked":["Havoc","Sentinel"],"picked":"Offering","floor":10},{"not_picked":["Hemokinesis","Rupture","Armaments"],"picked":"Singing Bowl","floor":11},{"not_picked":["Iron Wave","Thunderclap"],"picked":"Evolve","floor":12},{"not_picked":["Seeing Red","Havoc"],"picked":"Spot Weakness","floor":14}],"player_experience":964329,"relics_obtained":[{"floor":7,"key":"Ice Cream"},{"floor":10,"key":"Singing Bowl"},{"floor":13,"key":"Bronze Scales"},{"floor":14,"key":"Strawberry"}],"event_choices":[{"damage_healed":0,"gold_gain":0,"player_choice":"Entered Light","damage_taken":23,"max_hp_gain":0,"max_hp_loss":0,"event_name":"Shining Light","floor":3,"gold_loss":0,"cards_upgraded":["Bash","Strike_R"]},{"damage_healed":0,"gold_gain":150,"player_choice":"AGREE","damage_taken":0,"max_hp_gain":0,"max_hp_loss":0,"event_name":"Liars Game","floor":4,"gold_loss":0,"cards_obtained":["Doubt"]},{"cards_removed":["Doubt"],"damage_healed":0,"gold_gain":0,"player_choice":"Purged","damage_taken":0,"max_hp_gain":0,"max_hp_loss":0,"event_name":"Purifier","floor":5,"gold_loss":0}],"is_beta":true,"boss_relics":[],"items_purged_floors":[],"is_endless":false,"potions_floor_spawned":[1,11,12],"killed_by":"Slime Boss","ascension_level":20}