{"path_per_floor":["M","$","?","$","M","R","E","R","T","R","M","E","R","E","R","B",null,"M","$","M","?","$","R","M","R","T"],"character_chosen":"DEFECT","items_purchased":["Hyperbeam","Boot","Turbo","Stack","Leap"],"gold_per_floor":[114,114,289,50,65,65,96,96,141,141,158,188,188,223,223,321,321,310,58,76,76,51,51,67,67,67,67],"floor_reached":27,"campfire_rested":1,"playtime":1027,"item_purchase_floors":[4,19,19,19,22],"current_hp_per_floor":[70,70,70,70,69,69,63,63,63,63,69,74,74,77,77,75,89,74,74,66,66,66,66,54,80,80,0],"items_purged":["Doubt"],"gold":67,"score":238,"play_id":"0da1b1a0-d793-42ae-a801-de853039087d","local_time":"20180520064826","is_prod":false,"is_daily":false,"chose_seed":false,"is_ascension_mode":true,"campfire_upgraded":6,"timestamp":1526807906,"campfire_choices":[{"data":"Chaos","floor":6,"key":"SMITH"},{"data":"White Noise","floor":8,"key":"SMITH"},{"data":"Self Repair","floor":10,"key":"SMITH"},{"data":"Hyperbeam","floor":13,"key":"SMITH"},{"data":"Melter","floor":15,"key":"SMITH"},{"data":"Genetic Algorithm","floor":23,"key":"SMITH"},{"floor":25,"key":"REST"}],"path_taken":["M","$","?","$","M","R","E","R","T","R","M","E","R","E","R","BOSS","M","$","M","?","$","R","M","R","T","M"],"build_version":"2018-05-18","seed_source_timestamp":356745699556783,"purchased_purges":1,"victory":false,"master_deck":["Strike_B","Strike_B","Strike_B","Strike_B","Defend_B","Defend_B","Defend_B","Defend_B","Zap","Dualcast","White Noise+1","Hyperbeam+1","Chaos+1","Self Repair+1","Melter+1","Echo Form","White Noise+1","Turbo","Stack","Genetic Algorithm+1","Leap","Aggregate+1"],"max_hp_per_floor":[75,75,75,75,75,75,75,75,75,75,77,77,77,89,89,89,89,89,89,89,89,89,89,89,89,89,89],"relics":["Cracked Core","Bottled Lightning","Singing Bowl","Omamori","Pear","Nuclear Battery","Boot","Calipers"],"card_choices":[{"not_picked":["Double Energy","Chill"],"picked":"White Noise","floor":1},{"not_picked":["Turbo","Skim"],"picked":"Chaos","floor":5},{"not_picked":["Cold Snap","Amplify"],"picked":"Self Repair","floor":7},{"not_picked":["Steam","FTL","Hologram"],"picked":"Singing Bowl","floor":11},{"not_picked":["Ball Lightning","Hologram"],"picked":"Melter","floor":12},{"not_picked":["Go for the Eyes","Beam Cell","Sweeping Beam"],"picked":"Singing Bowl","floor":14},{"not_picked":["Seek","Machine Learning"],"picked":"Echo Form","floor":16},{"not_picked":["Hologram","Axe Kick"],"picked":"White Noise+1","floor":18},{"not_picked":["Reprogram","Rebound"],"picked":"Genetic Algorithm","floor":20},{"not_picked":["Rip and Tear","Rebound"],"picked":"Aggregate+1","floor":24}],"player_experience":442480,"potions_floor_usage":[12,14,16,16,16,24,24,27],"damage_taken":[{"damage":5,"enemies":"2 Louse","floor":1,"turns":2},{"damage":1,"enemies":"Jaw Worm","floor":5,"turns":3},{"damage":6,"enemies":"Gremlin Nob","floor":7,"turns":3},{"damage":6,"enemies":"Cultist","floor":11,"turns":3},{"damage":14,"enemies":"3 Sentries","floor":12,"turns":3},{"damage":26,"enemies":"Lagavulin","floor":14,"turns":6},{"damage":12,"enemies":"Slime Boss","floor":16,"turns":7},{"damage":25,"enemies":"2 Thieves","floor":18,"turns":4},{"damage":18,"enemies":"3 Byrds","floor":20,"turns":3},{"damage":22,"enemies":"Snecko","floor":24,"turns":6},{"damage":93,"enemies":"Chosen and Byrds","floor":27,"turns":9}],"relics_obtained":[{"floor":7,"key":"Bottled Lightning"},{"floor":9,"key":"Singing Bowl"},{"floor":12,"key":"Omamori"},{"floor":14,"key":"Pear"},{"floor":26,"key":"Calipers"}],"event_choices":[{"event_name":"Liars Game","player_choice":"agreed","floor":3,"damage_taken":0},{"event_name":"The Lab","player_choice":"Got Potions","floor":21,"damage_taken":0}],"boss_relics":[{"not_picked":["Tiny House","Astrolabe"],"picked":"Nuclear Battery"}],"items_purged_floors":[4],"potions_floor_spawned":[1,7,11,12,14],"seed_played":"-1923110639194089519","killed_by":"Chosen and Byrds","ascension_level":1,"potions_obtained":[{"floor":1,"key":"Dexterity Potion"},{"floor":7,"key":"Regen Potion"},{"floor":11,"key":"SpeedPotion"},{"floor":12,"key":"Ancient Potion"},{"floor":14,"key":"EssenceOfSteel"},{"floor":21,"key":"PowerPotion"},{"floor":21,"key":"SpeedPotion"},{"floor":21,"key":"Energy Potion"}],"is_trial":false}