{"path_per_floor":["M","?","?","?","?","R","$","?","T","M","R","M","E","M","R","B",null,"M","M","?","$","?","R","E","$","T","M","R","M","M","$","R"],"character_chosen":"DEFECT","items_purchased":["Sweeping Beam","Girya","Melter","Auto Shields","Capacitor"],"gold_per_floor":[10,10,10,185,185,185,58,58,113,133,133,153,180,193,193,296,326,343,343,343,58,58,58,115,7,30,44,44,58,71,18,18,18],"floor_reached":33,"campfire_rested":1,"playtime":1126,"current_hp_per_floor":[75,75,75,75,80,80,80,80,80,80,80,78,63,63,63,60,85,85,85,85,85,85,85,45,45,45,52,77,72,79,79,79,0],"items_purged":["Normality"],"gold":18,"score":276,"play_id":"b91616fe-372b-44a7-bb5c-ff8538c53d5c","local_time":"20180512054518","is_prod":false,"is_daily":false,"chose_seed":false,"is_ascension_mode":true,"campfire_upgraded":3,"timestamp":1526112918,"path_taken":["M","?","?","?","?","R","$","?","T","M","R","M","E","M","R","BOSS","M","M","?","?","?","R","E","$","T","?","R","?","M","$","R","BOSS"],"build_version":"2018-05-11","seed_source_timestamp":91776095745240,"purchased_purges":1,"victory":false,"master_deck":["Strike_B+1","Strike_B+1","Strike_B+1","Strike_B+1","Defend_B+1","Defend_B+1","Defend_B+1","Defend_B+1","Zap","Dualcast+1","Glacier","Sweeping Beam+1","Streamline+1","Skim","Go for the Eyes","Melter+1","Multi-Cast","Self Repair","Sunder","Go for the Eyes+1","Melter","Auto Shields","Gash","Capacitor"],"max_hp_per_floor":[75,75,75,75,80,80,80,80,80,80,80,80,80,80,80,80,85,85,85,85,85,85,85,85,85,85,85,85,85,85,85,85,85],"relics":["Cracked Core","Turnip","Pen Nib","Whetstone","Lantern","Tiny House","Girya","Tiny Chest","Orichalcum"],"card_choices":[{"not_picked":["Conserve Battery","Sweeping Beam"],"picked":"Glacier","floor":1},{"not_picked":["Barrage","Turbo"],"picked":"Streamline","floor":10},{"not_picked":["Double Energy","Steam Power"],"picked":"Skim","floor":12},{"not_picked":["Auto Shields","Hologram"],"picked":"Go for the Eyes","floor":13},{"not_picked":["Sweeping Beam","Go for the Eyes"],"picked":"Melter","floor":14},{"not_picked":["All For One","Biased Cognition"],"picked":"Multi-Cast","floor":16},{"not_picked":["BootSequence","Coolheaded"],"picked":"Self Repair","floor":17},{"not_picked":["Cold Snap","Stack"],"picked":"Sunder","floor":18},{"not_picked":["Streamline","Lockon"],"picked":"Go for the Eyes+1","floor":24},{"not_picked":["Beam Cell+1","Skim","Coolheaded+1"],"picked":"SKIP","floor":27},{"not_picked":["Leap+1","Coolheaded","Skim"],"picked":"SKIP","floor":29},{"not_picked":["Melter","Coolheaded"],"picked":"Gash","floor":30}],"player_experience":415066,"potions_floor_usage":[10,16,18,19,27,29,33],"damage_taken":[{"damage":0,"enemies":"2 Louse","floor":1,"turns":1},{"damage":0,"enemies":"Cultist","floor":10,"turns":2},{"damage":2,"enemies":"Small Slimes","floor":12,"turns":2},{"damage":15,"enemies":"Gremlin Nob","floor":13,"turns":3},{"damage":0,"enemies":"3 Louse","floor":14,"turns":2},{"damage":3,"enemies":"Slime Boss","floor":16,"turns":8},{"damage":3,"enemies":"Shell Parasite","floor":18,"turns":7},{"damage":0,"enemies":"2 Thieves","floor":19,"turns":1},{"damage":47,"enemies":"Book of Stabbing","floor":24,"turns":7},{"damage":0,"enemies":"Snecko","floor":27,"turns":3},{"damage":12,"enemies":"3 Cultists","floor":29,"turns":5},{"damage":0,"enemies":"Sentry and Sphere","floor":30,"turns":2},{"damage":79,"enemies":"Collector","floor":33,"turns":14}],"event_choices":[{"event_name":"Accursed Blacksmith","player_choice":"Rummage","floor":2,"damage_taken":0},{"event_name":"The Cleric","player_choice":"Leave","floor":3,"damage_taken":0},{"event_name":"Liars Game","player_choice":"agreed","floor":4,"damage_taken":0},{"event_name":"Big Fish","player_choice":"Donut","floor":5,"damage_taken":0},{"event_name":"Purifier","player_choice":"One Purge","floor":8,"damage_taken":0},{"event_name":"Beggar","player_choice":"Ignored","floor":20,"damage_taken":0},{"event_name":"Back to Basics","player_choice":"Simplicity","floor":22,"damage_taken":0}],"boss_relics":[{"not_picked":["Snecko Eye","Runic Pyramid"],"picked":"Tiny House"}],"potions_floor_spawned":[1,13,14,24,27,29],"seed_played":"7056993516192053105","killed_by":"Collector","ascension_level":1,"is_trial":false}