{"gold_per_floor":[117,132,132,77,77,77,103,103,103,103,136,211,225,241,241,241],"floor_reached":16,"playtime":321,"items_purged":[],"score":266,"play_id":"44202dcb-b093-4282-86e7-a4201ddd7150","local_time":"20190224095346","is_ascension_mode":true,"campfire_choices":[{"data":"True Grit","floor":6,"key":"SMITH"},{"data":"Whirlwind","floor":8,"key":"SMITH"},{"data":"Shrug It Off","floor":10,"key":"SMITH"},{"data":"Havoc","floor":15,"key":"SMITH"}],"neow_cost":"NONE","seed_source_timestamp":15688124067268472,"circlet_count":0,"master_deck":["AscendersBane","Strike_R","Strike_R","Strike_R","Strike_R","Strike_R","Defend_R","Defend_R","Defend_R","Defend_R","Bash","Whirlwind+1","Feel No Pain","True Grit+1","Shrug It Off+1","Havoc+1"],"relics":["Burning Blood","NeowsBlessing","Bronze Scales","Bottled Flame","Lantern","Gremlin Horn"],"potions_floor_usage":[11,16,16],"damage_taken":[{"damage":0,"enemies":"Cultist","floor":1,"turns":1},{"damage":0,"enemies":"Jaw Worm","floor":2,"turns":1},{"damage":0,"enemies":"Lagavulin","floor":7,"turns":1},{"damage":24,"enemies":"Gremlin Nob","floor":11,"turns":4},{"damage":0,"enemies":"2 Louse","floor":13,"turns":1},{"damage":0,"enemies":"Exordium Wildlife","floor":14,"turns":1},{"damage":57,"enemies":"Slime Boss","floor":16,"turns":9}],"seed_played":"6440723796388931978","potions_obtained":[{"floor":1,"key":"FearPotion"},{"floor":7,"key":"Ancient Potion"},{"floor":13,"key":"Dexterity Potion"}],"is_trial":false,"path_per_floor":["M","M","?","$","?","R","E","R","T","R","E","?","M","M","R","B"],"character_chosen":"IRONCLAD","items_purchased":["True Grit"],"campfire_rested":0,"item_purchase_floors":[4],"current_hp_per_floor":[74,75,64,64,64,64,70,70,70,70,52,41,47,53,53,0],"gold":241,"neow_bonus":"THREE_ENEMY_KILL","is_prod":false,"is_daily":false,"chose_seed":false,"campfire_upgraded":4,"win_rate":0,"timestamp":1550998426,"path_taken":["M","?","?","$","?","R","E","R","T","R","E","?","?","M","R","BOSS"],"build_version":"2019-01-23","purchased_purges":0,"victory":false,"max_hp_per_floor":[75,75,75,75,75,75,75,75,75,75,75,75,75,75,75,75],"card_choices":[{"not_picked":["Infernal Blade","Armaments"],"picked":"Whirlwind","floor":1},{"not_picked":["Heavy Blade","Body Slam"],"picked":"Feel No Pain","floor":2},{"not_picked":["Searing Blow","Headbutt"],"picked":"Shrug It Off","floor":7},{"not_picked":["Clothesline","Fire Breathing","Carnage"],"picked":"SKIP","floor":11},{"not_picked":["Clothesline","Feel No Pain","True Grit"],"picked":"SKIP","floor":13},{"not_picked":["Iron Wave","Sever Soul"],"picked":"Havoc","floor":14}],"player_experience":439852,"relics_obtained":[{"floor":7,"key":"Bottled Flame"},{"floor":9,"key":"Lantern"},{"floor":11,"key":"Gremlin Horn"}],"event_choices":[{"damage_healed":0,"gold_gain":0,"player_choice":"Success","damage_taken":11,"relics_obtained":["Bronze Scales"],"max_hp_gain":0,"max_hp_loss":0,"event_name":"Scrap Ooze","floor":3,"gold_loss":0},{"damage_healed":0,"gold_gain":0,"player_choice":"Ignored","damage_taken":0,"max_hp_gain":0,"max_hp_loss":0,"event_name":"Shining Light","floor":5,"gold_loss":0},{"damage_healed":0,"gold_gain":75,"player_choice":"Gather Gold","damage_taken":11,"max_hp_gain":0,"max_hp_loss":0,"event_name":"World of Goop","floor":12,"gold_loss":0}],"is_beta":false,"boss_relics":[],"items_purged_floors":[],"is_endless":false,"potions_floor_spawned":[1,7,13,14],"killed_by":"Slime Boss","ascension_level":20}