{"gold_per_floor":[119,119,136,14,31,31,51,24,24,51,69,69,69,80,80,175,225,245,1,12,25,35,35,52,52,52,52,70,3,3,15,15,120,120,137,154,170,170,170,232,232],"floor_reached":41,"playtime":2186,"items_purged":["Normality","Shame"],"score":452,"play_id":"3e85fe67-b214-4b4f-a6cc-991b79e143ec","local_time":"20190119040922","is_ascension_mode":false,"campfire_choices":[{"data":"Bouncing Flask","floor":6,"key":"SMITH"},{"floor":15,"key":"REST"},{"data":"Calculated Gamble","floor":23,"key":"SMITH"},{"floor":25,"key":"REST"},{"data":"Night Terror","floor":27,"key":"SMITH"},{"data":"Noxious Fumes","floor":30,"key":"SMITH"},{"floor":32,"key":"REST"}],"neow_cost":"NONE","seed_source_timestamp":115120245288477,"circlet_count":0,"master_deck":["Defend_G","Defend_G","Defend_G+1","Defend_G","Defend_G","Strike_G","Strike_G","Strike_G","Strike_G","Strike_G","Survivor","Neutralize","Clumsy","Bouncing Flask+1","PiercingWail","Acrobatics","Catalyst+1","Calculated Gamble+1","Dagger Spray","Night Terror+1","Deadly Poison","Poisoned Stab","Doppelganger+1","Backflip","Poisoned Stab+1","Noxious Fumes+1","Venomology","Corpse Explosion","Noxious Fumes+1","Writhe"],"relics":["Calling Bell","Bronze Scales","Mercury Hourglass","FossilizedHelix","Dream Catcher","Ninja Scroll","Sundial","Tiny House","Snake Skull","Lizard Tail","Tiny Chest"],"potions_floor_usage":[7,10,16,18,20,24,28,33,36,36,37,40,40],"damage_taken":[{"damage":0,"enemies":"2 Louse","floor":1,"turns":2},{"damage":0,"enemies":"Cultist","floor":3,"turns":4},{"damage":0,"enemies":"Jaw Worm","floor":5,"turns":3},{"damage":2,"enemies":"Large Slime","floor":7,"turns":6},{"damage":15,"enemies":"Lagavulin","floor":10,"turns":7},{"damage":0,"enemies":"Red Slaver","floor":11,"turns":3},{"damage":0,"enemies":"Exordium Wildlife","floor":14,"turns":3},{"damage":17,"enemies":"Slime Boss","floor":16,"turns":9},{"damage":0,"enemies":"Spheric Guardian","floor":18,"turns":3},{"damage":3,"enemies":"2 Thieves","floor":20,"turns":2},{"damage":10,"enemies":"Cultist and Chosen","floor":21,"turns":4},{"damage":0,"enemies":"Snecko","floor":22,"turns":3},{"damage":23,"enemies":"Sentry and Sphere","floor":24,"turns":6},{"damage":5,"enemies":"Snake Plant","floor":28,"turns":2},{"damage":0,"enemies":"Chosen and Byrds","floor":31,"turns":4},{"damage":66,"enemies":"Collector","floor":33,"turns":7},{"damage":0,"enemies":"3 Shapes","floor":35,"turns":2},{"damage":34,"enemies":"3 Darklings","floor":36,"turns":4},{"damage":30,"enemies":"Jaw Worm Horde","floor":37,"turns":4},{"damage":58,"enemies":"Giant Head","floor":40,"turns":7},{"damage":11,"enemies":"4 Shapes","floor":41,"turns":2}],"seed_played":"-7516667715160944135","potions_obtained":[{"floor":5,"key":"PowerPotion"},{"floor":7,"key":"Swift Potion"},{"floor":11,"key":"GhostInAJar"},{"floor":14,"key":"Strength Potion"},{"floor":17,"key":"Energy Potion"},{"floor":22,"key":"EssenceOfSteel"},{"floor":24,"key":"SteroidPotion"},{"floor":33,"key":"FearPotion"},{"floor":35,"key":"FearPotion"},{"floor":37,"key":"Strength Potion"}],"is_trial":false,"path_per_floor":["M","?","M","$","M","R","M","$","T","E","M","?","?","M","R","B",null,"M","$","M","M","M","R","M","R","T","R","M","$","R","M","R","B",null,"M","M","M","$","?","E","M"],"character_chosen":"THE_SILENT","items_purchased":["Acrobatics","Dagger Spray","Snake Skull","Noxious Fumes"],"campfire_rested":3,"item_purchase_floors":[4,8,19,29],"current_hp_per_floor":[70,70,70,70,70,70,68,68,68,53,53,39,39,39,60,43,75,75,75,72,62,62,62,39,61,61,61,56,56,56,56,75,9,75,75,41,11,11,30,11,0],"gold":232,"neow_bonus":"BOSS_RELIC","is_prod":false,"is_daily":false,"chose_seed":false,"campfire_upgraded":4,"win_rate":0,"timestamp":1547883562,"path_taken":["M","?","M","$","M","R","?","$","T","E","M","?","?","M","R","BOSS","M","$","M","M","M","R","M","R","T","R","M","$","R","M","R","BOSS","M","M","M","$","?","E","M"],"build_version":"2019-01-17","purchased_purges":2,"victory":false,"max_hp_per_floor":[70,70,70,70,70,70,70,70,70,70,70,70,70,70,70,70,75,75,75,75,75,75,75,75,75,75,75,75,75,75,75,75,75,75,75,75,75,75,75,75,75],"card_choices":[{"not_picked":["Footwork","Dagger Throw"],"picked":"Bouncing Flask","floor":1},{"not_picked":["Flying Knee","Blur"],"picked":"PiercingWail","floor":3},{"not_picked":["Deflect","Prepared"],"picked":"Catalyst","floor":5},{"not_picked":["Infinite Blades","Prepared"],"picked":"Calculated Gamble","floor":7},{"not_picked":["Cloak And Dagger","Bane"],"picked":"Night Terror","floor":10},{"not_picked":["Sucker Punch","Tactician"],"picked":"Caltrops","floor":11},{"not_picked":["Predator","Quick Slash"],"picked":"Deadly Poison","floor":14},{"not_picked":["Well Laid Plans","Reflex"],"picked":"Poisoned Stab","floor":15},{"not_picked":["Storm of Steel","Glass Knife"],"picked":"Doppelganger","floor":16},{"not_picked":["Dagger Spray","Outmaneuver"],"picked":"Backflip","floor":17},{"not_picked":["Footwork","Outmaneuver","PiercingWail+1"],"picked":"SKIP","floor":18},{"not_picked":["Slice","Acrobatics","Sucker Punch"],"picked":"SKIP","floor":20},{"not_picked":["Cloak And Dagger","Quick Slash","Skewer"],"picked":"SKIP","floor":21},{"not_picked":["PiercingWail","Riddle With Holes+1","Slice"],"picked":"SKIP","floor":22},{"not_picked":["All Out Attack+1","Outmaneuver"],"picked":"Poisoned Stab+1","floor":24},{"not_picked":["Finisher+1","Outmaneuver","PiercingWail+1"],"picked":"SKIP","floor":28},{"not_picked":["Dagger Spray+1","Outmaneuver+1"],"picked":"Venomology","floor":31},{"not_picked":["Burst","Night Terror"],"picked":"Corpse Explosion","floor":33},{"not_picked":["Well Laid Plans+1","Slice+1","Acrobatics+1"],"picked":"SKIP","floor":35},{"not_picked":["Choke+1","Prepared+1","Cloak And Dagger+1"],"picked":"SKIP","floor":36},{"not_picked":["Endless Agony","Setup"],"picked":"Noxious Fumes+1","floor":37},{"not_picked":["Backstab","Quick Slash+1","Eviscerate"],"picked":"SKIP","floor":40}],"player_experience":592876,"relics_obtained":[{"floor":0,"key":"Bronze Scales"},{"floor":0,"key":"Mercury Hourglass"},{"floor":0,"key":"FossilizedHelix"},{"floor":9,"key":"Dream Catcher"},{"floor":10,"key":"Ninja Scroll"},{"floor":40,"key":"Tiny Chest"}],"event_choices":[{"damage_healed":0,"gold_gain":0,"player_choice":"Bought 0 Potions","damage_taken":0,"max_hp_gain":0,"max_hp_loss":0,"event_name":"The Woman in Blue","floor":2,"gold_loss":0},{"damage_healed":0,"gold_gain":0,"player_choice":"Entered Light","damage_taken":14,"max_hp_gain":0,"max_hp_loss":0,"event_name":"Shining Light","floor":12,"gold_loss":0,"cards_upgraded":["Defend_G","Catalyst"]},{"cards_removed":["Caltrops"],"damage_healed":0,"gold_gain":0,"player_choice":"Gave Card","damage_taken":0,"relics_obtained":["Sundial"],"max_hp_gain":0,"max_hp_loss":0,"event_name":"WeMeetAgain","floor":13,"gold_loss":0},{"damage_healed":19,"gold_gain":0,"player_choice":"Writhe","damage_taken":0,"max_hp_gain":0,"max_hp_loss":0,"event_name":"Winding Halls","floor":39,"gold_loss":0,"cards_obtained":["Writhe"]}],"is_beta":true,"boss_relics":[{"not_picked":["HoveringKite","Runic Dome"],"picked":"Tiny House"},{"not_picked":["WristBlade","Philosopher\u0027s Stone"],"picked":"Lizard Tail"}],"items_purged_floors":[4,19],"is_endless":false,"potions_floor_spawned":[5,7,11,14,22,24,33,35,37],"killed_by":"4 Shapes","ascension_level":0}