{"path_per_floor":["M","?","?","?","M","R","M","M","T","M","$","E","?","?","R","B",null,"M","M","M","?","?","$","?","R","T","M","R","?","?","T","R"],"character_chosen":"IRONCLAD","items_purchased":["Master of Strategy"],"gold_per_floor":[111,71,71,146,156,156,174,185,209,227,21,46,46,46,46,141,141,156,175,191,191,191,116,116,116,116,133,133,133,133,133,133,133],"floor_reached":33,"campfire_rested":2,"playtime":1624,"current_hp_per_floor":[74,74,74,63,64,80,75,79,79,80,80,72,72,90,90,24,90,65,67,40,90,90,90,90,90,90,86,86,86,68,68,95,0],"items_purged":["Secret Weapon"],"gold":133,"score":268,"play_id":"d134f42f-6735-4c5d-ac08-ddee00cecbf4","local_time":"20180417232952","is_prod":false,"is_daily":false,"chose_seed":false,"is_ascension_mode":false,"campfire_upgraded":3,"timestamp":1524016792,"path_taken":["M","?","?","?","M","R","M","?","T","M","$","E","?","?","R","BOSS","M","M","M","?","?","$","?","R","T","?","R","?","?","?","R","BOSS"],"build_version":"2018-04-12","seed_source_timestamp":514980802969824,"purchased_purges":1,"victory":false,"master_deck":["Strike_R+1","Strike_R+1","Strike_R+1","Strike_R+1","Strike_R+1","Defend_R+1","Defend_R+1","Defend_R+1","Defend_R+1","Bash","Flex+1","Impervious","Body Slam","Seeing Red","Shrug It Off","Heavy Blade","Offering","Infernal Blade+1","Metallicize","Inflame+1","Impervious","Inflame+1","Power Through"],"max_hp_per_floor":[80,80,80,80,80,80,80,80,80,80,80,80,80,90,90,90,90,90,90,90,90,90,90,90,90,90,90,90,90,95,95,95,95],"relics":["Burning Blood"],"card_choices":[{"not_picked":["Sword Boomerang","Anger"],"picked":"Flex","floor":1},{"not_picked":["Heavy Blade","Sever Soul"],"picked":"Seeing Red","floor":5},{"not_picked":["Warcry","Reckless Charge"],"picked":"Shrug It Off","floor":7},{"not_picked":["Shrug It Off","Rampage"],"picked":"Heavy Blade","floor":10},{"not_picked":["Limit Break","Impervious"],"picked":"Offering","floor":16},{"not_picked":["Cleave","Clothesline"],"picked":"Infernal Blade","floor":18},{"not_picked":["Intimidate","Twin Strike"],"picked":"Metallicize","floor":19},{"not_picked":["Sword Boomerang","Disarm"],"picked":"Inflame","floor":20},{"not_picked":["Pommel Strike","Havoc"],"picked":"Power Through","floor":27}],"player_experience":348265,"potions_floor_usage":[10,10,12,16,16,20,27],"damage_taken":[{"damage":12,"enemies":"Small Slimes","floor":1,"turns":3},{"damage":5,"enemies":"Cultist","floor":5,"turns":4},{"damage":11,"enemies":"2 Louse","floor":7,"turns":3},{"damage":2,"enemies":"Blue Slaver","floor":8,"turns":4},{"damage":2,"enemies":"Lots of Slimes","floor":10,"turns":7},{"damage":14,"enemies":"Gremlin Nob","floor":12,"turns":5},{"damage":87,"enemies":"Slime Boss","floor":16,"turns":16},{"damage":31,"enemies":"Chosen","floor":18,"turns":7},{"damage":4,"enemies":"Shell Parasite","floor":19,"turns":2},{"damage":33,"enemies":"3 Cultists","floor":20,"turns":7},{"damage":22,"enemies":"Cultist and Chosen","floor":27,"turns":8},{"damage":98,"enemies":"Champ","floor":33,"turns":13}],"event_choices":[{"event_name":"The Woman in Blue","player_choice":"Bought 3 Potions","floor":2,"damage_taken":0},{"event_name":"Match and Keep!","player_choice":"2 cards matched","floor":3,"damage_taken":0},{"event_name":"World of Goop","player_choice":"Gather Gold","floor":4,"damage_taken":0},{"event_name":"Transmorgrifier","player_choice":"Transform","floor":13,"damage_taken":0},{"event_name":"Bonfire Elementals","player_choice":"RARE","floor":14,"damage_taken":0},{"event_name":"Wheel of Change","player_choice":"Full Heal","floor":21,"damage_taken":0},{"event_name":"Duplicator","player_choice":"One dupe","floor":22,"damage_taken":0},{"event_name":"The Library","player_choice":"Read","floor":24,"damage_taken":0},{"event_name":"Back to Basics","player_choice":"Simplicity","floor":29,"damage_taken":0},{"event_name":"Forgotten Altar","player_choice":"Shed Blood","floor":30,"damage_taken":0}],"boss_relics":[{"not_picked":["Snecko Eye","Velvet Choker","Runic Cube"]}],"potions_floor_spawned":[7,8,10,12,19,20],"seed_played":"3707980379101869942","killed_by":"Champ","ascension_level":0,"is_trial":false}