{"gold_per_floor":[114,214,88,108,121,121,138,166,218,231,231,231,231,258,258,258],"floor_reached":16,"playtime":649,"items_purged":[],"score":220,"play_id":"126a6f48-227b-4649-a4f6-6fa6affe86dd","local_time":"20190222205940","is_ascension_mode":true,"campfire_choices":[{"data":"Rage","floor":6,"key":"SMITH"},{"floor":11,"key":"REST"},{"data":"Reaper","floor":13,"key":"SMITH"},{"floor":15,"key":"REST"}],"neow_cost":"NONE","seed_source_timestamp":15554949673615728,"circlet_count":0,"master_deck":["AscendersBane","Strike_R","Strike_R","Strike_R","Strike_R","Defend_R","Defend_R","Defend_R","Defend_R","Bash","Heavy Blade","Iron Wave","Rage+1","Metallicize","Reaper+1","Flex","Warcry","Flex","Clash"],"relics":["Burning Blood","Meat on the Bone","Boot","Vajra"],"potions_floor_usage":[8],"damage_taken":[{"damage":2,"enemies":"2 Louse","floor":1,"turns":4},{"damage":4,"enemies":"Cultist","floor":4,"turns":4},{"damage":12,"enemies":"Small Slimes","floor":5,"turns":4},{"damage":5,"enemies":"Blue Slaver","floor":7,"turns":4},{"damage":52,"enemies":"3 Sentries","floor":8,"turns":10},{"damage":15,"enemies":"Red Slaver","floor":10,"turns":4},{"damage":81,"enemies":"Gremlin Nob","floor":14,"turns":5},{"damage":55,"enemies":"The Guardian","floor":16,"turns":10}],"seed_played":"-8184053896615731549","potions_obtained":[{"floor":5,"key":"Strength Potion"},{"floor":8,"key":"FairyPotion"}],"is_trial":false,"path_per_floor":["M","?","$","M","M","R","M","E","T","M","R","?","R","E","R","B"],"character_chosen":"IRONCLAD","items_purchased":["Rage","Metallicize"],"campfire_rested":2,"item_purchase_floors":[3,3],"current_hp_per_floor":[72,72,72,74,72,72,73,40,40,48,70,70,70,25,47,0],"gold":258,"neow_bonus":"TRANSFORM_CARD","is_prod":false,"is_daily":false,"chose_seed":false,"campfire_upgraded":2,"win_rate":0,"timestamp":1550865580,"path_taken":["M","?","$","M","M","R","M","E","T","?","R","?","R","E","R","BOSS"],"build_version":"2019-01-23","purchased_purges":0,"victory":false,"max_hp_per_floor":[75,75,75,75,75,75,75,75,75,75,75,75,75,75,75,75],"card_choices":[{"not_picked":["Sword Boomerang","Heavy Blade"],"picked":"Iron Wave","floor":1},{"not_picked":["Twin Strike","Thunderclap"],"picked":"Reaper","floor":4},{"not_picked":["Warcry","Whirlwind"],"picked":"Flex","floor":5},{"not_picked":["Cleave","Shrug It Off"],"picked":"Warcry","floor":7},{"not_picked":["Heavy Blade","Seeing Red"],"picked":"Flex","floor":8},{"not_picked":["Body Slam","Havoc","Warcry"],"picked":"SKIP","floor":10},{"not_picked":["Reckless Charge","Brutality"],"picked":"Clash","floor":14}],"player_experience":429549,"relics_obtained":[{"floor":8,"key":"Meat on the Bone"},{"floor":9,"key":"Boot"},{"floor":14,"key":"Vajra"}],"event_choices":[{"damage_healed":0,"gold_gain":100,"player_choice":"Gold","damage_taken":0,"max_hp_gain":0,"max_hp_loss":0,"event_name":"Wheel of Change","floor":2,"gold_loss":0},{"damage_healed":0,"gold_gain":0,"player_choice":"Ignored","damage_taken":0,"max_hp_gain":0,"max_hp_loss":0,"event_name":"Golden Idol","floor":12,"gold_loss":0}],"is_beta":false,"boss_relics":[],"items_purged_floors":[],"is_endless":false,"potions_floor_spawned":[5,8],"killed_by":"The Guardian","ascension_level":20}