{"path_per_floor":["M","?","$","?","M","R","$","R","T","$","M","M","?","T","R","B",null,"M","M","$","M","M","R","M"],"character_chosen":"THE_SILENT","items_purchased":["Sucker Punch","Leg Sweep","Noxious Fumes","Dream Catcher"],"gold_per_floor":[109,109,63,63,73,73,38,38,86,6,19,39,39,39,39,140,140,155,168,18,30,50,50,64,64],"floor_reached":25,"campfire_rested":2,"playtime":1436,"item_purchase_floors":[3,7,10,20],"current_hp_per_floor":[69,69,69,69,64,70,70,70,70,70,70,60,53,53,70,34,70,67,48,48,15,35,64,64,0],"items_purged":[],"gold":64,"score":203,"play_id":"ecba1dfd-e757-4d94-91ce-b6b2dede13c9","local_time":"20180615055004","is_prod":false,"is_daily":false,"chose_seed":false,"is_ascension_mode":true,"campfire_upgraded":2,"win_rate":0,"timestamp":1529050804,"campfire_choices":[{"data":"Dagger Spray","floor":6,"key":"SMITH"},{"data":"Neutralize","floor":8,"key":"SMITH"},{"floor":15,"key":"REST"},{"floor":23,"key":"REST"}],"path_taken":["M","?","$","?","M","R","$","R","T","$","?","M","?","?","R","BOSS","M","M","$","?","M","R","M","E"],"build_version":"2018-06-14v2","seed_source_timestamp":107204418784006,"purchased_purges":0,"victory":false,"master_deck":["Defend_G","Defend_G","Defend_G","Defend_G","Defend_G","Strike_G","Strike_G","Strike_G","Strike_G","Survivor","Neutralize+1","Expertise","Sucker Punch","Dagger Spray+1","Leg Sweep","Noxious Fumes","Malaise","Tools of the Trade","Corpse Explosion","Dagger Throw+1","Bane","Leg Sweep","Backflip"],"max_hp_per_floor":[70,70,70,70,70,70,70,70,70,70,70,70,70,70,70,70,70,70,70,70,70,70,70,70,70],"relics":["Eternal Feather","Ninja Scroll","Blood Vial","Dodecahedron","Lizard Tail","Dream Catcher"],"card_choices":[{"not_picked":["Acrobatics","Deadly Poison"],"picked":"Expertise","floor":1},{"not_picked":["Quick Slash","Footwork"],"picked":"Dagger Spray","floor":5},{"not_picked":["Dodge and Roll","PiercingWail"],"picked":"Malaise","floor":11},{"not_picked":["Blur","Deadly Poison"],"picked":"Tools of the Trade","floor":12},{"not_picked":["Venomology","Tools of the Trade"],"picked":"Corpse Explosion","floor":16},{"not_picked":["Cloak And Dagger","Acrobatics","Quick Slash"],"picked":"SKIP","floor":18},{"not_picked":["Eviscerate+1","Deflect"],"picked":"Dagger Throw+1","floor":19},{"not_picked":["Dodge and Roll+1","Accuracy"],"picked":"Bane","floor":21},{"not_picked":["Poisoned Stab","Slice"],"picked":"Leg Sweep","floor":22},{"not_picked":["Dodge and Roll","Heel Hook+1"],"picked":"Backflip","floor":24}],"player_experience":471833,"potions_floor_usage":[12,16,22],"damage_taken":[{"damage":1,"enemies":"Jaw Worm","floor":1,"turns":5},{"damage":5,"enemies":"Cultist","floor":5,"turns":5},{"damage":0,"enemies":"2 Louse","floor":11,"turns":2},{"damage":10,"enemies":"Blue Slaver","floor":12,"turns":4},{"damage":36,"enemies":"Slime Boss","floor":16,"turns":11},{"damage":3,"enemies":"3 Byrds","floor":18,"turns":5},{"damage":21,"enemies":"Chosen","floor":19,"turns":6},{"damage":35,"enemies":"Centurion and Healer","floor":21,"turns":10},{"damage":25,"enemies":"Chosen and Byrds","floor":22,"turns":10},{"damage":2,"enemies":"Snecko","floor":24,"turns":7},{"damage":73,"enemies":"Gremlin Leader","floor":25,"turns":8}],"relics_obtained":[{"floor":9,"key":"Blood Vial"},{"floor":14,"key":"Dodecahedron"}],"event_choices":[{"event_name":"Purifier","player_choice":"One Purge","floor":2,"damage_taken":0},{"event_name":"Big Fish","player_choice":"Box","floor":4,"damage_taken":0},{"event_name":"Golden Wing","player_choice":"Card Removal","floor":13,"damage_taken":0}],"boss_relics":[{"not_picked":["Orrery","Ectoplasm"],"picked":"Lizard Tail"}],"items_purged_floors":[],"is_endless":true,"potions_floor_spawned":[11,12,21,22],"seed_played":"849316203462111921","killed_by":"Gremlin Leader","ascension_level":1,"potions_obtained":[{"floor":11,"key":"PowerPotion"},{"floor":12,"key":"Fire Potion"},{"floor":21,"key":"GamblersBrew"},{"floor":22,"key":"Ancient Potion"}],"is_trial":false}