{"path_per_floor":["M","M","M","M","M","?","R","E","T","?","M","E","R","E","R","B",null,"M","?","M","$","?","R","M","M","T","R","?","R","?","M","R","B",null,"M","M","M","$","?","R","M","R","T","M","R","T","$","M","R"],"character_chosen":"IRONCLAD","items_purchased":["Secret Technique","Vajra"],"gold_per_floor":[219,238,248,261,276,276,276,311,341,341,352,378,378,407,407,502,502,522,447,457,169,169,169,189,202,202,202,202,202,202,218,218,316,316,326,343,361,113,113,113,129,129,129,148,148,148,23,36,36,36],"floor_reached":50,"campfire_rested":4,"playtime":1843,"current_hp_per_floor":[79,78,80,73,74,74,74,59,59,43,37,29,53,40,40,8,90,66,66,59,59,41,41,33,19,19,47,47,47,47,45,73,8,95,81,67,59,59,59,59,67,67,67,46,46,46,46,50,78,0],"items_purged":["Defend_R","Strike_R","Strike_R"],"gold":36,"score":514,"play_id":"70a16a30-ee9c-4274-871e-f7dcd93167a5","local_time":"20180425170059","is_prod":false,"is_daily":false,"chose_seed":false,"is_ascension_mode":false,"campfire_upgraded":7,"timestamp":1524690059,"path_taken":["M","M","M","M","M","?","R","E","T","?","M","E","R","E","R","BOSS","M","?","M","$","?","R","M","M","T","R","?","R","?","M","R","BOSS","M","M","?","$","?","R","M","R","T","M","R","?","$","M","R","BOSS"],"build_version":"2018-04-19","seed_source_timestamp":13996907463867,"purchased_purges":4,"victory":false,"master_deck":["Strike_R+1","Strike_R","Defend_R+1","Defend_R","Defend_R","Bash","Dual Wield","Spot Weakness+1","Whirlwind+1","Flex+1","Bludgeon","Twin Strike+1","Pummel+1","Twin Strike","Demon Form+1","True Grit","Warcry+1","Secret Technique+1","Pommel Strike+1","Cleave","Heavy Blade+1","Iron Wave+1","Offering","Spot Weakness+1","Thunderclap+1","Pummel+1"],"max_hp_per_floor":[80,80,80,80,80,80,80,80,80,80,80,80,80,90,90,90,90,90,90,90,90,95,95,95,95,95,95,95,95,95,95,95,95,95,95,95,95,95,95,95,95,95,95,95,95,95,95,95,95,95],"relics":["Burning Blood","Blood Vial","Tiny Chest","Bag of Marbles","Pear","Mark of Pain","Oddly Smooth Stone","Velvet Choker","Vajra","Toxic Egg 2","Molten Egg 2"],"card_choices":[{"not_picked":["Warcry","Pommel Strike"],"picked":"Dual Wield","floor":1},{"not_picked":["Corruption","Warcry"],"picked":"Spot Weakness","floor":2},{"not_picked":["Armaments","Battle Trance"],"picked":"Whirlwind","floor":4},{"not_picked":["Sword Boomerang","Perfected Strike"],"picked":"Flex","floor":5},{"not_picked":["Juggernaut","Power Through"],"picked":"Bludgeon","floor":8},{"not_picked":["Intimidate","Iron Wave"],"picked":"Twin Strike","floor":11},{"not_picked":["Bloodletting","Anger"],"picked":"Pummel","floor":12},{"not_picked":["Iron Wave","Reaper"],"picked":"Twin Strike","floor":14},{"not_picked":["Reaper","Impervious"],"picked":"Demon Form","floor":16},{"not_picked":["Power Through","Twin Strike"],"picked":"True Grit","floor":18},{"not_picked":["Headbutt","Armaments"],"picked":"Warcry","floor":20},{"not_picked":["Fiend Fire","Spot Weakness"],"picked":"Pommel Strike","floor":24},{"not_picked":["Power Through","Perfected Strike"],"picked":"Cleave","floor":25},{"not_picked":["Perfected Strike","Twin Strike"],"picked":"Iron Wave","floor":31},{"not_picked":["Juggernaut","Immolate"],"picked":"Offering","floor":33},{"not_picked":["Clash","Combust"],"picked":"Spot Weakness","floor":35},{"not_picked":["Warcry","Dual Wield"],"picked":"Thunderclap","floor":36},{"not_picked":["Combust","Bloodletting"],"picked":"Pummel","floor":41}],"player_experience":75292,"potions_floor_usage":[8,14,24,25,25,25,44,50],"damage_taken":[{"damage":7,"enemies":"Cultist","floor":1,"turns":5},{"damage":7,"enemies":"2 Louse","floor":2,"turns":3},{"damage":0,"enemies":"Small Slimes","floor":3,"turns":3},{"damage":13,"enemies":"3 Louse","floor":4,"turns":4},{"damage":5,"enemies":"2 Fungi Beasts","floor":5,"turns":4},{"damage":21,"enemies":"Gremlin Nob","floor":8,"turns":4},{"damage":14,"enemies":"Blue Slaver","floor":11,"turns":4},{"damage":16,"enemies":"3 Sentries","floor":12,"turns":4},{"damage":31,"enemies":"Lagavulin","floor":14,"turns":6},{"damage":40,"enemies":"Slime Boss","floor":16,"turns":8},{"damage":30,"enemies":"Spheric Guardian","floor":18,"turns":4},{"damage":15,"enemies":"Shell Parasite","floor":20,"turns":3},{"damage":16,"enemies":"Centurion and Healer","floor":24,"turns":4},{"damage":22,"enemies":"Snake Plant","floor":25,"turns":4},{"damage":10,"enemies":"Sentry and Sphere","floor":31,"turns":3},{"damage":73,"enemies":"Automaton","floor":33,"turns":7},{"damage":20,"enemies":"3 Darklings","floor":35,"turns":4},{"damage":22,"enemies":"3 Shapes","floor":36,"turns":3},{"damage":16,"enemies":"Sphere and 2 Shapes","floor":37,"turns":4},{"damage":0,"enemies":"4 Shapes","floor":41,"turns":2},{"damage":29,"enemies":"Maw","floor":44,"turns":5},{"damage":4,"enemies":"Sphere and 2 Shapes","floor":48,"turns":2},{"damage":103,"enemies":"Awakened One","floor":50,"turns":5}],"event_choices":[{"event_name":"The Woman in Blue","player_choice":"Bought 0 Potions","floor":6,"damage_taken":0},{"event_name":"Shining Light","player_choice":"Entered Light","floor":10,"damage_taken":0},{"event_name":"Beggar","player_choice":"Gave Gold","floor":19,"damage_taken":0},{"event_name":"Forgotten Altar","player_choice":"Shed Blood","floor":22,"damage_taken":0},{"event_name":"Ghosts","player_choice":"Ignored","floor":28,"damage_taken":0},{"event_name":"The Library","player_choice":"Read","floor":30,"damage_taken":0},{"event_name":"Accursed Blacksmith","player_choice":"Forge","floor":39,"damage_taken":0}],"boss_relics":[{"not_picked":["Ectoplasm","White Beast Statue"],"picked":"Mark of Pain"},{"not_picked":["Calling Bell","Eternal Feather"],"picked":"Velvet Choker"}],"potions_floor_spawned":[2,3,4,11,12,18,20,24,36,41],"seed_played":"2245506501729917184","killed_by":"Awakened One","ascension_level":0,"is_trial":false}