{"gold_per_floor":[19,37,37,37,60,60,74,74,100,100,114,148,169,244,244,337,337,357,357,357,378,378,378,378],"floor_reached":24,"playtime":945,"items_purged":[],"score":542,"play_id":"3c3079c8-2872-4343-ae59-9e415facdaf2","local_time":"20190126153305","is_ascension_mode":true,"campfire_choices":[{"data":"Lockon","floor":6,"key":"SMITH"},{"floor":8,"key":"REST"},{"data":"Go for the Eyes","floor":15,"key":"SMITH"},{"data":"Loop","floor":23,"key":"SMITH"}],"neow_cost":"NO_GOLD","seed_source_timestamp":12069111870498,"circlet_count":0,"master_deck":["AscendersBane","Strike_B","Strike_B","Defend_B","Defend_B+1","Defend_B","Defend_B","Zap","Dualcast","Lockon+1","Glacier+1","Coolheaded","Beam Cell+1","Go for the Eyes+1","Multi-Cast","Rebound","Reboot","Compile Driver","Loop+1","Capacitor","Undo"],"relics":["Cracked Core","Pocketwatch","Golden Idol","PreservedInsect","DataDisk","Philosopher\u0027s Stone","Mercury Hourglass"],"potions_floor_usage":[16,21,24],"damage_taken":[{"damage":0,"enemies":"2 Louse","floor":1,"turns":2},{"damage":0,"enemies":"Small Slimes","floor":2,"turns":2},{"damage":0,"enemies":"Cultist","floor":5,"turns":2},{"damage":3,"enemies":"3 Louse","floor":7,"turns":5},{"damage":0,"enemies":"2 Fungi Beasts","floor":11,"turns":3},{"damage":0,"enemies":"Gremlin Nob","floor":12,"turns":3},{"damage":7,"enemies":"Large Slime","floor":13,"turns":5},{"damage":0,"enemies":"Hexaghost","floor":16,"turns":8},{"damage":1,"enemies":"Spheric Guardian","floor":18,"turns":6},{"damage":29,"enemies":"3 Byrds","floor":21,"turns":5},{"damage":80,"enemies":"Gremlin Leader","floor":24,"turns":7}],"seed_played":"6830684196986301252","potions_obtained":[{"floor":2,"key":"Energy Potion"},{"floor":5,"key":"Fire Potion"},{"floor":11,"key":"Block Potion"},{"floor":13,"key":"Strength Potion"},{"floor":21,"key":"Regen Potion"}],"is_trial":false,"path_per_floor":["M","M","?","?","M","R","M","R","T","?","M","E","M","?","R","B",null,"M","?","?","M","?","R","E"],"character_chosen":"DEFECT","items_purchased":[],"campfire_rested":1,"item_purchase_floors":[],"current_hp_per_floor":[64,64,40,19,19,19,16,37,37,37,37,37,30,19,19,19,58,57,57,57,28,28,28,0],"gold":378,"neow_bonus":"ONE_RARE_RELIC","is_prod":false,"is_daily":false,"chose_seed":false,"campfire_upgraded":3,"win_rate":0,"timestamp":1548513185,"path_taken":["M","M","?","?","M","R","M","R","T","?","M","E","?","?","R","BOSS","M","?","?","?","?","R","E"],"build_version":"2019-01-23","purchased_purges":0,"victory":false,"max_hp_per_floor":[71,71,71,71,71,71,71,71,71,71,71,71,71,71,71,71,71,71,71,71,71,71,71,71],"card_choices":[{"not_picked":["Compile Driver","Fusion"],"picked":"Lockon","floor":1},{"not_picked":["Turbo","Gash"],"picked":"Glacier","floor":2},{"not_picked":["Streamline","Chill"],"picked":"Coolheaded","floor":5},{"not_picked":["Tempest","Stack"],"picked":"Beam Cell","floor":7},{"not_picked":["Gash","Chill"],"picked":"Go for the Eyes","floor":11},{"not_picked":["Reprogram","Skim"],"picked":"Multi-Cast","floor":12},{"not_picked":["Force Field","Blizzard"],"picked":"Rebound","floor":13},{"not_picked":["Amplify","Multi-Cast"],"picked":"Reboot","floor":16},{"not_picked":["Gash+1","Streamline"],"picked":"Compile Driver","floor":18},{"not_picked":["Sweeping Beam","Leap"],"picked":"Undo","floor":21}],"player_experience":919442,"relics_obtained":[{"floor":9,"key":"PreservedInsect"},{"floor":12,"key":"DataDisk"}],"event_choices":[{"damage_healed":0,"gold_gain":0,"player_choice":"Take Damage","damage_taken":24,"relics_obtained":["Golden Idol"],"max_hp_gain":0,"max_hp_loss":0,"event_name":"Golden Idol","floor":3,"gold_loss":0},{"damage_healed":0,"gold_gain":0,"player_choice":"Entered Light","damage_taken":21,"max_hp_gain":0,"max_hp_loss":0,"event_name":"Shining Light","floor":4,"gold_loss":0,"cards_upgraded":["Defend_B","Glacier"]},{"damage_healed":0,"gold_gain":0,"player_choice":"Upgraded","damage_taken":0,"max_hp_gain":0,"max_hp_loss":0,"event_name":"Upgrade Shrine","floor":10,"gold_loss":0,"cards_upgraded":["Beam Cell"]},{"damage_healed":0,"gold_gain":75,"player_choice":"Gather Gold","damage_taken":11,"max_hp_gain":0,"max_hp_loss":0,"event_name":"World of Goop","floor":14,"gold_loss":0},{"damage_healed":0,"gold_gain":0,"cards_transformed":["Strike_B","Strike_B"],"player_choice":"Became Test Subject","damage_taken":0,"max_hp_gain":0,"max_hp_loss":0,"event_name":"Drug Dealer","floor":19,"gold_loss":0,"cards_obtained":["Loop","Capacitor"]},{"damage_healed":0,"gold_gain":0,"player_choice":"Opened","damage_taken":0,"relics_obtained":["Mercury Hourglass"],"max_hp_gain":0,"max_hp_loss":0,"event_name":"The Mausoleum","floor":20,"gold_loss":0,"cards_obtained":["Writhe"]},{"cards_removed":["Writhe"],"damage_healed":0,"gold_gain":0,"player_choice":"Purged","damage_taken":0,"max_hp_gain":0,"max_hp_loss":0,"event_name":"Purifier","floor":22,"gold_loss":0}],"is_beta":true,"boss_relics":[{"not_picked":["Busted Crown","Tiny House"],"picked":"Philosopher\u0027s Stone"}],"items_purged_floors":[],"is_endless":false,"potions_floor_spawned":[2,5,11,13,21],"killed_by":"Gremlin Leader","ascension_level":20}