{"path_per_floor":["M","M","?","?","?","R","M","M","T","R","?","M","?","M","R","B",null,"M","$","?","M","M","R","?","M","T","M","R","?"],"character_chosen":"THE_SILENT","items_purchased":["Matryoshka","Art of War"],"gold_per_floor":[139,149,149,149,149,149,167,181,181,181,181,200,275,290,290,390,390,407,10,10,26,39,39,39,59,83,103,103,103],"floor_reached":30,"campfire_rested":3,"playtime":2012,"current_hp_per_floor":[75,75,75,75,75,75,72,72,72,72,47,37,26,26,48,13,75,58,58,58,63,35,57,57,29,29,3,26,26],"items_purged":[],"gold":103,"score":222,"play_id":"402be394-a05d-4042-ab00-d0708a664ff4","local_time":"20180305015802","is_prod":false,"is_daily":false,"is_ascension_mode":false,"campfire_upgraded":2,"timestamp":1520227682,"path_taken":["M","M","?","?","?","R","M","?","T","R","?","M","?","M","R","BOSS","M","?","?","M","M","R","?","M","T","?","R","?","M"],"build_version":"2018-03-01-PROD1","purchased_purges":0,"victory":false,"master_deck":["Defend_G","Defend_G","Defend_G","Defend_G","Defend_G","Strike_G","Strike_G","Strike_G","Strike_G+1","Strike_G","Survivor","Neutralize","Outmaneuver","Envenom+1","Deadly Poison","Swift Strike","A Thousand Cuts","Dagger Spray+1","Distraction","Noxious Fumes","Venomology","Blur","All Out Attack+1","Distraction+1","Injury"],"max_hp_per_floor":[75,75,75,75,75,75,75,75,75,75,75,75,75,75,75,75,75,75,75,75,75,75,75,75,75,75,77,77,77],"relics":["Tiny House","Ninja Scroll","Sundial","Cursed Key","Matryoshka","Art of War","Singing Bowl","Anchor"],"card_choices":[{"not_picked":["Prepared","Dagger Throw"],"picked":"Outmaneuver"},{"not_picked":["Riddle With Holes","Deadly Poison"],"picked":"Envenom"},{"not_picked":["Blade Dance","Heel Hook"],"picked":"Deadly Poison"},{"not_picked":["Deflect","Prepared"],"picked":"Dagger Spray"},{"not_picked":["Dagger Throw","Masterful Stab"],"picked":"Distraction"},{"not_picked":["Prepared","Slice"],"picked":"Noxious Fumes"},{"not_picked":["Unload","Bullet Time"],"picked":"Venomology"},{"not_picked":["Finisher","Crippling Poison"],"picked":"Blur"},{"not_picked":["Deflect","Poisoned Stab"],"picked":"All Out Attack"},{"not_picked":["Escape Plan","Poisoned Stab"],"picked":"Distraction"}],"player_experience":112046,"potions_floor_usage":[8,8,16,18,21,21,21,22,22,25,25,27,27,30],"damage_taken":[{"damage":0,"enemies":"2 Louse","floor":1,"turns":4},{"damage":0,"enemies":"Cultist","floor":2,"turns":4},{"damage":3,"enemies":"Jaw Worm","floor":7,"turns":4},{"damage":0,"enemies":"3 Louse","floor":8,"turns":2},{"damage":10,"enemies":"Looter","floor":12,"turns":2},{"damage":0,"enemies":"Lots of Slimes","floor":14,"turns":1},{"damage":35,"enemies":"Slime Boss","floor":16,"turns":8},{"damage":17,"enemies":"Spheric Guardian","floor":18,"turns":4},{"damage":7,"enemies":"Shell Parasite","floor":21,"turns":5},{"damage":28,"enemies":"Snecko","floor":22,"turns":6},{"damage":28,"enemies":"Centurion and Healer","floor":25,"turns":8},{"damage":28,"enemies":"3 Cultists","floor":27,"turns":5},{"damage":34,"enemies":"Cultist and Chosen","floor":30,"turns":6}],"event_choices":[{"event_name":"Match and Keep!","player_choice":"2 cards matched","floor":3,"damage_taken":0},{"event_name":"The Cleric","player_choice":"Leave","floor":4,"damage_taken":0},{"event_name":"Golden Wing","player_choice":"Ignored","floor":5,"damage_taken":0},{"event_name":"Scrap Ooze","player_choice":"success","floor":11,"damage_taken":25},{"event_name":"World of Goop","player_choice":"Gather Gold","floor":13,"damage_taken":0},{"event_name":"The Lab","player_choice":"Got Potions","floor":20,"damage_taken":0},{"event_name":"Beggar","player_choice":"Ignored","floor":24,"damage_taken":0},{"event_name":"N\u0027loth","player_choice":"Ignored","floor":29,"damage_taken":0}],"boss_relics":[{"not_picked":["Astrolabe","Snecko Eye"],"picked":"Cursed Key"}],"potions_floor_spawned":[7,8,16,18,25,27],"seed_played":"4789389995641119968","killed_by":"Cultist and Chosen","ascension_level":0,"is_trial":false}