{"gold_per_floor":[116,134,154,169,244,273,288,322,348,348,362,362,312,331,331,428,428,441,111,100,25,41,41],"floor_reached":23,"playtime":1826,"items_purged":["Strike_R"],"score":205,"play_id":"2bd281ef-67e7-46d7-89f6-5bd2d9709a02","local_time":"20190108213947","is_ascension_mode":false,"campfire_choices":[{"data":"Armaments","floor":10,"key":"SMITH"},{"data":"Sword Boomerang","floor":12,"key":"SMITH"},{"data":"Heavy Blade","floor":15,"key":"SMITH"}],"neow_cost":"NONE","seed_source_timestamp":8630202505145,"circlet_count":0,"master_deck":["Strike_R","Strike_R","Strike_R+1","Strike_R","Defend_R","Defend_R","Bash","Armaments+1","Pommel Strike","Iron Wave+1","Shrug It Off","Shrug It Off","Twin Strike","Sword Boomerang+1","Heavy Blade+1","Limit Break","Pommel Strike+1","Pommel Strike"],"relics":["Burning Blood","NeowsBlessing","Red Skull","Whetstone","Blood Vial","Runic Cube","Toolbox"],"potions_floor_usage":[6,16,16,20,23],"damage_taken":[{"damage":0,"enemies":"Cultist","floor":1,"turns":1},{"damage":0,"enemies":"Jaw Worm","floor":2,"turns":1},{"damage":0,"enemies":"2 Louse","floor":3,"turns":1},{"damage":3,"enemies":"2 Fungi Beasts","floor":4,"turns":3},{"damage":10,"enemies":"3 Sentries","floor":6,"turns":13},{"damage":0,"enemies":"Looter","floor":7,"turns":4},{"damage":28,"enemies":"Gremlin Nob","floor":8,"turns":5},{"damage":20,"enemies":"Exordium Thugs","floor":11,"turns":5},{"damage":4,"enemies":"Red Slaver","floor":14,"turns":3},{"damage":20,"enemies":"Hexaghost","floor":16,"turns":9},{"damage":5,"enemies":"Chosen","floor":18,"turns":5},{"damage":19,"enemies":"2 Thieves","floor":20,"turns":4},{"damage":44,"enemies":"Centurion and Healer","floor":22,"turns":8},{"damage":39,"enemies":"Slavers","floor":23,"turns":3}],"seed_played":"-1237322942598612745","potions_obtained":[{"floor":1,"key":"SpeedPotion"},{"floor":2,"key":"PowerPotion"},{"floor":8,"key":"GamblersBrew"},{"floor":11,"key":"Ancient Potion"},{"floor":18,"key":"Weak Potion"}],"is_trial":false,"path_per_floor":["M","M","M","M","?","E","M","E","T","R","M","R","?","M","R","B",null,"M","$","M","?","M","E"],"character_chosen":"IRONCLAD","items_purchased":["Pommel Strike","Toolbox"],"campfire_rested":0,"item_purchase_floors":[19,19],"current_hp_per_floor":[80,80,80,80,69,65,71,49,49,49,37,37,37,41,41,29,80,80,80,67,67,31,0],"gold":41,"neow_bonus":"THREE_ENEMY_KILL","is_prod":false,"is_daily":false,"chose_seed":false,"campfire_upgraded":3,"win_rate":0,"timestamp":1546983587,"path_taken":["M","M","M","M","?","E","M","E","T","R","M","R","?","M","R","BOSS","M","$","M","?","M","E"],"build_version":"2019-01-03v4","purchased_purges":1,"victory":false,"max_hp_per_floor":[80,80,80,80,80,80,80,80,80,80,80,80,80,80,80,80,80,80,80,80,80,80,80],"card_choices":[{"not_picked":["True Grit","Shockwave"],"picked":"Armaments","floor":1},{"not_picked":["Whirlwind","Perfected Strike"],"picked":"Pommel Strike","floor":2},{"not_picked":["Sword Boomerang","Spot Weakness"],"picked":"Iron Wave","floor":3},{"not_picked":["Evolve","Clash","Body Slam"],"picked":"SKIP","floor":4},{"not_picked":["Blood for Blood","Pummel"],"picked":"Shrug It Off","floor":6},{"not_picked":["Combust","Thunderclap"],"picked":"Shrug It Off","floor":7},{"not_picked":["Clothesline","Anger"],"picked":"Twin Strike","floor":8},{"not_picked":["Wild Strike","Flex"],"picked":"Sword Boomerang","floor":11},{"not_picked":["Brutality","Iron Wave"],"picked":"Heavy Blade","floor":14},{"not_picked":["Juggernaut","Berserk"],"picked":"Limit Break","floor":16},{"not_picked":["Iron Wave","Headbutt"],"picked":"Pommel Strike+1","floor":18},{"not_picked":["Rampage","Body Slam+1","Headbutt"],"picked":"SKIP","floor":20},{"not_picked":["Combust","Power Through","Brutality"],"picked":"SKIP","floor":22}],"player_experience":42082,"relics_obtained":[{"floor":6,"key":"Red Skull"},{"floor":8,"key":"Whetstone"},{"floor":9,"key":"Blood Vial"}],"event_choices":[{"damage_healed":0,"gold_gain":75,"player_choice":"Gather Gold","damage_taken":11,"max_hp_gain":0,"max_hp_loss":0,"event_name":"World of Goop","floor":5,"gold_loss":0},{"cards_removed":["Defend_R"],"damage_healed":0,"gold_gain":0,"player_choice":"Card Removal","damage_taken":0,"max_hp_gain":0,"max_hp_loss":0,"event_name":"The Cleric","floor":13,"gold_loss":50},{"cards_removed":["Defend_R"],"damage_healed":0,"gold_gain":0,"player_choice":"Gave Gold","damage_taken":0,"max_hp_gain":0,"max_hp_loss":0,"event_name":"Beggar","floor":21,"gold_loss":75}],"is_beta":false,"boss_relics":[{"not_picked":["Snecko Eye","Runic Dome"],"picked":"Runic Cube"}],"items_purged_floors":[19],"is_endless":false,"potions_floor_spawned":[1,2,8,11,14,18],"killed_by":"Slavers","ascension_level":0}