{"gold_per_floor":[219,234,244,419,429,429,455,473,554,554,454,419,352,366,366,466,466,466,466,466,466,466,466,466,466,466,466,466,466,173,173,173,173],"floor_reached":33,"playtime":1877,"items_purged":["Doubt"],"score":251,"play_id":"223aa652-fcb0-496d-a228-168ec2b02d96","local_time":"20190210044959","is_ascension_mode":false,"campfire_choices":[{"floor":6,"key":"REST"},{"floor":15,"key":"REST"},{"floor":23,"key":"REST"},{"floor":25,"key":"REST"},{"floor":32,"key":"REST"}],"neow_cost":"NONE","seed_source_timestamp":40613271993559,"circlet_count":0,"master_deck":["Strike_B","Strike_B","Strike_B","Strike_B","Defend_B","Defend_B","Defend_B","Defend_B","Zap","Dualcast","Sunder","Darkness+1","Consume","Machine Learning","Go for the Eyes","Doom and Gloom","Auto Shields","Machine Learning","Reprogram+1","Genetic Algorithm","Conserve Battery","Melter","Double Energy+1"],"relics":["Cracked Core","Omamori","Letter Opener","Ectoplasm","Darkstone Periapt","Mango"],"potions_floor_usage":[7,7,8,16,19,24,24],"damage_taken":[{"damage":2,"enemies":"2 Louse","floor":1,"turns":2},{"damage":5,"enemies":"Small Slimes","floor":2,"turns":4},{"damage":6,"enemies":"Jaw Worm","floor":3,"turns":3},{"damage":23,"enemies":"Large Slime","floor":5,"turns":6},{"damage":47,"enemies":"3 Sentries","floor":7,"turns":9},{"damage":10,"enemies":"Lots of Slimes","floor":8,"turns":4},{"damage":9,"enemies":"Gremlin Gang","floor":14,"turns":3},{"damage":18,"enemies":"The Guardian","floor":16,"turns":12},{"damage":16,"enemies":"3 Byrds","floor":18,"turns":4},{"damage":5,"enemies":"Shell Parasite","floor":19,"turns":6},{"damage":22,"enemies":"Centurion and Healer","floor":21,"turns":6},{"damage":16,"enemies":"Snake Plant","floor":22,"turns":4},{"damage":22,"enemies":"Cultist and Chosen","floor":24,"turns":6},{"damage":10,"enemies":"Snecko","floor":27,"turns":5},{"damage":22,"enemies":"Centurion and Healer","floor":28,"turns":5},{"damage":86,"enemies":"Collector","floor":33,"turns":10}],"seed_played":"7806307722620615473","potions_obtained":[{"floor":2,"key":"SteroidPotion"},{"floor":3,"key":"SteroidPotion"},{"floor":7,"key":"FearPotion"},{"floor":14,"key":"SteroidPotion"},{"floor":18,"key":"Energy Potion"},{"floor":21,"key":"Energy Potion"},{"floor":22,"key":"Regen Potion"}],"is_trial":false,"path_per_floor":["M","M","M","?","M","R","E","M","T","?","$","?","$","M","R","B",null,"M","M","?","M","M","R","M","R","T","M","M","?","$","?","R","B"],"character_chosen":"DEFECT","items_purchased":["Go for the Eyes","Doom and Gloom","Mango"],"campfire_rested":5,"item_purchase_floors":[11,13,30],"current_hp_per_floor":[73,68,62,62,39,61,14,4,4,4,4,22,22,13,35,17,75,59,54,54,32,16,38,31,53,53,43,21,46,60,60,86,0],"gold":173,"neow_bonus":"HUNDRED_GOLD","is_prod":false,"is_daily":false,"chose_seed":false,"campfire_upgraded":0,"win_rate":0,"timestamp":1549786799,"path_taken":["M","M","M","?","M","R","E","M","T","?","$","?","$","M","R","BOSS","M","M","?","M","M","R","?","R","T","?","M","?","$","?","R","BOSS"],"build_version":"2019-02-06","purchased_purges":1,"victory":false,"max_hp_per_floor":[75,75,75,75,75,75,75,75,75,75,75,75,75,75,75,75,75,75,75,75,75,75,75,75,75,75,75,75,75,89,89,89,89],"card_choices":[{"not_picked":["Beam Cell","Streamline","Stack"],"picked":"SKIP","floor":1},{"not_picked":["Streamline","Stack"],"picked":"Sunder","floor":2},{"not_picked":["Force Field","Streamline"],"picked":"Darkness","floor":3},{"not_picked":["Leap","Barrage"],"picked":"Consume","floor":5},{"not_picked":["Beam Cell","Go for the Eyes"],"picked":"Machine Learning","floor":7},{"not_picked":["Gash","Rip and Tear","Hologram"],"picked":"SKIP","floor":8},{"not_picked":["Darkness","Scrape"],"picked":"Auto Shields","floor":14},{"not_picked":["All For One","Core Surge"],"picked":"Machine Learning","floor":16},{"not_picked":["Stack","Barrage","Steam"],"picked":"SKIP","floor":18},{"not_picked":["Blizzard","Consume","Chill"],"picked":"SKIP","floor":19},{"not_picked":["Lockon","FTL"],"picked":"Reprogram+1","floor":21},{"not_picked":["White Noise","Beam Cell"],"picked":"Genetic Algorithm","floor":22},{"not_picked":["Steam+1","Streamline+1"],"picked":"Conserve Battery","floor":24},{"not_picked":["Beam Cell","Redo"],"picked":"Melter","floor":27},{"not_picked":["Gash+1","Conserve Battery"],"picked":"Double Energy+1","floor":28}],"player_experience":633182,"relics_obtained":[{"floor":7,"key":"Omamori"},{"floor":9,"key":"Letter Opener"},{"floor":26,"key":"Darkstone Periapt"}],"event_choices":[{"damage_healed":0,"gold_gain":175,"player_choice":"AGREE","damage_taken":0,"max_hp_gain":0,"max_hp_loss":0,"event_name":"Liars Game","floor":4,"gold_loss":0,"cards_obtained":["Doubt"]},{"damage_healed":0,"gold_gain":0,"player_choice":"Searched \u00270\u0027 times","damage_taken":0,"max_hp_gain":0,"max_hp_loss":0,"event_name":"Dead Adventurer","floor":10,"gold_loss":0},{"damage_healed":18,"gold_gain":0,"player_choice":"Healed","damage_taken":0,"max_hp_gain":0,"max_hp_loss":0,"event_name":"The Cleric","floor":12,"gold_loss":35},{"damage_healed":0,"gold_gain":0,"player_choice":"Forge","damage_taken":0,"max_hp_gain":0,"max_hp_loss":0,"event_name":"Accursed Blacksmith","floor":20,"gold_loss":0,"cards_upgraded":["Darkness"]},{"damage_healed":25,"gold_gain":0,"player_choice":"Heal","damage_taken":0,"max_hp_gain":0,"max_hp_loss":0,"event_name":"The Library","floor":29,"gold_loss":0},{"damage_healed":0,"gold_gain":0,"player_choice":"Ignored","damage_taken":0,"max_hp_gain":0,"max_hp_loss":0,"event_name":"Vampires","floor":31,"gold_loss":0}],"is_beta":true,"boss_relics":[{"not_picked":["Pandora\u0027s Box","Tiny House"],"picked":"Ectoplasm"}],"items_purged_floors":[11],"is_endless":false,"potions_floor_spawned":[2,3,7,14,18,21,22],"killed_by":"Collector","ascension_level":0}