{"path_per_floor":["M","?","?","$","M","E","R","M","T","M","R","$","M","?","R","B",null,"M","$","M","?","?","R","M","M","T","$","?","T","?","M","R"],"character_chosen":"THE_SILENT","items_purchased":["Ninja Scroll","Transmutation","Noxious Fumes","Bottled Flame","Corpse Explosion"],"gold_per_floor":[144,144,144,144,189,279,279,324,399,444,444,12,57,57,57,357,357,402,84,129,129,129,129,174,219,219,76,76,76,76,121,121],"floor_reached":33,"campfire_rested":5,"playtime":1776,"current_hp_per_floor":[70,70,80,80,80,70,80,80,80,80,80,80,80,80,80,17,80,80,80,80,64,64,80,80,73,73,73,73,73,73,65,80],"items_purged":[],"gold":121,"score":245,"play_id":"7ddf330a-0664-4437-a1f3-10dfc63f97b2","local_time":"20180320044410","daily_mods":["Allstar","Midas","Lethality"],"is_prod":false,"is_daily":true,"is_ascension_mode":false,"campfire_upgraded":0,"timestamp":1521530050,"path_taken":["M","?","?","$","M","E","R","?","T","M","R","?","M","?","R","BOSS","M","$","M","?","?","R","M","?","T","$","?","?","?","M","R","BOSS"],"build_version":"2018-03-15v3","purchased_purges":0,"victory":false,"master_deck":["Defend_G","Defend_G","Defend_G","Defend_G","Defend_G","Strike_G","Strike_G","Strike_G","Strike_G","Strike_G","Survivor","Neutralize","Mind Blast+1","Poisoned Stab","Dagger Spray","Bane","PiercingWail","Transmutation","Dagger Spray","Tools of the Trade+1","Deadly Poison","Noxious Fumes+1","Catalyst+1","Poisoned Stab","Cloak And Dagger+1","Corpse Explosion"],"max_hp_per_floor":[70,70,80,80,80,80,80,80,80,80,80,80,80,80,80,80,80,80,80,80,80,80,80,80,80,80,80,80,80,80,80,80],"relics":["Ring of the Snake","Frozen Egg 2","Pantograph","Ninja Scroll","Runic Pyramid","Bottled Flame","Nilry\u0027s Codex","Paper Crane","Ancient Tea Set"],"card_choices":[{"not_picked":["Acrobatics","Riddle With Holes"],"picked":"Poisoned Stab"},{"not_picked":["Dagger Throw","Underhanded Strike"],"picked":"Dagger Spray"},{"not_picked":["Flying Knee","Eviscerate"],"picked":"Bane"},{"not_picked":["Caltrops","Endless Agony"],"picked":"PiercingWail"},{"not_picked":["Crippling Poison","Masterful Stab"],"picked":"Dagger Spray"},{"not_picked":["Wraith Form","Die Die Die"],"picked":"Tools of the Trade"},{"not_picked":["Quick Slash","Bane"],"picked":"Deadly Poison"},{"not_picked":["Outmaneuver","Bane"],"picked":"Catalyst"},{"not_picked":["All Out Attack","Slice"],"picked":"Poisoned Stab"},{"not_picked":["Underhanded Strike","Expertise"],"picked":"Cloak And Dagger"}],"player_experience":200182,"potions_floor_usage":[6,16,16,18,20,24,25],"damage_taken":[{"damage":0,"enemies":"2 Louse","floor":1,"turns":2},{"damage":0,"enemies":"Small Slimes","floor":5,"turns":2},{"damage":10,"enemies":"Lagavulin","floor":6,"turns":5},{"damage":0,"enemies":"Cultist","floor":8,"turns":2},{"damage":0,"enemies":"3 Louse","floor":10,"turns":1},{"damage":0,"enemies":"Exordium Thugs","floor":13,"turns":1},{"damage":78,"enemies":"The Guardian","floor":16,"turns":16},{"damage":0,"enemies":"3 Byrds","floor":18,"turns":4},{"damage":0,"enemies":"2 Thieves","floor":20,"turns":1},{"damage":0,"enemies":"Centurion and Healer","floor":24,"turns":3},{"damage":7,"enemies":"Cultist and Chosen","floor":25,"turns":5},{"damage":8,"enemies":"3 Cultists","floor":31,"turns":3},{"damage":129,"enemies":"Automaton","floor":33,"turns":12}],"event_choices":[{"event_name":"Living Wall","player_choice":"Grow","floor":2,"damage_taken":0},{"event_name":"Bonfire Elementals","player_choice":"RARE","floor":3,"damage_taken":0},{"event_name":"The Lab","player_choice":"Got Potions","floor":14,"damage_taken":0},{"event_name":"Cursed Tome","player_choice":"Obtained Book","floor":21,"damage_taken":0},{"event_name":"Drug Dealer","player_choice":"Ignored","floor":22,"damage_taken":0},{"event_name":"Vampires","player_choice":"Ignored","floor":28,"damage_taken":0},{"event_name":"Addict","player_choice":"Ignored","floor":30,"damage_taken":0}],"boss_relics":[{"not_picked":["The Specimen","Eternal Feather"],"picked":"Runic Pyramid"}],"potions_floor_spawned":[5,13,16,18,20],"seed_played":"-7629097336603244972","killed_by":"Automaton","ascension_level":0,"is_trial":false}