{"gold_per_floor":[113,131,48,62,78,94,94,128,128,128,159,159,159,193,193,267,267,279,279,296,131,131,131,131],"floor_reached":24,"playtime":1151,"items_purged":["Writhe"],"score":432,"play_id":"c7525225-db00-492b-8865-ce114dc16abe","local_time":"20190221153124","is_ascension_mode":true,"campfire_choices":[{"data":"Defragment","floor":7,"key":"SMITH"},{"floor":10,"key":"REST"},{"floor":15,"key":"REST"},{"floor":23,"key":"REST"}],"neow_cost":"NONE","seed_source_timestamp":448590548349169,"circlet_count":0,"master_deck":["AscendersBane","Strike_B","Strike_B","Strike_B","Defend_B","Defend_B","Defend_B","Defend_B","Zap","Dualcast","Go for the Eyes","BootSequence","Melter","White Noise","Defragment+1","Reboot","Consume","Coolheaded","Seek","Coolheaded","Defragment"],"relics":["Cracked Core","Letter Opener","Singing Bowl","Bag of Marbles","Pear","Thread and Needle","Fusion Hammer","Shuriken"],"potions_floor_usage":[5,8,14,18],"damage_taken":[{"damage":0,"enemies":"2 Louse","floor":1,"turns":3},{"damage":0,"enemies":"Jaw Worm","floor":2,"turns":4},{"damage":1,"enemies":"Small Slimes","floor":4,"turns":3},{"damage":0,"enemies":"Blue Slaver","floor":5,"turns":3},{"damage":4,"enemies":"Looter","floor":6,"turns":3},{"damage":47,"enemies":"Gremlin Nob","floor":8,"turns":5},{"damage":1,"enemies":"Lagavulin","floor":11,"turns":7},{"damage":32,"enemies":"Gremlin Nob","floor":14,"turns":4},{"damage":20,"enemies":"The Guardian","floor":16,"turns":14},{"damage":8,"enemies":"Chosen","floor":18,"turns":4},{"damage":34,"enemies":"3 Byrds","floor":20,"turns":5},{"damage":64,"enemies":"Centurion and Healer","floor":24,"turns":16}],"seed_played":"-6249553868519354071","potions_obtained":[{"floor":4,"key":"Fruit Juice"},{"floor":5,"key":"EssenceOfSteel"},{"floor":8,"key":"Swift Potion"},{"floor":16,"key":"SpeedPotion"},{"floor":20,"key":"FearPotion"}],"is_trial":false,"path_per_floor":["M","M","$","M","M","M","R","E","T","R","E","?","T","E","R","B",null,"M","?","M","$","?","R","M"],"character_chosen":"DEFECT","items_purchased":["Melter","Defragment"],"campfire_rested":3,"item_purchase_floors":[3,21],"current_hp_per_floor":[71,71,71,70,75,71,71,24,24,48,47,40,50,18,45,25,76,68,68,36,36,8,38,0],"gold":131,"neow_bonus":"TEN_PERCENT_HP_BONUS","is_prod":false,"is_daily":false,"chose_seed":false,"campfire_upgraded":1,"win_rate":0,"timestamp":1550755884,"path_taken":["M","M","$","M","M","M","R","E","T","R","E","?","?","E","R","BOSS","M","?","M","$","?","R","M"],"build_version":"2019-01-23","purchased_purges":1,"victory":false,"max_hp_per_floor":[78,78,78,78,83,83,83,83,83,83,83,83,93,93,93,93,93,93,93,95,95,100,100,100],"card_choices":[{"not_picked":["Turbo","Tempest"],"picked":"Go for the Eyes","floor":1},{"not_picked":["Double Energy","Ball Lightning"],"picked":"BootSequence","floor":2},{"not_picked":["Recycle","Melter"],"picked":"White Noise","floor":4},{"not_picked":["Capacitor","Leap"],"picked":"Defragment","floor":5},{"not_picked":["Rip and Tear","Storm","Barrage"],"picked":"SKIP","floor":6},{"not_picked":["Hello World","Scrape"],"picked":"Reboot","floor":8},{"not_picked":["Coolheaded","Go for the Eyes"],"picked":"Consume","floor":11},{"not_picked":["Turbo","Scrape"],"picked":"Coolheaded","floor":14},{"not_picked":["Fission","Multi-Cast"],"picked":"Seek","floor":16},{"not_picked":["Fusion","Sweeping Beam"],"picked":"Coolheaded","floor":18},{"not_picked":["White Noise","Sweeping Beam","Rebound"],"picked":"Singing Bowl","floor":20}],"player_experience":748158,"relics_obtained":[{"floor":8,"key":"Letter Opener"},{"floor":9,"key":"Singing Bowl"},{"floor":11,"key":"Bag of Marbles"},{"floor":13,"key":"Pear"},{"floor":14,"key":"Thread and Needle"}],"event_choices":[{"cards_removed":["Strike_B"],"damage_healed":0,"gold_gain":0,"player_choice":"Card Removal","damage_taken":7,"max_hp_gain":0,"max_hp_loss":0,"event_name":"Golden Wing","floor":12,"gold_loss":0},{"damage_healed":0,"gold_gain":0,"player_choice":"Opened","damage_taken":0,"relics_obtained":["Shuriken"],"max_hp_gain":0,"max_hp_loss":0,"event_name":"The Mausoleum","floor":19,"gold_loss":0,"cards_obtained":["Writhe"]},{"damage_healed":0,"gold_gain":0,"player_choice":"Shed Blood","damage_taken":33,"max_hp_gain":5,"max_hp_loss":0,"event_name":"Forgotten Altar","floor":22,"gold_loss":0}],"is_beta":false,"boss_relics":[{"not_picked":["Coffee Dripper","Lizard Tail"],"picked":"Fusion Hammer"}],"items_purged_floors":[21],"is_endless":false,"potions_floor_spawned":[4,5,8,16,20],"killed_by":"Centurion and Healer","ascension_level":18}