{"path_per_floor":["M","M","?","M","M","R","$","T","T","M","R","E","?","M","R","B",null,"M","M","?","?","?","R","E","M","T","M","M","R","$","M","R","B",null,"M","?","$","M","M","R","?","M","T","?","R"],"character_chosen":"DEFECT","items_purchased":["Membership Card","Singing Bowl"],"gold_per_floor":[114,129,79,94,109,109,34,34,84,99,99,129,129,144,144,244,244,259,274,274,234,244,244,274,289,289,304,319,319,19,34,34,134,134,149,149,29,44,59,59,59,74,124,124,124,124],"floor_reached":46,"campfire_rested":4,"playtime":3722,"current_hp_per_floor":[66,66,66,64,44,64,64,64,64,64,63,52,45,44,59,37,57,49,38,38,38,18,33,21,21,21,28,27,40,40,43,42,34,40,39,38,37,38,39,38,39,31,31,31,31,0],"items_purged":["Meteor Strike","Normality"],"gold":124,"score":442,"play_id":"47f899e4-c93d-47fe-a4c8-da105e02d608","local_time":"20180516013831","daily_mods":["Shiny","Uncertain Future","Terminal"],"is_prod":false,"is_daily":true,"chose_seed":false,"is_ascension_mode":false,"campfire_upgraded":4,"timestamp":1526443711,"path_taken":["M","M","?","M","M","R","$","?","T","M","R","E","?","M","R","BOSS","M","M","?","?","?","R","E","M","T","M","M","R","$","M","R","BOSS","M","?","$","M","M","R","?","M","T","?","R","E"],"build_version":"2018-05-14v2","seed_source_timestamp":0,"purchased_purges":2,"victory":false,"master_deck":["Multi-Cast","Hyperbeam","Thunder Strike","Electrodynamics","Buffer+1","Rainbow","Echo Form+1","All For One","Reboot","Nova+1","Creative AI","Static Discharge+1","White Noise","Aggregate","Heatsinks","BootSequence+1","Fusion+1","Self Repair+1","Sweeping Beam+1","Hello World","Go for the Eyes","Genetic Algorithm","Leap","Axe Kick","Reinforced Body","Rainbow","Force Field"],"max_hp_per_floor":[73,72,71,70,69,68,67,66,65,64,63,62,61,60,59,58,57,56,55,54,53,52,51,50,49,48,47,46,45,44,43,42,41,40,39,38,37,38,39,38,39,40,39,38,37,37],"relics":["Cracked Core","Torii","Lantern","Juzu Bracelet","Astrolabe","Centennial Puzzle","Red Mask","Ancient Tea Set","Darkstone Periapt","Membership Card","Lizard Tail","Singing Bowl","Potion Belt"],"card_choices":[{"not_picked":["Hologram","Barrage","Go for the Eyes"],"picked":"SKIP","floor":1},{"not_picked":["Beam Cell","Auto Shields"],"picked":"Static Discharge","floor":2},{"not_picked":["Cold Snap","Consume","Skim"],"picked":"SKIP","floor":4},{"not_picked":["Skim","Leap"],"picked":"White Noise","floor":5},{"not_picked":["Skim","Consume"],"picked":"Aggregate","floor":10},{"not_picked":["Steam","Stack"],"picked":"Heatsinks","floor":12},{"not_picked":["Stack","Turbo","Capacitor"],"picked":"SKIP","floor":14},{"not_picked":["Go for the Eyes","Conserve Battery"],"picked":"Sweeping Beam+1","floor":18},{"not_picked":["Conserve Battery","Coolheaded"],"picked":"Hello World","floor":19},{"not_picked":["Skim","Hologram"],"picked":"Go for the Eyes","floor":22},{"not_picked":["Self Repair","Recycle"],"picked":"Genetic Algorithm","floor":24},{"not_picked":["Chaos","Ball Lightning+1"],"picked":"Leap","floor":25},{"not_picked":["Go for the Eyes","Capacitor"],"picked":"Axe Kick","floor":27},{"not_picked":["Axe Kick","Biased Cognition"],"picked":"Reinforced Body","floor":28},{"not_picked":["Glacier+1","Heatsinks","Barrage"],"picked":"SKIP","floor":31},{"not_picked":["Echo Form","Meteor Strike"],"picked":"Rainbow","floor":33},{"not_picked":["Hologram","Heatsinks"],"picked":"Force Field","floor":35},{"not_picked":["Self Repair+1","Storm+1","Capacitor"],"picked":"Singing Bowl","floor":38},{"not_picked":["Self Repair+1","Capacitor","Stack"],"picked":"Singing Bowl","floor":39},{"not_picked":["Flash of Steel","Madness","Dark Shackles"],"picked":"Singing Bowl","floor":41},{"not_picked":["Coolheaded+1","Beam Cell","Glacier"],"picked":"Singing Bowl","floor":42}],"player_experience":424138,"potions_floor_usage":[12,14,16,19,22,22,22,22,22,24,25,28,42],"damage_taken":[{"damage":8,"enemies":"2 Louse","floor":1,"turns":2},{"damage":0,"enemies":"Small Slimes","floor":2,"turns":2},{"damage":2,"enemies":"Cultist","floor":4,"turns":5},{"damage":20,"enemies":"Exordium Thugs","floor":5,"turns":3},{"damage":0,"enemies":"2 Fungi Beasts","floor":10,"turns":1},{"damage":11,"enemies":"3 Sentries","floor":12,"turns":3},{"damage":1,"enemies":"3 Louse","floor":14,"turns":5},{"damage":22,"enemies":"The Guardian","floor":16,"turns":10},{"damage":18,"enemies":"2 Thieves","floor":18,"turns":5},{"damage":21,"enemies":"Shell Parasite","floor":19,"turns":8},{"damage":42,"enemies":"Masked Bandits","floor":22,"turns":4},{"damage":32,"enemies":"Slavers","floor":24,"turns":4},{"damage":10,"enemies":"Centurion and Healer","floor":25,"turns":7},{"damage":3,"enemies":"Snake Plant","floor":27,"turns":5},{"damage":11,"enemies":"Cultist and Chosen","floor":28,"turns":4},{"damage":0,"enemies":"Snecko","floor":31,"turns":5},{"damage":28,"enemies":"Collector","floor":33,"turns":10},{"damage":1,"enemies":"3 Darklings","floor":35,"turns":6},{"damage":2,"enemies":"3 Shapes","floor":38,"turns":6},{"damage":1,"enemies":"Spire Growth","floor":39,"turns":7},{"damage":44,"enemies":"4 Shapes","floor":42,"turns":4},{"damage":49,"enemies":"Giant Head","floor":46,"turns":11}],"relics_obtained":[{"floor":8,"key":"Torii"},{"floor":9,"key":"Lantern"},{"floor":12,"key":"Juzu Bracelet"},{"floor":22,"key":"Red Mask"},{"floor":24,"key":"Ancient Tea Set"},{"floor":26,"key":"Darkstone Periapt"},{"floor":43,"key":"Potion Belt"}],"event_choices":[{"event_name":"The Cleric","player_choice":"Card Removal","floor":3,"damage_taken":0},{"event_name":"Golden Wing","player_choice":"Card Removal","floor":13,"damage_taken":0},{"event_name":"Accursed Blacksmith","player_choice":"Rummage","floor":20,"damage_taken":0},{"event_name":"The Woman in Blue","player_choice":"Bought 3 Potions","floor":21,"damage_taken":0},{"event_name":"Masked Bandits","player_choice":"Fought over 234 gold","floor":22,"damage_taken":0},{"event_name":"Mysterious Sphere","player_choice":"Ignore","floor":36,"damage_taken":0},{"event_name":"SensoryStone","player_choice":"Memory 1","floor":41,"damage_taken":0}],"boss_relics":[{"not_picked":["Sozu","Cursed Key"],"picked":"Astrolabe"},{"not_picked":["Calling Bell","Snecko Eye"],"picked":"Lizard Tail"}],"potions_floor_spawned":[5,10,12,18,24,25,39],"seed_played":"-2510133029064104060","killed_by":"Giant Head","ascension_level":0,"potions_obtained":[{"floor":5,"key":"Weak Potion"},{"floor":10,"key":"GamblersBrew"},{"floor":12,"key":"Weak Potion"},{"floor":18,"key":"Fire Potion"},{"floor":21,"key":"SpeedPotion"},{"floor":21,"key":"Regen Potion"},{"floor":21,"key":"EntropicBrew"},{"floor":24,"key":"SkillPotion"},{"floor":25,"key":"SteroidPotion"},{"floor":39,"key":"GamblersBrew"}],"is_trial":false}