{"gold_per_floor":[118,135,135,154,173,173,173,190,190,190,223,13,13,13,13,13],"floor_reached":16,"playtime":741,"items_purged":[],"score":143,"play_id":"315e4bcb-d5ef-48d5-85f4-a10e9baef8ed","local_time":"20190122121703","is_ascension_mode":true,"campfire_choices":[{"data":"Dagger Spray","floor":6.0,"key":"SMITH"},{"data":"Neutralize","floor":10,"key":"SMITH"},{"floor":15,"key":"REST"}],"neow_cost":"NONE","seed_source_timestamp":85329244419717,"circlet_count":0,"master_deck":["Defend_G","Defend_G","Defend_G+1","Defend_G+1","Defend_G","Strike_G","Strike_G","Strike_G","Strike_G","Survivor","Neutralize+1","Noxious Fumes","Bane","Catalyst","Dagger Spray+1"],"special_seed":0,"relics":["Eternal Feather","The Courier","Darkstone Periapt","Toxic Egg 2"],"potions_floor_usage":[14,16],"damage_taken":[{"damage":4.0,"enemies":"Small Slimes","floor":1.0,"turns":5.0},{"damage":1.0,"enemies":"2 Louse","floor":2.0,"turns":4.0},{"damage":5.0,"enemies":"Jaw Worm","floor":4.0,"turns":4.0},{"damage":17.0,"enemies":"Exordium Wildlife","floor":5.0,"turns":7.0},{"damage":12,"enemies":"Gremlin Gang","floor":8,"turns":4},{"damage":22,"enemies":"Gremlin Nob","floor":11,"turns":5},{"damage":0,"enemies":"Lots of Slimes","floor":14,"turns":1},{"damage":35,"enemies":"Slime Boss","floor":16,"turns":9}],"seed_played":"-6154928415581044010","potions_obtained":[{"floor":1.0,"key":"SmokeBomb"},{"floor":11,"key":"SteroidPotion"}],"is_trial":false,"path_per_floor":["M","M","?","M","M","R","?","M","T","R","E","$","?","M","R","B"],"character_chosen":"THE_SILENT","items_purchased":["Toxic Egg 2"],"campfire_rested":1,"item_purchase_floors":[12],"current_hp_per_floor":[59,58,63,58,41,50,43,31,31,40,18,18,3,3,34,0],"gold":13,"neow_bonus":"BOSS_RELIC","is_prod":false,"is_daily":false,"chose_seed":false,"campfire_upgraded":2,"win_rate":0,"timestamp":1548181023,"path_taken":["M","M","?","M","M","R","?","M","T","R","E","$","?","?","R","BOSS"],"build_version":"2019-01-17v2","purchased_purges":0,"victory":false,"max_hp_per_floor":[70,70,75,75,75,75,75,75,75,75,75,75,75,75,75,75],"card_choices":[{"not_picked":["Prepared","Underhanded Strike"],"picked":"Noxious Fumes","floor":1.0},{"not_picked":["Dodge and Roll","Dagger Throw"],"picked":"Bane","floor":2.0},{"not_picked":["Infinite Blades","Dagger Throw"],"picked":"Catalyst","floor":4.0},{"not_picked":["Finisher","Acrobatics"],"picked":"Dagger Spray","floor":5.0},{"not_picked":["Finisher","Dagger Throw","Deadly Poison"],"picked":"SKIP","floor":8},{"not_picked":["Prepared","Choke","Storm of Steel"],"picked":"SKIP","floor":11}],"player_experience":244600,"relics_obtained":[{"floor":9,"key":"The Courier"},{"floor":11,"key":"Darkstone Periapt"}],"event_choices":[{"damage_healed":0.0,"max_hp_gain":5.0,"max_hp_loss":0.0,"gold_gain":0.0,"event_name":"Big Fish","player_choice":"Donut","floor":3.0,"gold_loss":0.0,"damage_taken":0.0},{"cards_removed":["Strike_G"],"damage_healed":0.0,"max_hp_gain":0.0,"max_hp_loss":0.0,"gold_gain":0.0,"event_name":"Golden Wing","player_choice":"Card Removal","floor":7.0,"gold_loss":0.0,"damage_taken":7.0},{"damage_healed":0,"gold_gain":0,"player_choice":"Entered Light","damage_taken":15,"max_hp_gain":0,"max_hp_loss":0,"event_name":"Shining Light","floor":13,"gold_loss":0,"cards_upgraded":["Defend_G","Defend_G"]}],"is_beta":false,"boss_relics":[],"items_purged_floors":[],"is_endless":false,"potions_floor_spawned":[1,11,14],"killed_by":"Slime Boss","ascension_level":8}