{"path_per_floor":["M","M","$","M","M","R","M","R","T","M","M","R","T","M","R","B",null,"M","?","$","M","?","R","E","R","T","M","R","E","R","$","R","B",null,"M","$","?","?","M","R","$","M","T","?","M","T","?"],"character_chosen":"IRONCLAD","items_purchased":["Pear","Combust","Flex","Membership Card","Armaments","Anchor","Perfected Strike","Mind Blast"],"gold_per_floor":[359,377,41,61,77,77,96,96,96,110,127,127,127,138,138,237,237,254,254,18,33,33,33,66,66,89,103,103,131,131,11,11,110,110,126,2,2,2,20,20,20,34,34,80,90,90,0],"floor_reached":48,"campfire_rested":5,"playtime":3615,"current_hp_per_floor":[40,43,53,55,54,54,59,86,86,83,83,83,83,88,88,47,90,82,82,82,70,52,80,45,73,73,77,77,45,88,88,88,24,95,95,95,95,95,34,77,77,57,57,45,29,29,29],"items_purged":[],"gold":0,"score":460,"play_id":"d354b0a2-6fd8-49d5-a4ed-3618491fd1ea","is_prod":false,"is_daily":false,"is_ascension_mode":false,"campfire_upgraded":5,"path_taken":["M","M","$","?","?","R","M","R","T","M","M","R","?","?","R","BOSS","M","?","?","M","?","R","E","R","T","M","R","E","R","$","R","BOSS","M","$","?","?","?","R","?","M","T","?","M","?","?","?"],"build_version":"2018-02-15-PROD1","purchased_purges":0,"victory":false,"master_deck":["Strike_R+1","Strike_R+1","Strike_R+1","Strike_R+1","Strike_R+1","Defend_R+1","Defend_R+1","Defend_R+1","Defend_R+1","Bash+1","Anger","Clothesline","Combust","Flex+1","Infernal Blade+1","Perfected Strike","Flame Barrier+1","Pommel Strike","Twin Strike","Seeing Red","Juggernaut","Pommel Strike+1","Armaments+1","Battle Trance","Rampage","Shrug It Off+1","Impervious","Body Slam+1","Perfected Strike","Mind Blast+1","Anger+1","Seeing Red","Limit Break","Wild Strike+1"],"max_hp_per_floor":[80,80,90,90,90,90,90,90,90,90,90,90,90,90,90,90,90,90,90,90,90,95,95,95,95,95,95,95,95,95,95,95,95,95,95,95,95,95,95,95,95,95,95,95,95,95,95],"relics":["Burning Blood","Pear","Ice Cream","Torii","Lizard Tail","Membership Card","Ancient Tea Set","Regal Pillow","Dodecahedron","Anchor","Snecko Eye","Girya","Champion Belt","Omamori","Red Mask"],"card_choices":[{"not_picked":["Corruption","Clash"],"picked":"Anger"},{"not_picked":["Iron Wave","Evolve"],"picked":"Clothesline"},{"not_picked":["Clothesline","Thunderclap"],"picked":"Infernal Blade"},{"not_picked":["Disarm","Shrug It Off"],"picked":"Perfected Strike"},{"not_picked":["Perfected Strike","Headbutt"],"picked":"Flame Barrier"},{"not_picked":["Wild Strike","Inflame"],"picked":"Pommel Strike"},{"not_picked":["Thunderclap","Rupture"],"picked":"Twin Strike"},{"not_picked":["Metallicize","True Grit"],"picked":"Seeing Red"},{"not_picked":["Berserk","Exhume"],"picked":"Juggernaut"},{"not_picked":["Headbutt","Clash"],"picked":"Pommel Strike"},{"not_picked":["Clothesline","Wild Strike"],"picked":"Battle Trance"},{"not_picked":["Body Slam","Battle Trance"],"picked":"Corruption"},{"not_picked":["Headbutt","Perfected Strike"],"picked":"Rampage"},{"not_picked":["Seeing Red","Flex"],"picked":"Shrug It Off"},{"not_picked":["Berserk","Limit Break"],"picked":"Impervious"},{"not_picked":["Anger","Headbutt"],"picked":"Body Slam"},{"not_picked":["Pummel","Rampage"],"picked":"Anger"},{"not_picked":["Headbutt","Reckless Charge"],"picked":"Seeing Red"},{"not_picked":["Armaments","Warcry"],"picked":"Limit Break"},{"not_picked":["Pommel Strike","Anger"],"picked":"Wild Strike"}],"player_experience":43255,"potions_floor_usage":[2,10,11,16,24,33,39,44],"damage_taken":[{"damage":6,"enemies":"Cultist","floor":1,"turns":3},{"damage":3,"enemies":"Jaw Worm","floor":2,"turns":3},{"damage":4,"enemies":"Small Slimes","floor":4,"turns":3},{"damage":7,"enemies":"3 Louse","floor":5,"turns":3},{"damage":1,"enemies":"Exordium Thugs","floor":7,"turns":4},{"damage":9,"enemies":"Looter","floor":10,"turns":3},{"damage":6,"enemies":"Large Slime","floor":11,"turns":4},{"damage":1,"enemies":"Red Slaver","floor":14,"turns":2},{"damage":47,"enemies":"Hexaghost","floor":16,"turns":8},{"damage":14,"enemies":"3 Byrds","floor":18,"turns":4},{"damage":18,"enemies":"Shell Parasite","floor":21,"turns":5},{"damage":41,"enemies":"Book of Stabbing","floor":24,"turns":5},{"damage":2,"enemies":"Snake Plant","floor":27,"turns":3},{"damage":38,"enemies":"Slavers","floor":29,"turns":4},{"damage":120,"enemies":"Automaton","floor":33,"turns":12},{"damage":0,"enemies":"3 Shapes","floor":35,"turns":4},{"damage":67,"enemies":"3 Darklings","floor":39,"turns":7},{"damage":26,"enemies":"Sphere and 2 Shapes","floor":42,"turns":5},{"damage":18,"enemies":"Mysterious Sphere","floor":44,"turns":5},{"damage":22,"enemies":"4 Shapes","floor":45,"turns":6},{"damage":32,"enemies":"3 Darklings","floor":48,"turns":4}],"event_choices":[{"event_name":"Back to Basics","player_choice":"Simplicity","floor":19,"damage_taken":0},{"event_name":"Forgotten Altar","player_choice":"Shed Blood","floor":22,"damage_taken":0},{"event_name":"Upgrade Shrine","player_choice":"Upgraded","floor":37,"damage_taken":0},{"event_name":"Mysterious Sphere","player_choice":"Fight","floor":44,"damage_taken":0},{"event_name":"Tomb of Lord Red Mask","player_choice":"Paid","floor":47,"damage_taken":0}],"boss_relics":[{"not_picked":["Runic Cube","Orrery"],"picked":"Lizard Tail"},{"not_picked":["Velvet Choker","Runic Pyramid"],"picked":"Snecko Eye"}],"potions_floor_spawned":[1,7,10,14,18,29,33,42,45],"seed_played":"-3926544745529598325","killed_by":"3 Darklings","ascension_level":0,"is_trial":false}