{"gold_per_floor":[116,191,191,203,223,223,35,54,54,84,84,101,101,113,113,214,214,231,231,231,251,268,268],"floor_reached":23,"playtime":1305,"items_purged":["Strike_B"],"score":276,"play_id":"d0acc373-996b-4ac9-a2f8-94f713d9f1ea","local_time":"20190114233817","is_ascension_mode":true,"campfire_choices":[{"floor":6.0,"key":"REST"},{"data":"Zap","floor":11,"key":"SMITH"},{"floor":15,"key":"REST"}],"neow_cost":"PERCENT_DAMAGE","seed_source_timestamp":46188337320606,"circlet_count":0,"master_deck":["Strike_B","Defend_B","Defend_B","Defend_B","Defend_B","Zap+1","Dualcast","Gash","Steam Power","Defragment","Chill","Capacitor","Hologram","Hologram","Turbo","Scrape+1","Thunder Strike+1","Sunder+1","Coolheaded","Self Repair"],"special_seed":0,"relics":["Cracked Core","Matryoshka","Tiny Chest","Orichalcum","Molten Egg 2","Mango","Sozu"],"potions_floor_usage":[14,21,23],"damage_taken":[{"damage":0.0,"enemies":"Small Slimes","floor":1.0,"turns":2.0},{"damage":3.0,"enemies":"Jaw Worm","floor":4.0,"turns":4.0},{"damage":0.0,"enemies":"Cultist","floor":5.0,"turns":3.0},{"damage":1.0,"enemies":"3 Louse","floor":8.0,"turns":4.0},{"damage":34,"enemies":"Gremlin Nob","floor":10,"turns":5},{"damage":7,"enemies":"Blue Slaver","floor":12,"turns":3},{"damage":0,"enemies":"Looter","floor":14,"turns":3},{"damage":34,"enemies":"The Guardian","floor":16,"turns":13},{"damage":24,"enemies":"Shell Parasite","floor":18,"turns":6},{"damage":3,"enemies":"2 Thieves","floor":21,"turns":4},{"damage":19,"enemies":"Snake Plant","floor":22,"turns":5},{"damage":5,"enemies":"Slavers","floor":23,"turns":1}],"seed_played":"-381723497692155501","potions_obtained":[{"floor":1.0,"key":"Strength Potion"},{"floor":10,"key":"SpeedPotion"},{"floor":16,"key":"AttackPotion"}],"is_trial":false,"path_per_floor":["M","?","?","M","M","R","$","M","T","E","R","M","?","M","R","B",null,"M","?","?","M","M","E"],"character_chosen":"DEFECT","items_purchased":["Tiny Chest"],"campfire_rested":2,"item_purchase_floors":[7],"current_hp_per_floor":[50,39,21,18,18,40,40,39,39,19,19,12,12,12,38,4,68,44,44,27,24,5,0],"gold":268,"neow_bonus":"TRANSFORM_TWO_CARDS","is_prod":false,"is_daily":false,"chose_seed":false,"campfire_upgraded":1,"win_rate":0,"timestamp":1547530697,"path_taken":["M","?","?","M","M","R","?","M","T","E","R","?","?","M","R","BOSS","M","?","?","M","?","E"],"build_version":"2019-01-10","purchased_purges":1,"victory":false,"max_hp_per_floor":[75,75,75,75,75,75,75,75,75,89,89,89,89,89,89,89,89,89,89,94,94,94,94],"card_choices":[{"not_picked":["Glacier","Turbo"],"picked":"Defragment","floor":1.0},{"not_picked":["Beam Cell","Sweeping Beam"],"picked":"Chill","floor":4.0},{"not_picked":["Turbo","Barrage"],"picked":"Capacitor","floor":5.0},{"not_picked":["Beam Cell","Go for the Eyes"],"picked":"Hologram","floor":8.0},{"not_picked":["Static Discharge","Barrage+1"],"picked":"Hologram","floor":10},{"not_picked":["Electrodynamics","Stack"],"picked":"Turbo","floor":12},{"not_picked":["Recycle","Go for the Eyes+1"],"picked":"Scrape+1","floor":14},{"not_picked":["Biased Cognition","Amplify"],"picked":"Thunder Strike+1","floor":16},{"not_picked":["Doom and Gloom+1","Reinforced Body"],"picked":"Sunder+1","floor":18},{"not_picked":["Go for the Eyes+1","Streamline+1"],"picked":"Coolheaded","floor":21},{"not_picked":["Go for the Eyes+1","Reprogram+1"],"picked":"Self Repair","floor":22}],"player_experience":201118,"relics_obtained":[{"floor":9.0,"key":"Orichalcum"},{"floor":9.0,"key":"Molten Egg 2"},{"floor":10,"key":"Mango"}],"event_choices":[{"damage_healed":0.0,"max_hp_gain":0.0,"max_hp_loss":0.0,"gold_gain":75.0,"event_name":"World of Goop","player_choice":"Gather Gold","floor":2.0,"gold_loss":0.0,"damage_taken":11.0},{"damage_healed":0.0,"max_hp_gain":0.0,"max_hp_loss":0.0,"gold_gain":0.0,"event_name":"Scrap Ooze","player_choice":"Success","floor":3.0,"gold_loss":0.0,"damage_taken":18.0,"relics_obtained":["Matryoshka"]},{"damage_healed":0,"gold_gain":0,"player_choice":"Ignored","damage_taken":0,"max_hp_gain":0,"max_hp_loss":0,"event_name":"Shining Light","floor":13,"gold_loss":0},{"damage_healed":0,"gold_gain":0,"player_choice":"Ignored","damage_taken":0,"max_hp_gain":0,"max_hp_loss":0,"event_name":"Ghosts","floor":19,"gold_loss":0},{"damage_healed":0,"gold_gain":0,"player_choice":"Shed Blood","damage_taken":22,"max_hp_gain":5,"max_hp_loss":0,"event_name":"Forgotten Altar","floor":20,"gold_loss":0}],"is_beta":false,"boss_relics":[{"not_picked":["Runic Dome","Black Star"],"picked":"Sozu"}],"items_purged_floors":[7],"is_endless":false,"potions_floor_spawned":[1,10,16,18,22],"killed_by":"Slavers","ascension_level":6}