{"path_per_floor":["M","M","?","M","$","E","R","?","T","?","$","R","E","M","R","B",null,"M","M","?","$"],"character_chosen":"DEFECT","items_purchased":["Oddly Smooth Stone","Melter+1","Capacitor","Rip and Tear+1"],"gold_per_floor":[119,133,133,147,1,42,42,42,42,111,6,6,46,69,69,194,194,213,234,234,163,163],"floor_reached":22,"campfire_rested":2,"playtime":727,"item_purchase_floors":[5,11,11,21],"current_hp_per_floor":[67,59,41,40,40,12,34,59,59,59,59,59,18,13,35,11,75,36,6,6,6,0],"items_purged":[],"gold":163,"score":236,"play_id":"7609d559-6a31-4ce0-9604-7d39f1d9186e","local_time":"20180526045405","is_prod":false,"is_daily":false,"chose_seed":false,"is_ascension_mode":true,"campfire_upgraded":1,"win_rate":0,"timestamp":1527319445,"campfire_choices":[{"floor":7,"key":"REST"},{"data":"Sunder","floor":12,"key":"SMITH"},{"floor":15,"key":"REST"}],"path_taken":["M","M","?","M","$","E","R","?","T","?","$","R","E","M","R","BOSS","M","M","?","$","M"],"build_version":"2018-05-24","seed_source_timestamp":109995092644894,"purchased_purges":0,"victory":false,"master_deck":["Defend_B","Defend_B","Defend_B","Defend_B","Zap","Dualcast","Sunder+1","Auto Shields","Melter+1","Capacitor","Scrape+1","Rebound+1","Buffer","Doom and Gloom+1","Go for the Eyes+1","Bite+1","Bite+1","Bite+1","Bite+1","Bite+1","Rip and Tear+1"],"max_hp_per_floor":[75,75,75,75,75,75,75,75,75,75,75,75,75,75,75,75,75,75,75,52,52,52],"relics":["Black Star","Golden Idol","Oddly Smooth Stone","Ornamental Fan","Cables","Molten Egg 2","Dodecahedron","Centennial Puzzle","Runic Pyramid"],"card_choices":[{"not_picked":["Steam Power","Go for the Eyes"],"picked":"Sunder","floor":1},{"not_picked":["Rebound","Redo","Defragment"],"picked":"SKIP","floor":2},{"not_picked":["Streamline","Barrage","Cold Snap"],"picked":"SKIP","floor":4},{"not_picked":["Compile Driver","Loop"],"picked":"Auto Shields","floor":6},{"not_picked":["Compile Driver+1","Coolheaded"],"picked":"Scrape+1","floor":13},{"not_picked":["Barrage+1","Conserve Battery"],"picked":"Rebound+1","floor":14},{"not_picked":["Seek","Thunder Strike+1"],"picked":"Buffer","floor":16},{"not_picked":["Scrape+1","Capacitor"],"picked":"Doom and Gloom+1","floor":18},{"not_picked":["Ball Lightning+1","Hologram"],"picked":"Go for the Eyes+1","floor":19}],"player_experience":463550,"potions_floor_usage":[6,16],"damage_taken":[{"damage":8,"enemies":"Small Slimes","floor":1,"turns":4},{"damage":8,"enemies":"Jaw Worm","floor":2,"turns":4},{"damage":1,"enemies":"2 Louse","floor":4,"turns":2},{"damage":28,"enemies":"Lagavulin","floor":6,"turns":8},{"damage":41,"enemies":"Gremlin Nob","floor":13,"turns":5},{"damage":5,"enemies":"2 Fungi Beasts","floor":14,"turns":2},{"damage":24,"enemies":"Hexaghost","floor":16,"turns":10},{"damage":39,"enemies":"Shell Parasite","floor":18,"turns":9},{"damage":30,"enemies":"3 Byrds","floor":19,"turns":4},{"damage":21,"enemies":"Centurion and Healer","floor":22,"turns":3}],"relics_obtained":[{"floor":6,"key":"Ornamental Fan"},{"floor":6,"key":"Cables"},{"floor":9,"key":"Molten Egg 2"},{"floor":13,"key":"Dodecahedron"},{"floor":13,"key":"Centennial Puzzle"}],"event_choices":[{"event_name":"Golden Idol","player_choice":"Take Damage","floor":3,"damage_taken":0},{"event_name":"Big Fish","player_choice":"Banana","floor":8,"damage_taken":0},{"event_name":"Golden Wing","player_choice":"Gained Gold","floor":10,"damage_taken":0},{"event_name":"Vampires","player_choice":"Became a vampire","floor":20,"damage_taken":0}],"boss_relics":[{"not_picked":["Pandora\u0027s Box","Inserter"],"picked":"Runic Pyramid"}],"items_purged_floors":[],"potions_floor_spawned":[1,13],"seed_played":"2880031654992550005","killed_by":"Centurion and Healer","ascension_level":2,"potions_obtained":[{"floor":1,"key":"Strength Potion"},{"floor":13,"key":"Block Potion"}],"is_trial":false}