{"gold_per_floor":[14,34,34,44,94,94,110,110,110,110,110,110,127,162,162,236,236,249,524,46,58,58,58,73,73,118,168,168],"floor_reached":28,"playtime":841,"items_purged":["Regret"],"score":432,"play_id":"1bc5b91d-2697-4fac-99d8-564102876b0a","local_time":"20181026103201","is_ascension_mode":true,"campfire_choices":[{"data":"Glass Knife","floor":6.0,"key":"SMITH"},{"data":"Deadly Poison","floor":8.0,"key":"SMITH"},{"data":"Deadly Poison","floor":10.0,"key":"SMITH"},{"data":"Neutralize","floor":12.0,"key":"SMITH"},{"data":"Dodge and Roll","floor":15.0,"key":"SMITH"},{"floor":23,"key":"REST"},{"floor":25,"key":"REST"}],"neow_cost":"NO_GOLD","seed_source_timestamp":1336095492312,"circlet_count":0,"master_deck":["Defend_G","Defend_G","Defend_G","Defend_G","Defend_G","Strike_G","Strike_G","Strike_G","Strike_G","Strike_G","Survivor","Neutralize+1","AscendersBane","Glass Knife+1","Deadly Poison+1","Dodge and Roll+1","PiercingWail","Deadly Poison+1","Caltrops+1","Poisoned Stab+1","Burst","Dagger Throw+1","Noxious Fumes+1","Flash of Steel+1","Glass Knife+1","Well Laid Plans+1"],"special_seed":0,"relics":["Ring of the Snake","Gremlin Horn","Frozen Egg 2","Molten Egg 2","Fusion Hammer","Strawberry"],"potions_floor_usage":[22],"damage_taken":[{"damage":0.0,"enemies":"Small Slimes","floor":1.0,"turns":3.0},{"damage":0.0,"enemies":"Jaw Worm","floor":2.0,"turns":3.0},{"damage":1.0,"enemies":"Cultist","floor":4.0,"turns":3.0},{"damage":4.0,"enemies":"Exordium Thugs","floor":7.0,"turns":5.0},{"damage":4.0,"enemies":"Blue Slaver","floor":13.0,"turns":3.0},{"damage":31.0,"enemies":"Gremlin Nob","floor":14.0,"turns":4.0},{"damage":5.0,"enemies":"Hexaghost","floor":16.0,"turns":9.0},{"damage":16.0,"enemies":"Spheric Guardian","floor":18.0,"turns":4.0},{"damage":14.0,"enemies":"Chosen","floor":21.0,"turns":4.0},{"damage":0,"enemies":"Colosseum Slavers","floor":22,"turns":4},{"damage":26,"enemies":"Shelled Parasite and Fungi","floor":24,"turns":5},{"damage":43,"enemies":"Snecko","floor":28,"turns":5}],"seed_played":"-673124140237950734","potions_obtained":[{"floor":1.0,"key":"AttackPotion"},{"floor":16.0,"key":"Weak Potion"},{"floor":21.0,"key":"GamblersBrew"}],"is_trial":false,"path_per_floor":["M","M","?","M","?","R","M","R","T","R","T","R","M","E","R","B",null,"M","?","$","M","?","R","M","R","T","?"],"character_chosen":"THE_SILENT","items_purchased":["Noxious Fumes+1","Flash of Steel+1","Glass Knife+1","Block Potion"],"campfire_rested":2,"item_purchase_floors":[20,20,20,20],"current_hp_per_floor":[59,59,59,58,58,58,54,54,54,54,54,54,50,19,19,14,53,37,37,37,23,23,42,16,35,42,42,0],"gold":168,"neow_bonus":"THREE_RARE_CARDS","is_prod":false,"is_daily":false,"chose_seed":false,"campfire_upgraded":5,"win_rate":0,"timestamp":1540542721,"path_taken":["M","M","?","M","?","R","M","R","T","R","?","R","?","E","R","BOSS","M","?","$","M","?","R","M","R","T","?","M"],"build_version":"2018-10-25v2","purchased_purges":1,"victory":false,"max_hp_per_floor":[66,66,66,66,66,66,66,66,66,66,66,66,66,66,66,66,66,66,66,66,66,66,66,66,66,73,73,73],"card_choices":[{"not_picked":["Storm of Steel","Doppelganger"],"picked":"Glass Knife","floor":0.0},{"not_picked":["Riddle With Holes","Heel Hook"],"picked":"Deadly Poison","floor":1.0},{"not_picked":["Tactician","Flying Knee"],"picked":"Dodge and Roll","floor":2.0},{"not_picked":["Distraction","Blade Dance"],"picked":"PiercingWail","floor":4.0},{"not_picked":["Slice","Flying Knee"],"picked":"Deadly Poison","floor":7.0},{"not_picked":["Quick Slash","Poisoned Stab"],"picked":"Caltrops+1","floor":13.0},{"not_picked":["Quick Slash","Deflect"],"picked":"Poisoned Stab","floor":14.0},{"not_picked":["Unload+1","Doppelganger"],"picked":"Burst","floor":16.0},{"not_picked":["Deadly Poison","Slice+1"],"picked":"Dagger Throw+1","floor":18.0},{"not_picked":["Reflex","Outmaneuver","Underhanded Strike+1"],"picked":"SKIP","floor":21.0},{"not_picked":["Flechettes+1","Infinite Blades+1"],"picked":"Well Laid Plans+1","floor":24}],"player_experience":748209,"relics_obtained":[{"floor":9.0,"key":"Gremlin Horn"},{"floor":11.0,"key":"Frozen Egg 2"},{"floor":14.0,"key":"Molten Egg 2"},{"floor":26,"key":"Strawberry"}],"event_choices":[{"damage_healed":0.0,"max_hp_gain":0.0,"max_hp_loss":0.0,"gold_gain":0.0,"event_name":"Liars Game","player_choice":"Ignored","floor":3.0,"gold_loss":0.0,"damage_taken":0.0},{"damage_healed":0.0,"max_hp_gain":0.0,"max_hp_loss":0.0,"gold_gain":100.0,"event_name":"Golden Shrine","player_choice":"Pray","floor":5.0,"gold_loss":0.0,"damage_taken":0.0},{"damage_healed":0.0,"max_hp_gain":0.0,"max_hp_loss":0.0,"gold_gain":275.0,"event_name":"Golden Shrine","player_choice":"Desecrate","floor":19.0,"gold_loss":0.0,"damage_taken":0.0,"cards_obtained":["Regret"]},{"damage_healed":0,"gold_gain":0,"player_choice":"Fight","damage_taken":0,"max_hp_gain":0,"max_hp_loss":0,"event_name":"Colosseum","floor":22,"gold_loss":0},{"damage_healed":0,"gold_gain":0,"player_choice":"Fled From Nobs","damage_taken":0,"max_hp_gain":0,"max_hp_loss":0,"event_name":"Colosseum","floor":22,"gold_loss":0},{"damage_healed":0,"gold_gain":100,"player_choice":"Pray","damage_taken":0,"max_hp_gain":0,"max_hp_loss":0,"event_name":"Golden Shrine","floor":27,"gold_loss":0}],"is_beta":true,"boss_relics":[{"not_picked":["Tiny House","Sozu"],"picked":"Fusion Hammer"}],"items_purged_floors":[20],"is_endless":false,"potions_floor_spawned":[1,16,21,22],"killed_by":"Snecko","ascension_level":20}