{"gold_per_floor":[110,124,142,317,317,348,348,380,380,393,408,408,436,450,450,554,554,567,316,416,431,447,447,447,447,447,447,461,481,481,493,493,590,590,608,625,525,525,545,579,454,482,482,492,492],"floor_reached":45,"playtime":1867,"items_purged":["Pain","Doubt","Strike_R"],"score":915,"play_id":"1f71e088-c97a-4631-b569-00e1c5f31e4e","local_time":"20190218175815","is_ascension_mode":true,"campfire_choices":[{"floor":7,"key":"REST"},{"floor":12,"key":"REST"},{"floor":15,"key":"REST"},{"floor":23,"key":"REST"},{"data":"Limit Break","floor":25,"key":"SMITH"},{"floor":27,"key":"REST"},{"floor":30,"key":"REST"},{"floor":32,"key":"REST"}],"neow_cost":"TEN_PERCENT_HP_LOSS","seed_source_timestamp":197477129880158,"circlet_count":0,"master_deck":["AscendersBane","Strike_R","Strike_R","Strike_R","Strike_R","Defend_R","Defend_R","Defend_R","Defend_R","Bash","Immolate","Havoc","Shrug It Off","Inflame","Heavy Blade","Searing Blow","Impervious","Barricade+1","Limit Break+1","Metallicize+1","Entrench","Evolve+1","Necronomicurse","True Grit","Reaper","Demon Form+1"],"relics":["Burning Blood","WarpedTongs","Pear","Frozen Egg 2","Gremlin Horn","Pen Nib","Philosopher\u0027s Stone","Necronomicon","Fusion Hammer","Question Card","Charon\u0027s Ashes","Letter Opener"],"potions_floor_usage":[6,13,16,16,19,36,36,39,40,44],"damage_taken":[{"damage":0,"enemies":"Cultist","floor":1,"turns":2},{"damage":9,"enemies":"Jaw Worm","floor":2,"turns":3},{"damage":0,"enemies":"Small Slimes","floor":3,"turns":2},{"damage":57,"enemies":"Lagavulin","floor":6,"turns":7},{"damage":31,"enemies":"3 Sentries","floor":8,"turns":6},{"damage":8,"enemies":"Looter","floor":10,"turns":2},{"damage":7,"enemies":"3 Louse","floor":11,"turns":4},{"damage":24,"enemies":"Lagavulin","floor":13,"turns":5},{"damage":7,"enemies":"2 Fungi Beasts","floor":14,"turns":2},{"damage":49,"enemies":"The Guardian","floor":16,"turns":12},{"damage":4,"enemies":"Spheric Guardian","floor":18,"turns":3},{"damage":12,"enemies":"Shell Parasite","floor":21,"turns":8},{"damage":40,"enemies":"Snake Plant","floor":22,"turns":8},{"damage":16,"enemies":"Cultist and Chosen","floor":28,"turns":6},{"damage":33,"enemies":"Centurion and Healer","floor":29,"turns":6},{"damage":29,"enemies":"Snecko","floor":31,"turns":6},{"damage":0,"enemies":"Collector","floor":33,"turns":8},{"damage":0,"enemies":"3 Darklings","floor":35,"turns":1},{"damage":0,"enemies":"3 Shapes","floor":36,"turns":5},{"damage":9,"enemies":"Jaw Worm Horde","floor":39,"turns":3},{"damage":46,"enemies":"Reptomancer","floor":40,"turns":6},{"damage":2,"enemies":"Giant Head","floor":42,"turns":6},{"damage":80,"enemies":"Transient","floor":44,"turns":5},{"damage":13,"enemies":"Sphere and 2 Shapes","floor":45,"turns":2}],"seed_played":"4206146364431854840","potions_obtained":[{"floor":2,"key":"Strength Potion"},{"floor":8,"key":"SkillPotion"},{"floor":10,"key":"Ancient Potion"},{"floor":14,"key":"FearPotion"},{"floor":21,"key":"LiquidBronze"},{"floor":22,"key":"SteroidPotion"},{"floor":33,"key":"Energy Potion"},{"floor":36,"key":"Swift Potion"},{"floor":39,"key":"Fire Potion"},{"floor":40,"key":"SpeedPotion"},{"floor":42,"key":"Energy Potion"}],"is_trial":false,"path_per_floor":["M","M","M","?","?","E","R","E","T","M","M","R","E","M","R","B",null,"M","$","?","M","M","R","?","R","T","R","M","M","R","M","R","B",null,"M","M","$","?","M","E","$","E","T","M","M"],"character_chosen":"IRONCLAD","items_purchased":["Entrench","Fruit Juice"],"campfire_rested":7,"item_purchase_floors":[19,19],"current_hp_per_floor":[72,69,72,72,72,31,55,30,30,28,27,51,33,32,56,13,65,67,72,72,66,32,58,42,42,42,68,58,31,57,34,60,66,82,87,87,87,83,83,43,43,83,83,9,0],"gold":492,"neow_bonus":"THREE_RARE_CARDS","is_prod":false,"is_daily":false,"chose_seed":false,"campfire_upgraded":1,"win_rate":0,"timestamp":1550505495,"path_taken":["M","?","M","?","?","E","R","E","T","M","M","R","E","?","R","BOSS","M","$","?","?","M","R","?","R","T","R","M","M","R","M","R","BOSS","M","M","$","?","M","E","$","E","T","M","M"],"build_version":"2019-01-23","purchased_purges":3,"victory":false,"max_hp_per_floor":[72,72,72,72,72,82,82,82,82,82,82,82,82,82,82,82,82,82,87,87,87,87,87,87,87,87,87,87,87,87,87,87,87,87,87,87,87,83,83,83,83,83,83,83,83],"card_choices":[{"not_picked":["Exhume","Berserk"],"picked":"Immolate","floor":0},{"not_picked":["Warcry","Perfected Strike"],"picked":"Havoc","floor":1},{"not_picked":["Sword Boomerang","Clothesline"],"picked":"Shrug It Off","floor":2},{"not_picked":["Heavy Blade","Body Slam"],"picked":"Inflame","floor":3},{"not_picked":["Havoc","Clothesline"],"picked":"Heavy Blade","floor":6},{"not_picked":["Carnage","Fire Breathing"],"picked":"Searing Blow","floor":8},{"not_picked":["Armaments","Sever Soul"],"picked":"Impervious","floor":10},{"not_picked":["Dual Wield","Whirlwind","Wild Strike"],"picked":"SKIP","floor":11},{"not_picked":["Rampage","Entrench"],"picked":"Barricade+1","floor":13},{"not_picked":["Rupture+1","Power Through","Thunderclap"],"picked":"SKIP","floor":14},{"not_picked":["Berserk+1","Dark Embrace+1"],"picked":"Limit Break","floor":16},{"not_picked":["Warcry","Reckless Charge"],"picked":"Metallicize+1","floor":18},{"not_picked":["Armaments","Infernal Blade"],"picked":"Evolve+1","floor":21},{"not_picked":["Warcry","Armaments","Dual Wield"],"picked":"SKIP","floor":22},{"not_picked":["Blood for Blood","Body Slam"],"picked":"True Grit","floor":28},{"not_picked":["Fire Breathing+1","Wild Strike","Rampage"],"picked":"SKIP","floor":29},{"not_picked":["Rage","Headbutt","Power Through"],"picked":"SKIP","floor":31},{"not_picked":["Dark Embrace+1","Brutality+1"],"picked":"Reaper","floor":33},{"not_picked":["Combust+1","Bloodletting","Clash+1"],"picked":"SKIP","floor":35},{"not_picked":["Shrug It Off","Cleave","Clothesline"],"picked":"SKIP","floor":36},{"not_picked":["Intimidate+1","Inflame+1"],"picked":"Demon Form+1","floor":39},{"not_picked":["Anger","Heavy Blade","Sever Soul+1"],"picked":"SKIP","floor":40},{"not_picked":["Hemokinesis+1","Evolve+1","Flex","Armaments"],"picked":"SKIP","floor":42},{"not_picked":["Inflame+1","Clothesline","Shrug It Off","Armaments"],"picked":"SKIP","floor":44}],"player_experience":743100,"relics_obtained":[{"floor":6,"key":"Pear"},{"floor":8,"key":"Frozen Egg 2"},{"floor":9,"key":"Gremlin Horn"},{"floor":13,"key":"Pen Nib"},{"floor":24,"key":"Necronomicon"},{"floor":40,"key":"Question Card"},{"floor":42,"key":"Charon\u0027s Ashes"},{"floor":43,"key":"Letter Opener"}],"event_choices":[{"damage_healed":0,"gold_gain":175,"player_choice":"AGREE","damage_taken":0,"max_hp_gain":0,"max_hp_loss":0,"event_name":"Liars Game","floor":4,"gold_loss":0,"cards_obtained":["Doubt"]},{"damage_healed":0,"gold_gain":0,"player_choice":"Rummage","damage_taken":0,"relics_obtained":["WarpedTongs"],"max_hp_gain":0,"max_hp_loss":0,"event_name":"Accursed Blacksmith","floor":5,"gold_loss":0,"cards_obtained":["Pain"]},{"damage_healed":0,"gold_gain":100,"player_choice":"Pray","damage_taken":0,"max_hp_gain":0,"max_hp_loss":0,"event_name":"Golden Shrine","floor":20,"gold_loss":0},{"damage_healed":0,"gold_gain":0,"player_choice":"Obtained Book","damage_taken":16,"max_hp_gain":0,"max_hp_loss":0,"event_name":"Cursed Tome","floor":24,"gold_loss":0},{"damage_healed":0,"gold_gain":0,"player_choice":"Max HP","damage_taken":0,"max_hp_gain":0,"max_hp_loss":4,"event_name":"Winding Halls","floor":38,"gold_loss":0}],"is_beta":false,"boss_relics":[{"not_picked":["Runic Dome","White Beast Statue"],"picked":"Philosopher\u0027s Stone"},{"not_picked":["Tiny House","Black Star"],"picked":"Fusion Hammer"}],"items_purged_floors":[19,37,41],"is_endless":false,"potions_floor_spawned":[2,8,10,14,21,22,29,33,36,39,40,42],"killed_by":"Sphere and 2 Shapes","ascension_level":12}