{"gold_per_floor":[118,130,148,83,96,124,143,154,177,49,81,81,12,27,27,124,124,109,160,85,10,10,10,29,47,47,47,78,78],"floor_reached":29,"playtime":2378,"items_purged":["Strike_G"],"score":364,"play_id":"c357af1d-2a7c-46e6-b3b6-79e7a1e712ba","local_time":"20190106211918","is_ascension_mode":true,"campfire_choices":[{"data":"Footwork","floor":12.0,"key":"SMITH"},{"floor":15.0,"key":"REST"},{"data":"Noxious Fumes","floor":23.0,"key":"SMITH"},{"data":"Footwork","floor":27.0,"key":"SMITH"}],"neow_cost":"NONE","seed_source_timestamp":185584557304056,"circlet_count":0,"master_deck":["AscendersBane","Defend_G","Defend_G","Defend_G","Defend_G","Defend_G","Strike_G","Strike_G","Survivor","Neutralize","Poisoned Stab","Noxious Fumes+1","Bane","Footwork+1","Backflip","Backflip","Catalyst","Well Laid Plans","PiercingWail","Die Die Die","Escape Plan","Backflip","Flechettes","Phantasmal Killer","Cloak And Dagger","Escape Plan+1","Footwork+1","Blur+1","Cloak And Dagger+1"],"special_seed":0,"relics":["Ring of the Snake","Potion Belt","Shovel","Lantern","Art of War","Orrery","Anchor","Happy Flower","Red Mask"],"potions_floor_usage":[],"damage_taken":[{"damage":3.0,"enemies":"Jaw Worm","floor":1.0,"turns":7.0},{"damage":0.0,"enemies":"Cultist","floor":2.0,"turns":4.0},{"damage":3.0,"enemies":"2 Louse","floor":3.0,"turns":3.0},{"damage":8.0,"enemies":"Exordium Wildlife","floor":5.0,"turns":5.0},{"damage":32.0,"enemies":"Gremlin Nob","floor":6.0,"turns":5.0},{"damage":0.0,"enemies":"Large Slime","floor":7.0,"turns":5.0},{"damage":1.0,"enemies":"2 Fungi Beasts","floor":8.0,"turns":5.0},{"damage":4.0,"enemies":"3 Sentries","floor":11.0,"turns":11.0},{"damage":0.0,"enemies":"3 Louse","floor":14.0,"turns":6.0},{"damage":25.0,"enemies":"The Guardian","floor":16.0,"turns":11.0},{"damage":20.0,"enemies":"2 Thieves","floor":18.0,"turns":4.0},{"damage":7.0,"enemies":"Colosseum Slavers","floor":22.0,"turns":5.0},{"damage":0.0,"enemies":"3 Byrds","floor":24.0,"turns":5.0},{"damage":6.0,"enemies":"Snake Plant","floor":25.0,"turns":6.0},{"damage":12.0,"enemies":"Masked Bandits","floor":28.0,"turns":5.0},{"damage":31,"enemies":"Chosen and Byrds","floor":29,"turns":4}],"seed_played":"6799233574854606183","potions_obtained":[{"floor":2.0,"key":"Dexterity Potion"},{"floor":3.0,"key":"GamblersBrew"},{"floor":7.0,"key":"Poison Potion"},{"floor":11.0,"key":"Strength Potion"},{"floor":18.0,"key":"Regen Potion"},{"floor":25.0,"key":"Strength Potion"}],"is_trial":false,"path_per_floor":["M","M","M","?","M","E","M","M","T","$","E","R","$","M","R","B",null,"M","T","?","$","?","R","M","M","T","R","?","M"],"character_chosen":"THE_SILENT","items_purchased":["Regen Potion","Fire Potion","Well Laid Plans"],"campfire_rested":1,"item_purchase_floors":[10,10,13],"current_hp_per_floor":[60,60,57,57,49,17,17,16,16,16,27,27,27,27,48,23,58,38,38,38,38,46,46,46,40,40,40,28,0],"gold":78,"neow_bonus":"REMOVE_CARD","is_prod":false,"is_daily":false,"chose_seed":false,"campfire_upgraded":3,"win_rate":0,"timestamp":1546805958,"path_taken":["M","M","M","?","M","E","M","M","T","$","E","R","$","M","R","BOSS","M","?","?","?","?","R","M","M","T","R","?","M"],"build_version":"2019-01-03v4","purchased_purges":1,"victory":false,"max_hp_per_floor":[70,70,70,70,70,70,70,70,70,70,70,70,70,70,70,70,70,70,70,70,70,70,70,70,70,70,70,70,70],"card_choices":[{"not_picked":["Finisher","Flying Knee"],"picked":"Poisoned Stab","floor":1.0},{"not_picked":["Deflect","Dagger Spray"],"picked":"Noxious Fumes","floor":2.0},{"not_picked":["Underhanded Strike","Night Terror"],"picked":"Bane","floor":3.0},{"not_picked":["Distraction","Outmaneuver"],"picked":"Footwork","floor":5.0},{"not_picked":["Sucker Punch","Bouncing Flask"],"picked":"Backflip","floor":6.0},{"not_picked":["Noxious Fumes","Infinite Blades"],"picked":"Backflip","floor":7.0},{"not_picked":["Masterful Stab","Acrobatics","Underhanded Strike"],"picked":"SKIP","floor":8.0},{"not_picked":["Distraction","Concentrate"],"picked":"Catalyst","floor":11.0},{"not_picked":["Dash","Bouncing Flask"],"picked":"PiercingWail","floor":14.0},{"not_picked":["Wraith Form v2","Unload"],"picked":"Die Die Die","floor":16.0},{"not_picked":["Prepared","Heel Hook"],"picked":"Escape Plan","floor":17.0},{"not_picked":["Blade Dance","Underhanded Strike"],"picked":"Backflip","floor":17.0},{"not_picked":["Bane","Sucker Punch"],"picked":"Flechettes","floor":17.0},{"not_picked":["Bane","Leg Sweep"],"picked":"Phantasmal Killer","floor":17.0},{"not_picked":["Bane","Deflect"],"picked":"Cloak And Dagger","floor":17.0},{"not_picked":["Burst","Flying Knee"],"picked":"Escape Plan+1","floor":18.0},{"not_picked":["Flying Knee","Outmaneuver+1"],"picked":"Footwork","floor":24.0},{"not_picked":["Masterful Stab","Sucker Punch"],"picked":"Blur+1","floor":25.0},{"not_picked":["Well Laid Plans","Distraction"],"picked":"Cloak And Dagger+1","floor":28.0}],"player_experience":329396,"relics_obtained":[{"floor":6.0,"key":"Shovel"},{"floor":9.0,"key":"Lantern"},{"floor":11.0,"key":"Art of War"},{"floor":19.0,"key":"Anchor"},{"floor":26.0,"key":"Happy Flower"},{"floor":28.0,"key":"Red Mask"}],"event_choices":[{"damage_healed":0.0,"max_hp_gain":0.0,"max_hp_loss":0.0,"gold_gain":0.0,"event_name":"WeMeetAgain","player_choice":"Paid Gold","floor":4.0,"gold_loss":65.0,"damage_taken":0.0,"relics_obtained":["Potion Belt"]},{"cards_removed":["Strike_G"],"damage_healed":0.0,"max_hp_gain":0.0,"max_hp_loss":0.0,"gold_gain":0.0,"event_name":"Beggar","player_choice":"Gave Gold","floor":20.0,"gold_loss":75.0,"damage_taken":0.0},{"damage_healed":0.0,"max_hp_gain":0.0,"max_hp_loss":0.0,"gold_gain":0.0,"event_name":"Colosseum","player_choice":"Fight","floor":22.0,"gold_loss":0.0,"damage_taken":0.0},{"damage_healed":0.0,"max_hp_gain":0.0,"max_hp_loss":0.0,"gold_gain":0.0,"event_name":"Colosseum","player_choice":"Fled From Nobs","floor":22.0,"gold_loss":0.0,"damage_taken":0.0},{"damage_healed":0.0,"max_hp_gain":0.0,"max_hp_loss":0.0,"gold_gain":0.0,"event_name":"Masked Bandits","player_choice":"Fought Bandits","floor":28.0,"gold_loss":0.0,"damage_taken":0.0}],"is_beta":false,"boss_relics":[{"not_picked":["Runic Dome","Tiny House"],"picked":"Orrery"}],"items_purged_floors":[21],"is_endless":false,"potions_floor_spawned":[2,3,7,11,18,25],"killed_by":"Chosen and Byrds","ascension_level":11}