{"gold_per_floor":[114,114,127,202,217,217,231,264,316,316,331,121,178,19,19,122,122,138,138,237,237,250,250,266,266],"floor_reached":25,"playtime":2330,"items_purged":[],"score":201,"play_id":"ba567e74-8369-461a-a958-a02803bbf691","local_time":"20190119033156","is_ascension_mode":false,"campfire_choices":[{"floor":6,"key":"REST"},{"floor":10,"key":"REST"},{"floor":15,"key":"REST"},{"floor":23,"key":"REST"}],"neow_cost":"NONE","seed_source_timestamp":112730689746818,"circlet_count":0,"master_deck":["Defend_G","Defend_G","Defend_G","Defend_G","Strike_G","Strike_G","Strike_G","Strike_G","Survivor","Neutralize","Backflip","Footwork","Underhanded Strike","Leg Sweep","Reflex","Metamorphosis","Tactician","Backstab","Adrenaline","All Out Attack+1","Deflect+1","Doppelganger+1","Writhe"],"relics":["HoveringKite","Singing Bowl","Juzu Bracelet","Membership Card","Ancient Tea Set","Astrolabe","Kunai"],"potions_floor_usage":[3,7,7,8,11,16,18,22,25],"damage_taken":[{"damage":13,"enemies":"Cultist","floor":1,"turns":6},{"damage":0,"enemies":"Small Slimes","floor":3,"turns":3},{"damage":0,"enemies":"Jaw Worm","floor":5,"turns":4},{"damage":21,"enemies":"Gremlin Gang","floor":7,"turns":10},{"damage":38,"enemies":"Gremlin Nob","floor":8,"turns":6},{"damage":0,"enemies":"Blue Slaver","floor":11,"turns":5},{"damage":20,"enemies":"3 Sentries","floor":13,"turns":15},{"damage":31,"enemies":"Slime Boss","floor":16,"turns":18},{"damage":19,"enemies":"Shell Parasite","floor":18,"turns":6},{"damage":28,"enemies":"2 Thieves","floor":22,"turns":4},{"damage":49,"enemies":"3 Cultists","floor":24,"turns":10},{"damage":4,"enemies":"Centurion and Healer","floor":25,"turns":4}],"seed_played":"-7318980898430735393","potions_obtained":[{"floor":2,"key":"AttackPotion"},{"floor":2,"key":"SneckoOil"},{"floor":2,"key":"Weak Potion"},{"floor":7,"key":"GhostInAJar"},{"floor":8,"key":"Regen Potion"},{"floor":13,"key":"Swift Potion"},{"floor":16,"key":"Fire Potion"},{"floor":18,"key":"PowerPotion"},{"floor":24,"key":"AttackPotion"}],"is_trial":false,"path_per_floor":["M","?","M","?","M","R","M","E","T","R","M","$","?","$","R","B",null,"M","$","?","?","M","R","M","M"],"character_chosen":"THE_SILENT","items_purchased":["Membership Card","Metamorphosis","Tactician","Backstab"],"campfire_rested":4,"item_purchase_floors":[12,14,14,14],"current_hp_per_floor":[57,57,57,46,46,67,46,8,8,29,45,45,25,25,46,15,72,55,55,55,55,29,51,4,0],"gold":266,"neow_bonus":"BOSS_RELIC","is_prod":false,"is_daily":false,"chose_seed":false,"campfire_upgraded":0,"win_rate":0,"timestamp":1547881316,"path_taken":["M","?","?","?","M","R","M","E","T","R","M","?","?","$","R","BOSS","M","$","?","?","M","R","M","M"],"build_version":"2019-01-17","purchased_purges":0,"victory":false,"max_hp_per_floor":[70,70,70,70,70,70,70,70,70,70,72,72,72,72,72,72,72,74,74,74,74,76,76,78,78],"card_choices":[{"not_picked":["Flying Knee","Slice"],"picked":"Blade Dance","floor":1},{"not_picked":["Finisher","Endless Agony"],"picked":"Backflip","floor":3},{"not_picked":["Bane","Tools of the Trade"],"picked":"Footwork","floor":5},{"not_picked":["Prepared","Bouncing Flask"],"picked":"Underhanded Strike","floor":7},{"not_picked":["Bane","Deflect"],"picked":"Leg Sweep","floor":8},{"not_picked":["Backflip","Deadly Poison","Bane"],"picked":"Singing Bowl","floor":11},{"not_picked":["PiercingWail","Sucker Punch"],"picked":"Reflex","floor":13},{"not_picked":["Glass Knife","Envenom"],"picked":"Adrenaline","floor":16},{"not_picked":["Finisher","Outmaneuver","Slice"],"picked":"Singing Bowl","floor":18},{"not_picked":["Concentrate","Outmaneuver+1","Sucker Punch+1"],"picked":"Singing Bowl","floor":22},{"not_picked":["Dodge and Roll","Quick Slash","Setup"],"picked":"Singing Bowl","floor":24}],"player_experience":590546,"relics_obtained":[{"floor":8,"key":"Singing Bowl"},{"floor":9,"key":"Juzu Bracelet"}],"event_choices":[{"damage_healed":0,"gold_gain":0,"player_choice":"Got Potions","damage_taken":0,"max_hp_gain":0,"max_hp_loss":0,"event_name":"Lab","floor":2,"gold_loss":0},{"damage_healed":0,"gold_gain":75,"player_choice":"Gather Gold","damage_taken":11,"max_hp_gain":0,"max_hp_loss":0,"event_name":"World of Goop","floor":4,"gold_loss":0},{"damage_healed":0,"gold_gain":0,"player_choice":"Searched \u00273\u0027 times","damage_taken":0,"relics_obtained":["Ancient Tea Set"],"max_hp_gain":0,"max_hp_loss":0,"event_name":"Dead Adventurer","floor":13,"gold_loss":0},{"damage_healed":0,"gold_gain":99,"player_choice":"Stole From Cult","damage_taken":0,"max_hp_gain":0,"max_hp_loss":0,"event_name":"Nest","floor":20,"gold_loss":0},{"damage_healed":0,"gold_gain":0,"player_choice":"Opened","damage_taken":0,"relics_obtained":["Kunai"],"max_hp_gain":0,"max_hp_loss":0,"event_name":"The Mausoleum","floor":21,"gold_loss":0,"cards_obtained":["Writhe"]}],"is_beta":true,"boss_relics":[{"not_picked":["Ectoplasm","Empty Cage"],"picked":"Astrolabe"}],"items_purged_floors":[],"is_endless":false,"potions_floor_spawned":[7,8,13,16,18,24],"killed_by":"Centurion and Healer","ascension_level":0}