{"gold_per_floor":[118,128,93,93,109,152,152,152,177,218,218,249,249,267,267,363,363,382,402,402,422,463,463,481,481,507,507,507,99,133,209,209,304,304,324,344,244,257,257,257,296,142,212,235,235,250,250,273,273,273],"floor_reached":50,"playtime":2165,"items_purged":["Strike_R","Strike_R","Combust+1"],"score":1116,"play_id":"fd76f9a1-e569-4d52-9750-01d110ee31dc","local_time":"20190125214834","is_ascension_mode":true,"campfire_choices":[{"data":"Combust","floor":7.0,"key":"SMITH"},{"data":"Rampage","floor":11.0,"key":"SMITH"},{"floor":15.0,"key":"REST"},{"data":"Limit Break","floor":23.0,"key":"SMITH"},{"data":"Sword Boomerang","floor":25.0,"key":"SMITH"},{"data":"Metallicize","floor":28.0,"key":"SMITH"},{"floor":32.0,"key":"REST"},{"data":"Inflame","floor":40.0,"key":"SMITH"},{"floor":45,"key":"REST"},{"data":"True Grit","floor":47,"key":"SMITH"},{"floor":49,"key":"REST"}],"neow_cost":"PERCENT_DAMAGE","seed_source_timestamp":5248301891659,"circlet_count":0,"master_deck":["AscendersBane","Strike_R+1","Defend_R+1","Defend_R","Defend_R+1","Rampage+1","Headbutt+1","Metallicize+1","Feel No Pain","Battle Trance","Inflame+1","Limit Break+1","Spot Weakness+1","Sword Boomerang+1","Offering","Thunderclap+1","Offering","Iron Wave+1","True Grit+1","Iron Wave+1"],"special_seed":0,"relics":["Burning Blood","Golden Idol","Whetstone","Orichalcum","Boot","Red Skull","Sozu","Red Mask","PreservedInsect","War Paint","Centennial Puzzle","Singing Bowl","Velvet Choker","Strawberry","Shuriken"],"potions_floor_usage":[50],"damage_taken":[{"damage":15.0,"enemies":"Jaw Worm","floor":1.0,"turns":8.0},{"damage":15.0,"enemies":"Small Slimes","floor":2.0,"turns":3.0},{"damage":5.0,"enemies":"2 Louse","floor":5.0,"turns":3.0},{"damage":6.0,"enemies":"Gremlin Nob","floor":6.0,"turns":3.0},{"damage":33.0,"enemies":"Lagavulin","floor":10.0,"turns":6.0},{"damage":19.0,"enemies":"3 Sentries","floor":12.0,"turns":5.0},{"damage":1.0,"enemies":"Lots of Slimes","floor":14.0,"turns":2.0},{"damage":18.0,"enemies":"Hexaghost","floor":16.0,"turns":6.0},{"damage":10.0,"enemies":"3 Byrds","floor":18.0,"turns":4.0},{"damage":16.0,"enemies":"Spheric Guardian","floor":19.0,"turns":4.0},{"damage":15.0,"enemies":"Centurion and Healer","floor":21.0,"turns":3.0},{"damage":5.0,"enemies":"Masked Bandits","floor":22.0,"turns":2.0},{"damage":13.0,"enemies":"3 Cultists","floor":24.0,"turns":4.0},{"damage":2.0,"enemies":"Gremlin Leader","floor":30.0,"turns":3.0},{"damage":30.0,"enemies":"Champ","floor":33.0,"turns":8.0},{"damage":8.0,"enemies":"3 Shapes","floor":35.0,"turns":3.0},{"damage":10.0,"enemies":"Orb Walker","floor":36.0,"turns":3.0},{"damage":19.0,"enemies":"Jaw Worm Horde","floor":38.0,"turns":3.0},{"damage":43.0,"enemies":"Nemesis","floor":41.0,"turns":3.0},{"damage":6,"enemies":"Transient","floor":44,"turns":6},{"damage":0,"enemies":"4 Shapes","floor":46,"turns":9},{"damage":41,"enemies":"Spire Growth","floor":48,"turns":4},{"damage":40,"enemies":"Awakened One","floor":50,"turns":3}],"seed_played":"6838923561702389233","potions_obtained":[{"floor":2.0,"key":"EssenceOfSteel"},{"floor":5.0,"key":"Fire Potion"},{"floor":10.0,"key":"PowerPotion"},{"floor":14.0,"key":"EssenceOfSteel"},{"floor":16.0,"key":"SteroidPotion"}],"is_trial":false,"path_per_floor":["M","M","?","?","M","E","R","?","T","E","R","E","?","M","R","B",null,"M","M","?","M","?","R","M","R","T","?","R","$","E","T","R","B",null,"M","M","$","M","?","R","E","$","T","M","R","M","R","M","R","B"],"character_chosen":"IRONCLAD","items_purchased":["PreservedInsect","War Paint","True Grit"],"campfire_rested":4,"item_purchase_floors":[29,29,42],"current_hp_per_floor":[41,32,50,50,51,51,51,51,51,24,24,11,11,16,36,24,57,53,43,43,34,35,35,28,28,28,28,28,28,32,32,52,30,60,58,56,56,45,45,45,15,15,15,17,41,47,47,14,39,0],"gold":273,"neow_bonus":"REMOVE_TWO","is_prod":false,"is_daily":false,"chose_seed":false,"campfire_upgraded":7,"win_rate":0,"timestamp":1548449314,"path_taken":["M","M","?","?","M","E","R","?","T","E","R","E","?","?","R","BOSS","M","M","?","M","?","R","M","R","T","?","R","$","E","?","R","BOSS","M","M","$","?","?","R","E","$","T","M","R","?","R","M","R","BOSS"],"build_version":"2019-01-23","purchased_purges":3,"victory":false,"max_hp_per_floor":[75,75,75,68,68,68,68,68,68,68,68,68,68,68,68,68,68,68,68,68,68,68,68,68,68,68,68,68,68,68,68,68,70,70,70,72,72,74,74,74,81,81,81,83,83,83,83,85,85,85],"card_choices":[{"not_picked":["Twin Strike","Body Slam"],"picked":"Rampage","floor":1.0},{"not_picked":["Armaments","Reckless Charge"],"picked":"Combust","floor":2.0},{"not_picked":["Cleave","True Grit"],"picked":"Headbutt","floor":5.0},{"not_picked":["Rampage","Perfected Strike"],"picked":"Metallicize","floor":6.0},{"not_picked":["Combust","Spot Weakness"],"picked":"Feel No Pain","floor":10.0},{"not_picked":["Clash","Armaments"],"picked":"Battle Trance","floor":12.0},{"not_picked":["Warcry","Fire Breathing","Cleave"],"picked":"SKIP","floor":14.0},{"not_picked":["Brutality","Reaper"],"picked":"Limit Break","floor":16.0},{"not_picked":["Body Slam","Wild Strike+1"],"picked":"Spot Weakness+1","floor":18.0},{"not_picked":["Pommel Strike","Wild Strike"],"picked":"Sword Boomerang","floor":19.0},{"not_picked":["Bloodletting","Cleave+1","Thunderclap"],"picked":"SKIP","floor":21.0},{"not_picked":["Rampage","Corruption","Armaments"],"picked":"SKIP","floor":24.0},{"not_picked":["Sentinel","Immolate"],"picked":"Offering","floor":30.0},{"not_picked":["Limit Break","Bludgeon","Exhume"],"picked":"Singing Bowl","floor":33.0},{"not_picked":["Clash","Pommel Strike"],"picked":"Thunderclap+1","floor":35.0},{"not_picked":["Battle Trance","Warcry","Berserk"],"picked":"Singing Bowl","floor":36.0},{"not_picked":["Anger","Rage","Cleave"],"picked":"Singing Bowl","floor":38.0},{"not_picked":["Clothesline","Anger"],"picked":"Iron Wave+1","floor":41.0},{"not_picked":["Sword Boomerang","Corruption","Infernal Blade"],"picked":"Singing Bowl","floor":44},{"not_picked":["Clash","Clothesline+1"],"picked":"Iron Wave+1","floor":46},{"not_picked":["Seeing Red","Blood for Blood","Battle Trance"],"picked":"Singing Bowl","floor":48}],"player_experience":908367,"relics_obtained":[{"floor":6.0,"key":"Whetstone"},{"floor":9.0,"key":"Orichalcum"},{"floor":10.0,"key":"Boot"},{"floor":12.0,"key":"Red Skull"},{"floor":22.0,"key":"Red Mask"},{"floor":30.0,"key":"Centennial Puzzle"},{"floor":31.0,"key":"Singing Bowl"},{"floor":41.0,"key":"Strawberry"},{"floor":43.0,"key":"Shuriken"}],"event_choices":[{"damage_healed":18.0,"max_hp_gain":0.0,"max_hp_loss":0.0,"gold_gain":0.0,"event_name":"The Cleric","player_choice":"Healed","floor":3.0,"gold_loss":35.0,"damage_taken":0.0},{"damage_healed":0.0,"max_hp_gain":0.0,"max_hp_loss":7.0,"gold_gain":0.0,"event_name":"Golden Idol","player_choice":"Lose Max HP","floor":4.0,"gold_loss":0.0,"damage_taken":0.0,"relics_obtained":["Golden Idol"]},{"damage_healed":0.0,"max_hp_gain":0.0,"max_hp_loss":0.0,"gold_gain":0.0,"event_name":"Liars Game","player_choice":"Ignored","floor":8.0,"gold_loss":0.0,"damage_taken":0.0},{"damage_healed":0.0,"max_hp_gain":0.0,"max_hp_loss":0.0,"gold_gain":0.0,"cards_transformed":["Strike_R"],"event_name":"Transmorgrifier","player_choice":"Transformed","floor":13.0,"gold_loss":0.0,"damage_taken":0.0,"cards_obtained":["Inflame"]},{"damage_healed":0.0,"max_hp_gain":0.0,"max_hp_loss":0.0,"gold_gain":0.0,"event_name":"Ghosts","player_choice":"Ignored","floor":20.0,"gold_loss":0.0,"damage_taken":0.0},{"damage_healed":0.0,"max_hp_gain":0.0,"max_hp_loss":0.0,"gold_gain":0.0,"event_name":"Masked Bandits","player_choice":"Fought Bandits","floor":22.0,"gold_loss":0.0,"damage_taken":0.0},{"damage_healed":0.0,"max_hp_gain":0.0,"max_hp_loss":0.0,"gold_gain":0.0,"event_name":"Cursed Tome","player_choice":"Ignored","floor":27.0,"gold_loss":0.0,"damage_taken":0.0},{"damage_healed":0.0,"max_hp_gain":0.0,"max_hp_loss":0.0,"gold_gain":0.0,"cards_transformed":["Strike_R"],"event_name":"Transmorgrifier","player_choice":"Transformed","floor":39.0,"gold_loss":0.0,"damage_taken":0.0,"cards_obtained":["Offering"]}],"is_beta":true,"boss_relics":[{"not_picked":["Lizard Tail","Snecko Eye"],"picked":"Sozu"},{"not_picked":["Pandora\u0027s Box","Runic Cube"],"picked":"Velvet Choker"}],"items_purged_floors":[29,37,42],"is_endless":false,"potions_floor_spawned":[2,5,10,14,16,21,22,24,33,35,41,48],"killed_by":"Awakened One","ascension_level":20}