{"gold_per_floor":[363,363,53,69,69,69,69,69,69,69,87,87,103,113,113,208,208,220,231,231,247,247,247,276,276,276,294,294,311,251,151,151,253,303,321,338,338,338,43,75,75,106,106,106],"floor_reached":44,"playtime":1563,"items_purged":["Regret","Strike_B+1"],"score":523,"play_id":"02d71068-62c0-4e6d-9e2a-d3fdfcfe0c73","local_time":"20190204232822","is_ascension_mode":true,"campfire_choices":[{"data":"White Noise","floor":6,"key":"SMITH"},{"data":"Zap","floor":8,"key":"SMITH"},{"data":"Coolheaded","floor":10,"key":"SMITH"},{"data":"Go for the Eyes","floor":12,"key":"SMITH"},{"data":"Undo","floor":15,"key":"SMITH"},{"data":"Reboot","floor":23,"key":"SMITH"},{"floor":25,"key":"REST"},{"data":"Dualcast","floor":28,"key":"SMITH"},{"floor":32,"key":"REST"},{"floor":41,"key":"REST"}],"neow_cost":"CURSE","seed_source_timestamp":12145097019671,"circlet_count":0,"master_deck":["Strike_B+1","Strike_B+1","Strike_B+1","Defend_B+1","Defend_B+1","Defend_B+1","Defend_B+1","Zap+1","Dualcast+1","Go for the Eyes+1","Core Surge","White Noise+1","Coolheaded+1","Reboot+1","Undo+1","Echo Form","Sunder+1","Genetic Algorithm+1","Rebound+1","BootSequence+1","Amplify","Hologram+1","Compile Driver+1","Coolheaded"],"relics":["Cracked Core","Pantograph","Anchor","Symbiotic Virus","Runic Dome","Nilry\u0027s Codex","Bronze Scales","Mercury Hourglass","Tiny House","Ice Cream","Happy Flower","Molten Egg 2","Pear"],"potions_floor_usage":[33,33,40],"damage_taken":[{"damage":7,"enemies":"Small Slimes","floor":1,"turns":4},{"damage":1,"enemies":"2 Louse","floor":4,"turns":2},{"damage":0,"enemies":"Cultist","floor":11,"turns":3},{"damage":1,"enemies":"Lots of Slimes","floor":13,"turns":3},{"damage":0,"enemies":"Looter","floor":14,"turns":3},{"damage":6,"enemies":"The Guardian","floor":16,"turns":9},{"damage":8,"enemies":"Spheric Guardian","floor":18,"turns":4},{"damage":1,"enemies":"Shell Parasite","floor":19,"turns":4},{"damage":0,"enemies":"Shelled Parasite and Fungi","floor":21,"turns":5},{"damage":30,"enemies":"Slavers","floor":24,"turns":5},{"damage":13,"enemies":"Snake Plant","floor":27,"turns":3},{"damage":0,"enemies":"Chosen and Byrds","floor":29,"turns":4},{"damage":28,"enemies":"Collector","floor":33,"turns":8},{"damage":38,"enemies":"3 Darklings","floor":35,"turns":6},{"damage":0,"enemies":"3 Shapes","floor":36,"turns":3},{"damage":35,"enemies":"Nemesis","floor":40,"turns":7},{"damage":37,"enemies":"Reptomancer","floor":42,"turns":7},{"damage":19,"enemies":"Spire Growth","floor":44,"turns":2}],"seed_played":"5468368961153632164","potions_obtained":[{"floor":4,"key":"SpeedPotion"},{"floor":11,"key":"FocusPotion"},{"floor":13,"key":"SteroidPotion"},{"floor":21,"key":"SkillPotion"},{"floor":24,"key":"Ancient Potion"},{"floor":33,"key":"GamblersBrew"},{"floor":34,"key":"FocusPotion"},{"floor":35,"key":"Explosive Potion"},{"floor":38,"key":"Regen Potion"},{"floor":40,"key":"FocusPotion"}],"is_trial":false,"path_per_floor":["M","?","$","M","?","R","?","R","T","R","M","R","M","M","R","B",null,"M","M","?","M","?","R","E","R","T","M","R","M","?","$","R","B",null,"M","M","$","?","$","E","R","E","T","M"],"character_chosen":"DEFECT","items_purchased":["Core Surge","White Noise","Ice Cream"],"campfire_rested":3,"item_purchase_floors":[3,3,39],"current_hp_per_floor":[68,68,68,67,52,52,40,40,40,40,40,40,39,39,39,58,75,67,66,66,66,50,50,20,42,42,29,29,29,29,29,51,47,80,42,42,42,42,42,22,46,9,19,0],"gold":106,"neow_bonus":"TWO_FIFTY_GOLD","is_prod":false,"is_daily":false,"chose_seed":false,"campfire_upgraded":7,"win_rate":0,"timestamp":1549319302,"path_taken":["M","?","$","M","?","R","?","R","T","R","M","R","M","M","R","BOSS","M","M","?","M","?","R","E","R","T","M","R","M","?","$","R","BOSS","M","M","$","?","$","E","R","E","T","?"],"build_version":"2019-01-23","purchased_purges":2,"victory":false,"max_hp_per_floor":[75,75,75,75,75,75,75,75,75,75,75,75,75,75,75,75,75,75,75,75,75,75,75,75,75,75,75,75,75,75,75,75,75,80,80,80,80,80,80,80,80,80,90,90],"card_choices":[{"not_picked":["Gash","Coolheaded"],"picked":"Go for the Eyes","floor":1},{"not_picked":["Gash","Loop"],"picked":"Coolheaded","floor":4},{"not_picked":["Streamline","Turbo","Barrage"],"picked":"SKIP","floor":11},{"not_picked":["Coolheaded","Blizzard"],"picked":"Reboot","floor":13},{"not_picked":["Darkness","Sweeping Beam"],"picked":"Undo","floor":14},{"not_picked":["Electrodynamics","Reboot"],"picked":"Echo Form","floor":16},{"not_picked":["Loop","Steam+1"],"picked":"Sunder+1","floor":18},{"not_picked":["Chill+1","Sunder+1"],"picked":"Genetic Algorithm+1","floor":19},{"not_picked":["Fusion","Beam Cell"],"picked":"Rebound+1","floor":21},{"not_picked":["Leap","Beam Cell"],"picked":"BootSequence","floor":24},{"not_picked":["Recycle","Rebound","Coolheaded"],"picked":"SKIP","floor":27},{"not_picked":["Go for the Eyes","Sweeping Beam","Turbo"],"picked":"SKIP","floor":29},{"not_picked":["Reboot","Echo Form"],"picked":"Amplify","floor":33},{"not_picked":["Steam+1","Skim"],"picked":"Hologram+1","floor":35},{"not_picked":["Self Repair","Barrage+1"],"picked":"Compile Driver+1","floor":36},{"not_picked":["Turbo","Ball Lightning"],"picked":"Coolheaded","floor":40},{"not_picked":["Genetic Algorithm+1","Blizzard","Recycle"],"picked":"SKIP","floor":42}],"player_experience":953707,"relics_obtained":[{"floor":9,"key":"Symbiotic Virus"},{"floor":22,"key":"Nilry\u0027s Codex"},{"floor":24,"key":"Bronze Scales"},{"floor":26,"key":"Mercury Hourglass"},{"floor":40,"key":"Happy Flower"},{"floor":42,"key":"Molten Egg 2"},{"floor":43,"key":"Pear"}],"event_choices":[{"damage_healed":0,"gold_gain":0,"player_choice":"Box","damage_taken":0,"relics_obtained":["Pantograph"],"max_hp_gain":0,"max_hp_loss":0,"event_name":"Big Fish","floor":2,"gold_loss":0,"cards_obtained":["Regret"]},{"damage_healed":0,"gold_gain":0,"player_choice":"Entered Light","damage_taken":15,"max_hp_gain":0,"max_hp_loss":0,"event_name":"Shining Light","floor":5,"gold_loss":0,"cards_upgraded":["Defend_B","Strike_B"]},{"damage_healed":0,"gold_gain":0,"player_choice":"Success","damage_taken":12,"relics_obtained":["Anchor"],"max_hp_gain":0,"max_hp_loss":0,"event_name":"Scrap Ooze","floor":7,"gold_loss":0},{"damage_healed":0,"gold_gain":0,"player_choice":"Simplicity","damage_taken":0,"max_hp_gain":0,"max_hp_loss":0,"event_name":"Back to Basics","floor":20,"gold_loss":0,"cards_upgraded":["Strike_B","Strike_B","Strike_B","Defend_B","Defend_B","Defend_B"]},{"damage_healed":0,"gold_gain":0,"player_choice":"Obtained Book","damage_taken":16,"max_hp_gain":0,"max_hp_loss":0,"event_name":"Cursed Tome","floor":22,"gold_loss":0},{"cards_removed":["Doubt"],"damage_healed":0,"gold_gain":0,"player_choice":"Single Remove","damage_taken":0,"max_hp_gain":0,"max_hp_loss":0,"event_name":"Designer","floor":30,"gold_loss":60},{"damage_healed":0,"gold_gain":0,"player_choice":"Got Potions","damage_taken":0,"max_hp_gain":0,"max_hp_loss":0,"event_name":"Lab","floor":38,"gold_loss":0}],"is_beta":true,"boss_relics":[{"not_picked":["White Beast Statue","Runic Pyramid"],"picked":"Runic Dome"},{"not_picked":["Lizard Tail","Busted Crown"],"picked":"Tiny House"}],"items_purged_floors":[3,31],"is_endless":false,"potions_floor_spawned":[4,11,13,21,24,33,35,36,40],"killed_by":"Spire Growth","ascension_level":1}