{"path_per_floor":["M","M","$","M","?","R","M","?","T","M","R","?","M","M","R","B",null,"M","M","$"],"character_chosen":"IRONCLAD","items_purchased":["Shrug It Off","Pear","Block Potion"],"gold_per_floor":[118,135,83,96,96,96,114,114,114,137,137,137,162,182,182,310,310,326,310,19],"floor_reached":21,"campfire_rested":2,"playtime":976,"current_hp_per_floor":[80,78,78,80,68,68,48,48,48,52,76,60,56,65,80,26,80,27,14,24],"items_purged":[],"gold":19,"score":173,"play_id":"c4616dd3-e42d-4c25-b90d-148150010c6f","local_time":"20180310045920","is_prod":false,"is_daily":false,"is_ascension_mode":false,"campfire_upgraded":1,"timestamp":1520670560,"path_taken":["M","M","$","M","?","R","M","?","T","M","R","?","M","M","R","BOSS","M","M","$","?"],"build_version":"2018-03-09","purchased_purges":0,"victory":false,"master_deck":["Strike_R","Strike_R","Strike_R","Strike_R+1","Strike_R","Defend_R","Defend_R","Defend_R","Defend_R","Bash","Limit Break","Flex","Cleave+1","Shrug It Off","Immolate+1","Injury","Seeing Red","Dark Embrace","Fire Breathing+1"],"max_hp_per_floor":[80,80,80,80,80,80,80,80,80,80,80,80,80,80,80,80,80,80,80,90],"relics":["Burning Blood","Magic Flower","Golden Idol","Peace Pipe","Runic Pyramid","Pear"],"card_choices":[{"not_picked":["Blood for Blood","Armaments"],"picked":"Flex"},{"not_picked":["Flex","Thunderclap"],"picked":"Cleave"},{"not_picked":["Carnage","Clash"],"picked":"Immolate"},{"not_picked":["Flex","Twin Strike"],"picked":"Seeing Red"},{"not_picked":["Bludgeon","Barricade"],"picked":"Dark Embrace"},{"not_picked":["Shrug It Off","Headbutt"],"picked":"Fire Breathing"}],"player_experience":152416,"potions_floor_usage":[13,16,18,19,21],"damage_taken":[{"damage":5,"enemies":"Small Slimes","floor":1,"turns":4},{"damage":8,"enemies":"2 Louse","floor":2,"turns":2},{"damage":2,"enemies":"Cultist","floor":4,"turns":4},{"damage":29,"enemies":"3 Louse","floor":7,"turns":4},{"damage":5,"enemies":"Looter","floor":10,"turns":2},{"damage":13,"enemies":"2 Fungi Beasts","floor":13,"turns":3},{"damage":0,"enemies":"3 Louse","floor":14,"turns":3},{"damage":63,"enemies":"Slime Boss","floor":16,"turns":12},{"damage":62,"enemies":"Spheric Guardian","floor":18,"turns":8},{"damage":22,"enemies":"2 Thieves","floor":19,"turns":4},{"damage":27,"enemies":"Centurion and Healer","floor":21,"turns":4}],"event_choices":[{"event_name":"Scrap Ooze","player_choice":"success","floor":5,"damage_taken":12},{"event_name":"Golden Idol","player_choice":"Take Wound","floor":8,"damage_taken":0},{"event_name":"Shining Light","player_choice":"Entered Light","floor":12,"damage_taken":0}],"boss_relics":[{"not_picked":["Black Star","Question Card"],"picked":"Runic Pyramid"}],"potions_floor_spawned":[10,13,16,18],"seed_played":"-3185291091931884425","killed_by":"Centurion and Healer","ascension_level":0,"is_trial":false}