{"path_per_floor":["M","?","$","?","?","R","$","M","T","R","M","R","$","M","R","B",null,"M","M","M","?","$","R","$","M","T","M","?"],"character_chosen":"THE_SILENT","items_purchased":["Dramatic Entrance","Malaise","Tiny Chest"],"gold_per_floor":[117,117,26,26,26,26,26,37,37,37,57,57,17,32,32,133,133,122,138,153,153,34,34,34,46,93,105,105],"floor_reached":29,"campfire_rested":1,"playtime":2632,"current_hp_per_floor":[70,70,70,70,70,70,70,70,70,70,69,69,69,61,61,50,70,50,28,43,43,43,64,64,41,41,27,11],"items_purged":[],"gold":105,"score":213,"play_id":"ad44b8c9-2e2b-4ba6-b962-8a76918b129c","is_prod":false,"is_daily":false,"is_ascension_mode":false,"campfire_upgraded":4,"path_taken":["M","?","?","?","?","R","$","?","T","R","?","R","$","M","R","BOSS","M","M","M","?","$","R","$","M","T","M","?","?"],"build_version":"2018-02-22-PROD2","purchased_purges":0,"victory":false,"master_deck":["Defend_G","Defend_G","Defend_G","Defend_G","Strike_G","Strike_G","Strike_G","Strike_G","Survivor+1","Leg Sweep+1","Dramatic Entrance+1","Flechettes","Poisoned Stab","Malaise","Skewer+1","Bullet Time","Prepared+1","Reflex+1","Tools of the Trade+1","Acrobatics","Finisher","Caltrops","Dagger Spray+1","Underhanded Strike+1"],"max_hp_per_floor":[70,70,70,70,70,70,70,70,70,70,70,70,70,70,70,70,70,70,70,70,70,70,70,70,70,70,70,70],"relics":["Runic Dome","Happy Flower","Dead Branch","Astrolabe","Tiny Chest","Bag of Marbles","Nilry\u0027s Codex"],"card_choices":[{"not_picked":["Outmaneuver","Deadly Poison"],"picked":"Leg Sweep"},{"not_picked":["Dagger Throw","Crippling Poison"],"picked":"Flechettes"},{"not_picked":["Underhanded Strike","Leg Sweep"],"picked":"Poisoned Stab"},{"not_picked":["Leg Sweep","Flying Knee"],"picked":"Skewer"},{"not_picked":["Glass Knife","Venomology"],"picked":"Bullet Time"},{"not_picked":["Bane","Quick Slash"],"picked":"Acrobatics"},{"not_picked":["Flying Knee","PiercingWail"],"picked":"Finisher"},{"not_picked":["Slice","Sucker Punch"],"picked":"Caltrops"},{"not_picked":["Backflip","Outmaneuver"],"picked":"Dagger Spray"},{"not_picked":["Bullet Time","Blade Dance"],"picked":"Underhanded Strike"}],"player_experience":71434,"potions_floor_usage":[16,16,16,18,20,25,27],"damage_taken":[{"damage":0,"enemies":"2 Louse","floor":1,"turns":3},{"damage":0,"enemies":"Cultist","floor":8,"turns":4},{"damage":1,"enemies":"Small Slimes","floor":11,"turns":3},{"damage":8,"enemies":"Exordium Thugs","floor":14,"turns":5},{"damage":23,"enemies":"Hexaghost","floor":16,"turns":13},{"damage":20,"enemies":"2 Thieves","floor":18,"turns":4},{"damage":22,"enemies":"Shell Parasite","floor":19,"turns":6},{"damage":0,"enemies":"Snecko","floor":20,"turns":7},{"damage":23,"enemies":"Slaver and Parasite","floor":25,"turns":7},{"damage":14,"enemies":"Chosen and Byrds","floor":27,"turns":3},{"damage":12,"enemies":"Sentry and Sphere","floor":29,"turns":3}],"event_choices":[{"event_name":"The Lab","player_choice":"Got Potions","floor":2,"damage_taken":0},{"event_name":"Wheel of Change","player_choice":"Full Heal","floor":4,"damage_taken":0},{"event_name":"Big Fish","player_choice":"Box","floor":5,"damage_taken":0},{"event_name":"Fountain of Cleansing","player_choice":"Removed Curse","floor":21,"damage_taken":0},{"event_name":"Cursed Tome","player_choice":"Obtained Book","floor":28,"damage_taken":0}],"boss_relics":[{"not_picked":["Cursed Key","White Beast Statue"],"picked":"Astrolabe"}],"potions_floor_spawned":[11,14,16,18,19],"seed_played":"5348354639714166001","killed_by":"Sentry and Sphere","ascension_level":0,"is_trial":false}