{"gold_per_floor":[12,12,29,29,45,45,72,86,110,135,135,135,166,184,184,258,258,275,87,0,450,466,485,485,515,541,541,555,555,569,583,583,659,659,675,379,398,410,410,410,444,444,444,468,468,468,38,63,63,63,63,63,63,8,36,36],"floor_reached":56,"playtime":3394,"items_purged":["Strike_R","Pain"],"score":1971,"play_id":"4d8fc55a-b949-4dc7-8047-f2f58b41c80d","local_time":"20190106173856","is_ascension_mode":true,"campfire_choices":[{"data":"Clothesline","floor":6.0,"key":"SMITH"},{"floor":12.0,"key":"REST"},{"data":"Flame Barrier","floor":15.0,"key":"SMITH"},{"floor":24.0,"key":"REST"},{"data":"Armaments","floor":27.0,"key":"SMITH"},{"data":"Demon Form","floor":29.0,"key":"SMITH"},{"data":"1","floor":32.0,"key":"LIFT"},{"floor":40.0,"key":"RECALL"},{"data":"2","floor":42.0,"key":"LIFT"},{"data":"3","floor":45.0,"key":"LIFT"},{"floor":49.0,"key":"REST"},{"floor":53.0,"key":"REST"}],"neow_cost":"NO_GOLD","seed_source_timestamp":0,"circlet_count":0,"master_deck":["AscendersBane","Strike_R","Strike_R","Strike_R","Defend_R","Defend_R","Defend_R","Defend_R","Bash","Demon Form+1","Clothesline+1","Warcry","Offering","Flame Barrier+1","Ghostly Armor","Shockwave","Feed","Shrug It Off","Reaper","Whirlwind","Armaments+1","Ghostly Armor","Headbutt","Warcry+1","Thinking Ahead","Dark Shackles","Warcry+1","True Grit"],"special_seed":0,"relics":["Burning Blood","Happy Flower","Centennial Puzzle","Regal Pillow","Girya","Lantern","Busted Crown","Charon\u0027s Ashes","Fusion Hammer","Bronze Scales","Shuriken","Smiling Mask","WarpedTongs","Pocketwatch","Gambling Chip"],"potions_floor_usage":[56],"damage_taken":[{"damage":9.0,"enemies":"2 Louse","floor":1.0,"turns":4.0},{"damage":0.0,"enemies":"Cultist","floor":3.0,"turns":3.0},{"damage":10.0,"enemies":"Small Slimes","floor":5.0,"turns":3.0},{"damage":39.0,"enemies":"3 Sentries","floor":7.0,"turns":8.0},{"damage":9.0,"enemies":"2 Fungi Beasts","floor":8.0,"turns":4.0},{"damage":11.0,"enemies":"Lagavulin","floor":10.0,"turns":6.0},{"damage":19.0,"enemies":"3 Sentries","floor":13.0,"turns":8.0},{"damage":13.0,"enemies":"Large Slime","floor":14.0,"turns":4.0},{"damage":15.0,"enemies":"The Guardian","floor":16.0,"turns":9.0},{"damage":17.0,"enemies":"Shell Parasite","floor":18.0,"turns":8.0},{"damage":15.0,"enemies":"2 Thieves","floor":22.0,"turns":4.0},{"damage":21.0,"enemies":"Cultist and Chosen","floor":23.0,"turns":5.0},{"damage":13.0,"enemies":"Gremlin Leader","floor":25.0,"turns":9.0},{"damage":17.0,"enemies":"Centurion and Healer","floor":28.0,"turns":4.0},{"damage":33.0,"enemies":"Snake Plant","floor":30.0,"turns":7.0},{"damage":22.0,"enemies":"Cultist and Chosen","floor":31.0,"turns":8.0},{"damage":67.0,"enemies":"Champ","floor":33.0,"turns":16.0},{"damage":0.0,"enemies":"3 Shapes","floor":35.0,"turns":3.0},{"damage":6.0,"enemies":"Orb Walker","floor":37.0,"turns":2.0},{"damage":15.0,"enemies":"Maw","floor":38.0,"turns":8.0},{"damage":10.0,"enemies":"Reptomancer","floor":41.0,"turns":6.0},{"damage":33.0,"enemies":"Giant Head","floor":48.0,"turns":7.0},{"damage":97.0,"enemies":"Time Eater","floor":50.0,"turns":14.0},{"damage":21.0,"enemies":"Awakened One","floor":51.0,"turns":11.0},{"damage":69.0,"enemies":"Shield and Spear","floor":55.0,"turns":6.0},{"damage":123,"enemies":"The Heart","floor":56,"turns":8}],"seed_played":"97007701747222542","potions_obtained":[{"floor":3.0,"key":"Swift Potion"},{"floor":5.0,"key":"SteroidPotion"},{"floor":8.0,"key":"BloodPotion"},{"floor":14.0,"key":"BloodPotion"},{"floor":23.0,"key":"Block Potion"},{"floor":30.0,"key":"Strength Potion"},{"floor":31.0,"key":"SkillPotion"},{"floor":37.0,"key":"PowerPotion"}],"is_trial":false,"path_per_floor":["M","?","M","?","M","R","E","M","T","E","R","E","M","R","B",null,"M","$","?","?","M","M","R","E","R","M","R","M","M","R","B",null,"M","$","M","M","?","R","E","R","T","T","R","?","$","E","R","B","B",null,"R","$","B"],"character_chosen":"IRONCLAD","items_purchased":["Armaments","PowerPotion","Thinking Ahead","Dark Shackles","Dexterity Potion","Pocketwatch","True Grit"],"campfire_rested":4,"item_purchase_floors":[19,19,36,36,47,47,54],"current_hp_per_floor":[65,54,60,60,56,56,23,20,20,22,22,59,49,45,45,39,73,75,75,75,27,42,30,72,93,93,93,82,82,71,78,78,49,87,100,100,104,104,104,104,100,100,100,100,100,100,100,77,108,62,99,112,116,116,95,0],"gold":36,"neow_bonus":"THREE_RARE_CARDS","is_prod":false,"is_daily":false,"chose_seed":false,"campfire_upgraded":4,"win_rate":0,"timestamp":1546792736,"path_taken":["M","?","M","?","M","R","E","?","T","E","?","R","E","M","R","BOSS","M","$","?","?","M","M","R","E","T","R","M","R","M","?","R","BOSS","M","$","M","M","?","R","E","R","T","?","R","?","$","E","R","BOSS","BOSS","R","$","E","BOSS"],"build_version":"2019-01-03v4","purchased_purges":2,"victory":false,"max_hp_per_floor":[75,75,75,75,75,75,75,75,75,75,75,75,78,81,81,84,84,87,87,87,87,90,93,93,93,93,93,93,93,97,100,100,100,100,100,100,104,104,104,104,104,104,104,104,104,104,104,108,108,112,116,116,116,116,116,116],"card_choices":[{"not_picked":["Double Tap","Immolate"],"picked":"Demon Form","floor":0.0},{"not_picked":["Flex","Blood for Blood"],"picked":"Clothesline","floor":1.0},{"not_picked":["Twin Strike","Sword Boomerang"],"picked":"Warcry","floor":3.0},{"not_picked":["Warcry","Iron Wave"],"picked":"Flame Barrier","floor":5.0},{"not_picked":["Headbutt","Heavy Blade"],"picked":"Ghostly Armor","floor":7.0},{"not_picked":["Pommel Strike","Dark Embrace"],"picked":"Shockwave","floor":8.0},{"not_picked":["Inflame","Rupture"],"picked":"Feed","floor":10.0},{"not_picked":["Uppercut","Wild Strike"],"picked":"Shrug It Off","floor":13.0},{"not_picked":["Rupture","Pummel","Pommel Strike"],"picked":"SKIP","floor":14.0},{"not_picked":["Double Tap","Berserk"],"picked":"Reaper","floor":16.0},{"not_picked":[],"picked":"Whirlwind","floor":18.0},{"not_picked":["Havoc"],"picked":"SKIP","floor":22.0},{"not_picked":[],"picked":"Ghostly Armor","floor":23.0},{"not_picked":["Armaments"],"picked":"SKIP","floor":25.0},{"not_picked":["Blood for Blood"],"picked":"SKIP","floor":28.0},{"not_picked":[],"picked":"Headbutt","floor":30.0},{"not_picked":["Dropkick"],"picked":"SKIP","floor":31.0},{"not_picked":[],"picked":"Warcry+1","floor":35.0},{"not_picked":["Inflame"],"picked":"SKIP","floor":37.0},{"not_picked":[],"picked":"Warcry+1","floor":38.0},{"not_picked":["Clash+1"],"picked":"SKIP","floor":41.0},{"not_picked":["Armaments"],"picked":"SKIP","floor":48.0},{"not_picked":["Clash"],"picked":"SKIP","floor":55.0}],"player_experience":877399,"relics_obtained":[{"floor":7.0,"key":"Centennial Puzzle"},{"floor":9.0,"key":"Regal Pillow"},{"floor":10.0,"key":"Girya"},{"floor":13.0,"key":"Lantern"},{"floor":25.0,"key":"Charon\u0027s Ashes"},{"floor":41.0,"key":"Bronze Scales"},{"floor":43.0,"key":"Shuriken"},{"floor":44.0,"key":"Smiling Mask"},{"floor":48.0,"key":"Gambling Chip"}],"event_choices":[{"damage_healed":0.0,"max_hp_gain":0.0,"max_hp_loss":0.0,"gold_gain":0.0,"event_name":"Scrap Ooze","player_choice":"Success","floor":2.0,"gold_loss":0.0,"damage_taken":11.0,"relics_obtained":["Happy Flower"]},{"damage_healed":0.0,"max_hp_gain":0.0,"max_hp_loss":0.0,"gold_gain":0.0,"cards_transformed":["Strike_R"],"event_name":"Transmorgrifier","player_choice":"Transformed","floor":4.0,"gold_loss":0.0,"damage_taken":0.0,"cards_obtained":["Offering"]},{"damage_healed":0.0,"max_hp_gain":0.0,"max_hp_loss":0.0,"gold_gain":0.0,"event_name":"Dead Adventurer","player_choice":"Searched \u00271\u0027 times","floor":11.0,"gold_loss":0.0,"damage_taken":0.0},{"damage_healed":0.0,"max_hp_gain":0.0,"max_hp_loss":0.0,"gold_gain":0.0,"event_name":"Masked Bandits","player_choice":"Paid Fearfully","floor":20.0,"gold_loss":87.0,"damage_taken":0.0},{"damage_healed":0.0,"max_hp_gain":0.0,"max_hp_loss":0.0,"gold_gain":450.0,"event_name":"Knowing Skull","player_choice":"GOLD GOLD GOLD GOLD GOLD ","floor":21.0,"potions_obtained":[],"gold_loss":0.0,"damage_taken":48.0,"cards_obtained":[]},{"damage_healed":0.0,"max_hp_gain":0.0,"max_hp_loss":0.0,"gold_gain":0.0,"event_name":"Tomb of Lord Red Mask","player_choice":"Ignored","floor":39.0,"gold_loss":0.0,"damage_taken":0.0},{"damage_healed":0.0,"max_hp_gain":0.0,"max_hp_loss":0.0,"gold_gain":0.0,"event_name":"Accursed Blacksmith","player_choice":"Rummage","floor":46.0,"gold_loss":0.0,"damage_taken":0.0,"relics_obtained":["WarpedTongs"],"cards_obtained":["Pain"]}],"is_beta":true,"boss_relics":[{"not_picked":["Runic Dome","Ectoplasm"],"picked":"Busted Crown"},{"not_picked":["Runic Pyramid","Lizard Tail"],"picked":"Fusion Hammer"}],"items_purged_floors":[19,47],"is_endless":false,"potions_floor_spawned":[3,5,8,14,23,30,31,37],"killed_by":"The Heart","ascension_level":20}