{"gold_per_floor":[112,123,136,212,212,212,222,237,237,237,271,225,256,307,307,382,382,402,418,418,418,430,430,445,475,498,498],"floor_reached":27,"playtime":2128,"items_purged":[],"score":437,"play_id":"5f319a38-13de-4e4a-baf0-5f9e9c8a7637","local_time":"20190201130107","is_ascension_mode":true,"campfire_choices":[{"data":"Neutralize","floor":6,"key":"SMITH"},{"floor":10,"key":"REST"},{"floor":15,"key":"REST"},{"data":"Noxious Fumes","floor":23,"key":"SMITH"}],"neow_cost":"NONE","seed_source_timestamp":69712961184980,"circlet_count":0,"master_deck":["AscendersBane","Defend_G","Defend_G+1","Defend_G+1","Defend_G","Defend_G","Strike_G","Strike_G+1","Strike_G","Strike_G","Strike_G","Survivor","Neutralize+1","Leg Sweep","All Out Attack","Endless Agony","Terror","Noxious Fumes+1","Poisoned Stab","Envenom","After Image","Dodge and Roll+1","Crippling Poison+1","Dagger Spray","PiercingWail"],"relics":["Ring of the Snake","Lantern","Boot","Matryoshka","Shuriken","Omamori","Coffee Dripper","MutagenicStrength","Dream Catcher","Molten Egg 2","War Paint"],"potions_floor_usage":[11,16,22,24,27],"damage_taken":[{"damage":16,"enemies":"Small Slimes","floor":1,"turns":6},{"damage":2,"enemies":"2 Louse","floor":2,"turns":4},{"damage":5,"enemies":"Cultist","floor":3,"turns":5},{"damage":0,"enemies":"3 Louse","floor":7,"turns":3},{"damage":2,"enemies":"Large Slime","floor":8,"turns":7},{"damage":7,"enemies":"3 Sentries","floor":11,"turns":7},{"damage":20,"enemies":"Lagavulin","floor":13,"turns":5},{"damage":10,"enemies":"Hexaghost","floor":16,"turns":8},{"damage":9,"enemies":"Spheric Guardian","floor":18,"turns":6},{"damage":2,"enemies":"Chosen","floor":19,"turns":6},{"damage":10,"enemies":"3 Cultists","floor":22,"turns":7},{"damage":8,"enemies":"Chosen and Byrds","floor":24,"turns":5},{"damage":44,"enemies":"Gremlin Leader","floor":25,"turns":7},{"damage":9,"enemies":"Snake Plant","floor":27,"turns":2}],"seed_played":"4306874324425976310","potions_obtained":[{"floor":3,"key":"Ancient Potion"},{"floor":8,"key":"SkillPotion"},{"floor":13,"key":"PowerPotion"},{"floor":16,"key":"Block Potion"},{"floor":18,"key":"Fire Potion"},{"floor":25,"key":"Fire Potion"}],"is_trial":false,"path_per_floor":["M","M","M","?","?","R","M","M","T","R","E","?","E","T","R","B",null,"M","M","?","?","M","R","M","E","T","M"],"character_chosen":"THE_SILENT","items_purchased":[],"campfire_rested":2,"item_purchase_floors":[],"current_hp_per_floor":[43,41,36,36,16,16,16,14,14,33,26,26,6,6,25,15,53,44,42,42,66,56,56,48,4,4,0],"gold":498,"neow_bonus":"RANDOM_COLORLESS","is_prod":false,"is_daily":false,"chose_seed":false,"campfire_upgraded":2,"win_rate":0,"timestamp":1549022467,"path_taken":["M","M","M","?","?","R","M","M","T","R","E","?","E","?","R","BOSS","M","M","?","?","M","R","M","E","T","?"],"build_version":"2019-01-23","purchased_purges":0,"victory":false,"max_hp_per_floor":[66,66,66,66,66,66,66,66,66,66,66,66,66,66,66,66,66,66,66,66,66,66,66,66,66,66,66],"card_choices":[{"not_picked":["Blade Dance","Underhanded Strike"],"picked":"Leg Sweep","floor":1},{"not_picked":["Bane","Masterful Stab"],"picked":"All Out Attack","floor":2},{"not_picked":["Tactician","Acrobatics"],"picked":"Endless Agony","floor":3},{"not_picked":["Outmaneuver","Blade Dance"],"picked":"Terror","floor":7},{"not_picked":["Poisoned Stab","Concentrate"],"picked":"Noxious Fumes","floor":8},{"not_picked":["Infinite Blades","Masterful Stab"],"picked":"Poisoned Stab","floor":11},{"not_picked":["Underhanded Strike","Flying Knee"],"picked":"Envenom","floor":13},{"not_picked":["Malaise","Venomology"],"picked":"After Image","floor":16},{"not_picked":["Tactician","Backstab"],"picked":"Dodge and Roll+1","floor":18},{"not_picked":["Acrobatics","Masterful Stab"],"picked":"Crippling Poison","floor":19},{"not_picked":["Acrobatics","Bullet Time"],"picked":"Dagger Spray","floor":22},{"not_picked":["Dagger Spray","Bane+1","Crippling Poison"],"picked":"SKIP","floor":24},{"not_picked":["Acrobatics","Predator"],"picked":"PiercingWail","floor":25}],"player_experience":412139,"relics_obtained":[{"floor":9,"key":"Lantern"},{"floor":11,"key":"Boot"},{"floor":13,"key":"Matryoshka"},{"floor":14,"key":"Shuriken"},{"floor":14,"key":"Omamori"},{"floor":25,"key":"Dream Catcher"},{"floor":26,"key":"Molten Egg 2"},{"floor":26,"key":"War Paint"}],"event_choices":[{"damage_healed":0,"gold_gain":76,"player_choice":"Gained Gold","damage_taken":0,"max_hp_gain":0,"max_hp_loss":0,"event_name":"Golden Wing","floor":4,"gold_loss":0},{"damage_healed":0,"gold_gain":0,"player_choice":"Entered Light","damage_taken":20,"max_hp_gain":0,"max_hp_loss":0,"event_name":"Shining Light","floor":5,"gold_loss":0,"cards_upgraded":["Strike_G","Defend_G"]},{"damage_healed":0,"gold_gain":0,"player_choice":"Left Gold","damage_taken":0,"max_hp_gain":0,"max_hp_loss":0,"event_name":"World of Goop","floor":12,"gold_loss":46},{"damage_healed":0,"gold_gain":0,"player_choice":"Inject Mutagens","damage_taken":0,"relics_obtained":["MutagenicStrength"],"max_hp_gain":0,"max_hp_loss":0,"event_name":"Drug Dealer","floor":20,"gold_loss":0},{"cards_removed":["Deep Breath"],"damage_healed":24,"gold_gain":0,"player_choice":"Offered Uncommon","damage_taken":0,"max_hp_gain":0,"max_hp_loss":0,"event_name":"Bonfire Elementals","floor":21,"gold_loss":0}],"is_beta":false,"boss_relics":[{"not_picked":["Astrolabe","Busted Crown"],"picked":"Coffee Dripper"}],"items_purged_floors":[],"is_endless":false,"potions_floor_spawned":[3,8,13,16,18,25],"killed_by":"Snake Plant","ascension_level":16}