{"gold_per_floor":[113,132,147,162,179,179,179,205,205,240,44,44,57,18,18,122,122,134,59,75,94,94,94,112,112,112,112,12,12,12,22,22,121,121,139,155,172,172,190,190,206,219,219,219,94,94,94,94,94,94],"floor_reached":51,"playtime":9364,"items_purged":["Strike_G","Shame","Injury"],"score":611,"play_id":"3200a38a-5da3-4db4-a3d6-e8ba00672999","local_time":"20190218165445","is_ascension_mode":false,"campfire_choices":[{"data":"Survivor","floor":7.0,"key":"SMITH"},{"floor":15.0,"key":"REST"},{"data":"Catalyst","floor":23.0,"key":"SMITH"},{"data":"Well Laid Plans","floor":25.0,"key":"SMITH"},{"floor":27.0,"key":"REST"},{"data":"Apotheosis","floor":32.0,"key":"SMITH"},{"data":"Catalyst","floor":40,"key":"SMITH"},{"data":"Malaise","floor":44,"key":"SMITH"},{"data":"Adrenaline","floor":46,"key":"SMITH"},{"floor":49,"key":"REST"}],"neow_cost":"NONE","seed_source_timestamp":0,"circlet_count":0,"master_deck":["Defend_G+1","Defend_G+1","Defend_G+1","Defend_G+1","Defend_G+1","Survivor+1","Neutralize+1","Malaise+1","Catalyst+1","Poisoned Stab+1","Backflip+1","Crippling Poison+1","Apotheosis+1","Well Laid Plans+1","Catalyst+1","Glass Knife+1","Escape Plan+1","Backstab+1","PiercingWail+1","Footwork+1","Adrenaline+1","Infinite Blades+1","Poisoned Stab+1","Wraith Form v2+1","Well Laid Plans+1","Poisoned Stab+1","Caltrops+1","Backflip+1"],"special_seed":0,"relics":["Ring of the Snake","Bird Faced Urn","Prayer Wheel","Calipers","Cursed Key","Ornamental Fan","Astrolabe","Snake Skull","Mark of the Bloom"],"potions_floor_usage":[36,48],"damage_taken":[{"damage":0.0,"enemies":"Cultist","floor":1.0,"turns":4.0},{"damage":0.0,"enemies":"Small Slimes","floor":2.0,"turns":3.0},{"damage":0.0,"enemies":"2 Louse","floor":3.0,"turns":2.0},{"damage":22.0,"enemies":"Exordium Thugs","floor":4.0,"turns":9.0},{"damage":7.0,"enemies":"2 Fungi Beasts","floor":5.0,"turns":5.0},{"damage":12.0,"enemies":"Lagavulin","floor":8.0,"turns":11.0},{"damage":13.0,"enemies":"3 Sentries","floor":10.0,"turns":16.0},{"damage":1.0,"enemies":"Large Slime","floor":13.0,"turns":7.0},{"damage":8.0,"enemies":"Hexaghost","floor":16.0,"turns":5.0},{"damage":7.0,"enemies":"Chosen","floor":18.0,"turns":5.0},{"damage":15.0,"enemies":"Spheric Guardian","floor":20.0,"turns":5.0},{"damage":15.0,"enemies":"Snake Plant","floor":21.0,"turns":5.0},{"damage":0.0,"enemies":"Sentry and Sphere","floor":24.0,"turns":4.0},{"damage":0.0,"enemies":"3 Cultists","floor":31.0,"turns":5.0},{"damage":12.0,"enemies":"Collector","floor":33.0,"turns":7.0},{"damage":2,"enemies":"3 Shapes","floor":35,"turns":6},{"damage":0,"enemies":"Orb Walker","floor":36,"turns":3},{"damage":9,"enemies":"Transient","floor":37,"turns":5},{"damage":0,"enemies":"4 Shapes","floor":39,"turns":7},{"damage":23,"enemies":"Writhing Mass","floor":41,"turns":5},{"damage":2,"enemies":"Transient","floor":42,"turns":5},{"damage":0,"enemies":"Sphere and 2 Shapes","floor":48,"turns":1},{"damage":37,"enemies":"Time Eater","floor":50,"turns":12}],"seed_played":"1447889643643906549","potions_obtained":[{"floor":4.0,"key":"GhostInAJar"},{"floor":5.0,"key":"Swift Potion"},{"floor":16.0,"key":"Weak Potion"},{"floor":18.0,"key":"AttackPotion"},{"floor":21.0,"key":"Explosive Potion"},{"floor":31.0,"key":"EssenceOfSteel"},{"floor":33.0,"key":"SkillPotion"},{"floor":35,"key":"SmokeBomb"},{"floor":42,"key":"GamblersBrew"}],"is_trial":false,"path_per_floor":["M","M","M","M","M","?","R","E","T","E","$","$","M","$","R","B",null,"M","$","M","M","?","R","M","R","T","R","$","$","?","M","R","B",null,"M","M","M","?","M","R","M","M","T","R","$","R","?","M","R","B",null],"character_chosen":"THE_SILENT","items_purchased":["Apotheosis","Catalyst"],"campfire_rested":3,"item_purchase_floors":[11,14],"current_hp_per_floor":[70,70,70,48,41,41,41,29,29,16,16,16,15,15,36,30,70,63,63,50,37,37,37,39,39,39,60,60,60,60,64,64,56,70,68,70,69,69,70,70,55,65,65,65,65,65,65,65,65,28],"gold":94,"neow_bonus":"ONE_RANDOM_RARE_CARD","is_prod":false,"is_daily":false,"chose_seed":false,"campfire_upgraded":7,"win_rate":0,"timestamp":1550476485,"path_taken":["M","M","M","M","M","?","R","E","T","E","?","$","?","$","R","BOSS","M","$","M","?","?","R","M","R","T","R","?","$","?","M","R","BOSS","M","M","M","?","M","R","M","M","T","R","$","R","?","M","R","BOSS"],"build_version":"2019-01-23","purchased_purges":3,"victory":true,"max_hp_per_floor":[70,70,70,70,70,70,70,70,70,70,70,70,70,70,70,70,70,70,70,70,70,70,70,70,70,70,70,70,70,70,70,70,70,70,70,70,70,70,70,70,70,70,70,70,70,70,70,70,70,70],"card_choices":[{"not_picked":["Slice","Blade Dance","Sucker Punch"],"picked":"SKIP","floor":1.0},{"not_picked":["All Out Attack","Poisoned Stab"],"picked":"Catalyst","floor":2.0},{"not_picked":["Blur","Setup"],"picked":"Poisoned Stab","floor":3.0},{"not_picked":["Poisoned Stab","Heel Hook"],"picked":"Backflip","floor":4.0},{"not_picked":["Cloak And Dagger","Underhanded Strike","Sucker Punch"],"picked":"SKIP","floor":5.0},{"not_picked":["Acrobatics","Cloak And Dagger"],"picked":"Crippling Poison","floor":8.0},{"not_picked":["Riddle With Holes","Blade Dance","Underhanded Strike"],"picked":"SKIP","floor":10.0},{"not_picked":["Night Terror","Prepared"],"picked":"Well Laid Plans","floor":13.0},{"not_picked":["Acrobatics","Backflip","Quick Slash"],"picked":"SKIP","floor":13.0},{"not_picked":["Acrobatics","Backflip","Quick Slash"],"picked":"SKIP","floor":13.0},{"not_picked":["Phantasmal Killer","Storm of Steel"],"picked":"Glass Knife","floor":16.0},{"not_picked":["Underhanded Strike+1","Cloak And Dagger+1"],"picked":"Escape Plan","floor":18.0},{"not_picked":["Blade Dance","Acrobatics","Dagger Spray"],"picked":"SKIP","floor":18.0},{"not_picked":["Outmaneuver","Flying Knee"],"picked":"Backstab+1","floor":20.0},{"not_picked":["Cloak And Dagger","Leg Sweep","Dagger Throw"],"picked":"SKIP","floor":20.0},{"not_picked":["Endless Agony","Choke+1"],"picked":"PiercingWail+1","floor":21.0},{"not_picked":["Caltrops","Finisher","Skewer"],"picked":"SKIP","floor":21.0},{"not_picked":["Outmaneuver","Well Laid Plans"],"picked":"Footwork","floor":24.0},{"not_picked":["Backflip","Blade Dance","Crippling Poison"],"picked":"SKIP","floor":24.0},{"not_picked":["Acrobatics","Flechettes+1","Underhanded Strike"],"picked":"SKIP","floor":31.0},{"not_picked":["Finisher","Leg Sweep","Prepared"],"picked":"SKIP","floor":31.0},{"not_picked":["Die Die Die","A Thousand Cuts"],"picked":"Adrenaline","floor":33.0},{"not_picked":["Flechettes+1","Quick Slash+1"],"picked":"Well Laid Plans+1","floor":35},{"not_picked":["Dodge and Roll","Blade Dance+1","Slice+1"],"picked":"SKIP","floor":35},{"not_picked":["Sucker Punch+1","Dagger Spray+1"],"picked":"Poisoned Stab+1","floor":36},{"not_picked":["Cloak And Dagger+1","Escape Plan"],"picked":"Caltrops","floor":36},{"not_picked":["Deflect","PiercingWail+1","Prepared"],"picked":"SKIP","floor":37},{"not_picked":["Flying Knee+1","Predator+1","Dagger Spray"],"picked":"SKIP","floor":37},{"not_picked":["Dagger Spray+1","Slice","Cloak And Dagger+1"],"picked":"SKIP","floor":39},{"not_picked":["Choke+1","Tactician+1","Quick Slash"],"picked":"SKIP","floor":39},{"not_picked":["Glass Knife","Outmaneuver+1"],"picked":"Backflip+1","floor":41},{"not_picked":["Skewer+1","Dagger Spray","Quick Slash"],"picked":"SKIP","floor":41},{"not_picked":["PiercingWail+1","Dagger Spray+1","Prepared"],"picked":"SKIP","floor":42},{"not_picked":["Deflect","Flechettes","PiercingWail+1"],"picked":"SKIP","floor":42}],"player_experience":211786,"relics_obtained":[{"floor":8.0,"key":"Bird Faced Urn"},{"floor":9.0,"key":"Prayer Wheel"},{"floor":10.0,"key":"Calipers"},{"floor":26.0,"key":"Ornamental Fan"},{"floor":43,"key":"Snake Skull"}],"event_choices":[{"cards_removed":["Strike_G"],"damage_healed":0.0,"max_hp_gain":0.0,"max_hp_loss":0.0,"gold_gain":0.0,"event_name":"Bonfire Elementals","player_choice":"Offered Basic","floor":6.0,"gold_loss":0.0,"damage_taken":0.0},{"damage_healed":0.0,"max_hp_gain":0.0,"max_hp_loss":0.0,"gold_gain":0.0,"event_name":"Upgrade Shrine","player_choice":"Upgraded","floor":22.0,"gold_loss":0.0,"damage_taken":0.0,"cards_upgraded":["Crippling Poison"]},{"damage_healed":0,"gold_gain":0,"player_choice":"Ignored","damage_taken":0,"max_hp_gain":0,"max_hp_loss":0,"event_name":"Tomb of Lord Red Mask","floor":38,"gold_loss":0},{"damage_healed":0,"gold_gain":0,"player_choice":"Upgrade","damage_taken":0,"relics_obtained":["Mark of the Bloom"],"max_hp_gain":0,"max_hp_loss":0,"event_name":"MindBloom","floor":47,"gold_loss":0,"cards_upgraded":["Defend_G","Defend_G","Defend_G","Defend_G","Defend_G","Neutralize","Poisoned Stab","Backflip","Glass Knife","Escape Plan","Footwork","Caltrops"]}],"is_beta":false,"boss_relics":[{"not_picked":["Ectoplasm","White Beast Statue"],"picked":"Cursed Key"},{"not_picked":["Pandora\u0027s Box","Tiny House"],"picked":"Astrolabe"}],"items_purged_floors":[19,28,45],"is_endless":false,"potions_floor_spawned":[4,5,16,18,21,31,33,35,42],"ascension_level":0}