{"gold_per_floor":[360,372,382,392,177,206,218,243,243,243],"floor_reached":10,"playtime":709,"items_purged":["Strike_R"],"score":88,"play_id":"0801d598-df89-4027-b848-5dfd48d7b1af","local_time":"20190127205228","is_ascension_mode":true,"campfire_choices":[],"neow_cost":"TEN_PERCENT_HP_LOSS","seed_source_timestamp":26222282089521,"circlet_count":0,"master_deck":["Strike_R","Strike_R","Strike_R","Strike_R","Defend_R","Defend_R","Defend_R","Defend_R","Bash","Clothesline","Metallicize","Infernal Blade","Forethought","Cleave","Intimidate","Infernal Blade","Reaper"],"relics":["Burning Blood","Sundial","Juzu Bracelet","Blue Candle"],"potions_floor_usage":[10,10],"damage_taken":[{"damage":1,"enemies":"Cultist","floor":1,"turns":3},{"damage":2,"enemies":"Jaw Worm","floor":2,"turns":3},{"damage":0,"enemies":"Small Slimes","floor":3,"turns":3},{"damage":22,"enemies":"Gremlin Gang","floor":4,"turns":9},{"damage":21,"enemies":"Lagavulin","floor":6,"turns":7},{"damage":22,"enemies":"3 Louse","floor":7,"turns":4},{"damage":8,"enemies":"3 Sentries","floor":8,"turns":7},{"damage":37,"enemies":"Gremlin Nob","floor":10,"turns":4}],"seed_played":"-184766666780087577","potions_obtained":[{"floor":3,"key":"Weak Potion"},{"floor":7,"key":"Fire Potion"}],"is_trial":false,"path_per_floor":["M","M","M","M","$","E","M","E","T","E"],"character_chosen":"IRONCLAD","items_purchased":["Forethought","Cleave"],"campfire_rested":0,"item_purchase_floors":[5,5],"current_hp_per_floor":[72,72,72,56,56,41,25,23,23,0],"gold":243,"neow_bonus":"TWO_FIFTY_GOLD","is_prod":false,"is_daily":false,"chose_seed":false,"campfire_upgraded":0,"win_rate":0,"timestamp":1548622348,"path_taken":["M","M","M","M","$","E","M","E","T","E"],"build_version":"2019-01-23","purchased_purges":1,"victory":false,"max_hp_per_floor":[72,72,72,72,72,72,72,72,72,72],"card_choices":[{"not_picked":["Pummel","Uppercut"],"picked":"Clothesline","floor":1},{"not_picked":["Thunderclap","Rupture"],"picked":"Metallicize","floor":2},{"not_picked":["Rampage","Wild Strike"],"picked":"Infernal Blade","floor":3},{"not_picked":["Thunderclap","Havoc","Entrench"],"picked":"SKIP","floor":4},{"not_picked":["Clash","Perfected Strike"],"picked":"Intimidate","floor":6},{"not_picked":["Uppercut","Sever Soul"],"picked":"Infernal Blade","floor":7},{"not_picked":["Pommel Strike","Flame Barrier"],"picked":"Reaper","floor":8}],"player_experience":146999,"relics_obtained":[{"floor":6,"key":"Sundial"},{"floor":8,"key":"Juzu Bracelet"},{"floor":9,"key":"Blue Candle"}],"event_choices":[],"is_beta":false,"boss_relics":[],"items_purged_floors":[5],"is_endless":false,"potions_floor_spawned":[3,7],"killed_by":"Gremlin Nob","ascension_level":2}