{"path_per_floor":["M","$","M","?","M","R","T","R","T","?","M","M","$","M","R","B",null,"M","$","M","?","M","$","R","?","T","R","?","$","R","M","R","B",null,"M","T","?","M","?","R","M","$","T","?","?","R","$","E","R","B"],"character_chosen":"IRONCLAD","items_purchased":["Ice Cream","Blue Candle","Flame Barrier","Shuriken","Feel No Pain"],"gold_per_floor":[114,114,129,129,144,144,199,199,249,324,339,354,54,69,69,169,169,184,184,199,299,314,64,64,90,90,90,90,51,51,66,66,166,166,181,256,256,271,271,271,286,36,61,61,61,61,27,57,57,57],"floor_reached":51,"campfire_rested":2,"playtime":2587,"current_hp_per_floor":[80,80,85,78,86,86,86,86,86,75,73,79,79,85,85,89,89,59,59,57,57,97,97,97,84,84,84,84,84,84,71,97,79,97,95,95,85,85,85,85,83,83,83,83,83,101,101,101,101,46],"items_purged":[],"gold":57,"score":886,"play_id":"8bd33c92-1f4b-4707-84bc-d40a81d15f12","local_time":"20180517041528","daily_mods":["Shiny","Time Dilation","Hoarder"],"is_prod":false,"is_daily":true,"chose_seed":false,"is_ascension_mode":false,"campfire_upgraded":8,"timestamp":1526539528,"path_taken":["M","$","M","?","M","R","?","R","T","?","M","?","?","M","R","BOSS","M","$","M","?","M","$","R","?","T","R","?","?","R","?","R","BOSS","M","?","?","?","?","R","M","?","T","?","?","R","$","E","R","BOSS"],"build_version":"2018-05-15","seed_source_timestamp":0,"purchased_purges":0,"victory":true,"master_deck":["Double Tap","Double Tap","Double Tap+1","Demon Form","Demon Form","Demon Form","Bludgeon","Bludgeon","Bludgeon","Feed","Feed","Feed+1","Limit Break+1","Limit Break+1","Limit Break","Barricade+1","Barricade","Fiend Fire","Fiend Fire","Fiend Fire","Dark Embrace","Dark Embrace","Berserk","Berserk","Berserk","Impervious","Impervious","Impervious","Juggernaut","Juggernaut","Juggernaut","Brutality","Brutality","Reaper","Reaper","Reaper","Exhume+1","Exhume","Exhume","Offering","Offering","Offering","Immolate","Immolate","Immolate","Inflame","Inflame","Inflame","Headbutt+1","Headbutt+1","Headbutt+1","Clothesline+1","Clothesline+1","Clothesline+1","Spot Weakness+1","Spot Weakness+1","Spot Weakness+1","Corruption+1","Corruption","Corruption","Flame Barrier","Flame Barrier","Flame Barrier+1","Jack Of All Trades","Jack Of All Trades","Jack Of All Trades","Apotheosis+1","Apotheosis","Feel No Pain","Feel No Pain","Feel No Pain","Burning Pact+1","Burning Pact+1","Burning Pact+1"],"max_hp_per_floor":[80,80,86,86,86,86,86,86,86,86,86,86,86,86,86,89,89,93,93,97,97,97,97,97,97,97,97,97,97,97,97,97,97,97,97,97,97,97,97,97,101,101,101,101,101,101,101,101,101,101],"relics":["Burning Blood","Self Forming Clay","Tiny Chest","War Paint","Ice Cream","Astrolabe","Blue Candle","Red Mask","Bottled Tornado","Calipers","Mark of Pain","Gremlin Horn","Shuriken","Juzu Bracelet","Dream Catcher"],"card_choices":[{"not_picked":["Disarm","Pommel Strike","Clash"],"picked":"SKIP","floor":1},{"not_picked":["Perfected Strike","Armaments","Intimidate"],"picked":"SKIP","floor":3},{"not_picked":["Metallicize","Corruption"],"picked":"Inflame","floor":5},{"not_picked":["Sword Boomerang","Wild Strike","Body Slam"],"picked":"SKIP","floor":11},{"not_picked":["Clothesline","Body Slam","Twin Strike"],"picked":"SKIP","floor":12},{"not_picked":["Shrug It Off","Intimidate","Immolate"],"picked":"SKIP","floor":14},{"not_picked":["Pommel Strike+1","Bloodletting+1","Thunderclap"],"picked":"SKIP","floor":18},{"not_picked":["Wild Strike","Warcry","Havoc"],"picked":"SKIP","floor":20},{"not_picked":["Heavy Blade+1","Pommel Strike+1"],"picked":"Corruption","floor":22},{"not_picked":["Cleave","Wild Strike+1","Body Slam"],"picked":"SKIP","floor":31},{"not_picked":["Anger","Power Through+1","Seeing Red+1"],"picked":"SKIP","floor":35},{"not_picked":["Madness","Secret Weapon"],"picked":"Jack Of All Trades","floor":37},{"not_picked":["Good Instincts","Swift Strike"],"picked":"Apotheosis","floor":37},{"not_picked":["Rampage","Burning Pact","Clash"],"picked":"SKIP","floor":38},{"not_picked":["Shrug It Off","Infernal Blade+1","Iron Wave+1"],"picked":"SKIP","floor":41},{"not_picked":["Metallicize","Blood for Blood+1"],"picked":"Burning Pact+1","floor":48}],"player_experience":431849,"potions_floor_usage":[16,16,25,25,35,50],"damage_taken":[{"damage":0,"enemies":"Jaw Worm","floor":1,"turns":1},{"damage":11,"enemies":"2 Louse","floor":3,"turns":2},{"damage":6,"enemies":"Small Slimes","floor":5,"turns":3},{"damage":8,"enemies":"Exordium Wildlife","floor":11,"turns":1},{"damage":0,"enemies":"Lots of Slimes","floor":12,"turns":1},{"damage":0,"enemies":"3 Louse","floor":14,"turns":1},{"damage":10,"enemies":"Slime Boss","floor":16,"turns":8},{"damage":40,"enemies":"3 Byrds","floor":18,"turns":6},{"damage":12,"enemies":"Spheric Guardian","floor":20,"turns":2},{"damage":29,"enemies":"3 Cultists","floor":22,"turns":4},{"damage":28,"enemies":"Masked Bandits","floor":25,"turns":5},{"damage":19,"enemies":"Snake Plant","floor":31,"turns":4},{"damage":61,"enemies":"Automaton","floor":33,"turns":7},{"damage":39,"enemies":"Flame Bruiser 1 Orb","floor":35,"turns":4},{"damage":15,"enemies":"Orb Walker","floor":38,"turns":2},{"damage":12,"enemies":"4 Shapes","floor":41,"turns":4},{"damage":4,"enemies":"Giant Head","floor":48,"turns":4},{"damage":61,"enemies":"Time Eater","floor":50,"turns":7}],"relics_obtained":[{"floor":7,"key":"Tiny Chest"},{"floor":9,"key":"War Paint"},{"floor":25,"key":"Red Mask"},{"floor":26,"key":"Bottled Tornado"},{"floor":36,"key":"Gremlin Horn"},{"floor":43,"key":"Juzu Bracelet"},{"floor":48,"key":"Dream Catcher"}],"event_choices":[{"event_name":"Scrap Ooze","player_choice":"success","floor":4,"damage_taken":7},{"event_name":"World of Goop","player_choice":"Gather Gold","floor":10,"damage_taken":0},{"event_name":"Golden Shrine","player_choice":"Pray","floor":21,"damage_taken":0},{"event_name":"Masked Bandits","player_choice":"Fought over 64 gold","floor":25,"damage_taken":0},{"event_name":"The Mausoleum","player_choice":"Yes","floor":28,"damage_taken":0},{"event_name":"SensoryStone","player_choice":"Memory 3","floor":37,"damage_taken":0},{"event_name":"Duplicator","player_choice":"Ignored","floor":39,"damage_taken":0},{"event_name":"Mysterious Sphere","player_choice":"Ignore","floor":44,"damage_taken":0}],"boss_relics":[{"not_picked":["Ectoplasm","Philosopher\u0027s Stone"],"picked":"Astrolabe"},{"not_picked":["Black Star","Tiny House"],"picked":"Mark of Pain"}],"potions_floor_spawned":[1,11,14,20,22,33,48],"seed_played":"-8851493181465648625","ascension_level":0,"potions_obtained":[{"floor":1,"key":"Dexterity Potion"},{"floor":11,"key":"Block Potion"},{"floor":14,"key":"Energy Potion"},{"floor":20,"key":"Energy Potion"},{"floor":22,"key":"Regen Potion"},{"floor":33,"key":"PowerPotion"},{"floor":48,"key":"SkillPotion"}],"is_trial":false}