{"path_per_floor":["M","M","M","M","M","E","?","E","T","M","R","?","R","M","R","B",null],"character_chosen":"IRONCLAD","items_purchased":[],"gold_per_floor":[116,136,155,165,184,219,219,254,280,300,300,300,300,319,319,421,421,421],"floor_reached":18,"campfire_rested":2,"playtime":613,"current_hp_per_floor":[80,80,80,79,80,53,46,21,21,12,36,36,60,57,57,7,80,58],"items_purged":[],"gold":421,"score":174,"play_id":"ef02a8b5-19c7-44da-971b-25f3d92c575d","local_time":"20180425162244","is_prod":false,"is_daily":false,"chose_seed":false,"is_ascension_mode":false,"campfire_upgraded":1,"timestamp":1524687764,"path_taken":["M","M","M","M","M","E","?","E","T","M","R","?","R","M","R","BOSS","M"],"build_version":"2018-04-19","seed_source_timestamp":12934308573628,"purchased_purges":0,"victory":false,"master_deck":["Bash","Perfected Strike","Heavy Blade","Infernal Blade","Warcry","Cleave","Iron Wave","Dropkick","Perfected Strike+1","Regret","Shrug It Off","Double Tap","Heavy Blade","True Grit","Rupture","Pommel Strike","True Grit","Perfected Strike","Blood for Blood","Pummel","Burning Pact"],"max_hp_per_floor":[80,80,80,80,80,80,80,80,80,80,80,80,80,80,80,80,80,80],"relics":["Burning Blood","Lantern","Bag of Preparation","Paper Frog","Pen Nib","Prayer Wheel","Bronze Scales","Pandora\u0027s Box"],"card_choices":[{"not_picked":["Burning Pact","Twin Strike"],"picked":"Perfected Strike","floor":1},{"not_picked":["Armaments","Burning Pact"],"picked":"Heavy Blade","floor":2},{"not_picked":["Rampage","Sword Boomerang"],"picked":"Infernal Blade","floor":3},{"not_picked":["Carnage","Anger"],"picked":"Warcry","floor":4},{"not_picked":["Clothesline","Pommel Strike"],"picked":"Cleave","floor":5},{"not_picked":["Clothesline","Clash"],"picked":"Iron Wave","floor":6},{"not_picked":["Body Slam","Searing Blow"],"picked":"Dropkick","floor":8},{"not_picked":["Searing Blow","Cleave"],"picked":"Perfected Strike","floor":10},{"not_picked":["Corruption","Rupture"],"picked":"Shrug It Off","floor":14},{"not_picked":["Brutality","Berserk"],"picked":"Double Tap","floor":16}],"player_experience":74258,"potions_floor_usage":[16],"damage_taken":[{"damage":4,"enemies":"Jaw Worm","floor":1,"turns":4},{"damage":3,"enemies":"Small Slimes","floor":2,"turns":3},{"damage":0,"enemies":"2 Louse","floor":3,"turns":2},{"damage":7,"enemies":"Blue Slaver","floor":4,"turns":3},{"damage":5,"enemies":"Looter","floor":5,"turns":2},{"damage":33,"enemies":"3 Sentries","floor":6,"turns":7},{"damage":31,"enemies":"Lagavulin","floor":8,"turns":5},{"damage":15,"enemies":"Exordium Thugs","floor":10,"turns":4},{"damage":9,"enemies":"Lots of Slimes","floor":14,"turns":3},{"damage":56,"enemies":"The Guardian","floor":16,"turns":7},{"damage":22,"enemies":"Shell Parasite","floor":18,"turns":3}],"event_choices":[{"event_name":"Scrap Ooze","player_choice":"success","floor":7,"damage_taken":7},{"event_name":"Big Fish","player_choice":"Box","floor":12,"damage_taken":0}],"boss_relics":[{"not_picked":["Sozu","White Beast Statue"],"picked":"Pandora\u0027s Box"}],"potions_floor_spawned":[1,3,4,10],"seed_played":"7003937684946884054","killed_by":"Shell Parasite","ascension_level":0,"is_trial":false}