{"path_per_floor":["M","M","M","?","?","E","R","E","T","R","M","$","M","?","R","B",null,"M","$","M","?","$","E","M","?","T","E","R","M","M","M","R","B",null,"M","M","$","?","B"],"character_chosen":"DEFECT","items_purchased":[],"gold_per_floor":[109,127,141,141,141,173,173,205,205,205,223,148,160,125,125,220,220,237,137,151,151,26,55,74,74,100,129,129,148,168,179,179,275,275,293,308,158,158,158],"floor_reached":40,"campfire_rested":1,"playtime":1881,"item_purchase_floors":[],"current_hp_per_floor":[75,67,64,64,57,30,30,7,7,29,23,23,25,43,43,36,75,71,71,61,61,61,43,45,45,45,28,28,41,35,40,40,40,75,68,72,72,72,28],"items_purged":["Defend_B","Coolheaded","Heatsinks","Gash"],"gold":158,"score":665,"play_id":"59744cf0-f85d-4185-8d87-517dc15886f2","local_time":"20180621174412","is_prod":false,"is_daily":false,"chose_seed":false,"is_ascension_mode":true,"campfire_upgraded":4,"win_rate":0.0,"timestamp":1529617452,"campfire_choices":[{"data":"Tempest","floor":7,"key":"SMITH"},{"floor":10,"key":"REST"},{"data":"Zap","floor":15,"key":"SMITH"},{"data":"Electrodynamics","floor":28,"key":"SMITH"},{"data":"Defragment","floor":32,"key":"SMITH"}],"path_taken":["M","M","?","?","?","E","R","E","T","R","?","$","M","?","R","BOSS","M","$","M","?","$","E","M","?","T","E","R","M","?","M","R","BOSS","M","?","$","?","BOSS"],"build_version":"2018-06-14v2","seed_source_timestamp":154652336875275,"purchased_purges":4,"victory":true,"master_deck":["Zap+1","Dualcast+1","Tempest+1","Auto Shields","Electrodynamics+1","FTL","Barrage","Reinforced Body","Capacitor+1","Tempest","Self Repair","Static Discharge+1","Defragment+1"],"max_hp_per_floor":[75,75,75,75,75,75,75,75,75,75,75,75,75,75,75,75,75,75,75,75,75,75,75,75,75,75,75,75,75,75,75,75,75,75,75,75,75,75,75],"relics":["Cracked Core","Dead Branch","Du-Vu Doll","Bird Faced Urn","Pandora\u0027s Box","Sundial","Boot","Toxic Egg 2","Sozu"],"card_choices":[{"not_picked":["Hologram","Stack","Gash"],"picked":"SKIP","floor":1},{"not_picked":["Streamline","Undo"],"picked":"Tempest","floor":2},{"not_picked":["Go for the Eyes","Reinforced Body"],"picked":"Auto Shields","floor":3},{"not_picked":["Reboot","Beam Cell","Stack"],"picked":"SKIP","floor":6},{"not_picked":["Cold Snap","Hello World","Skim"],"picked":"SKIP","floor":8},{"not_picked":["Steam","Cold Snap","Hologram"],"picked":"SKIP","floor":11},{"not_picked":["Undo","Consume","Turbo"],"picked":"SKIP","floor":13},{"not_picked":["Rainbow","Amplify"],"picked":"Electrodynamics","floor":16},{"not_picked":["Auto Shields+1","Consume","Stack"],"picked":"SKIP","floor":18},{"not_picked":["Tempest","Stack","Coolheaded"],"picked":"SKIP","floor":20},{"not_picked":["Tempest","Loop"],"picked":"Capacitor+1","floor":23},{"not_picked":["Steam","Reinforced Body"],"picked":"Tempest","floor":24},{"not_picked":["Rip and Tear+1","Biased Cognition"],"picked":"Self Repair","floor":27},{"not_picked":["Redo+1","Sunder"],"picked":"Static Discharge+1","floor":29},{"not_picked":["Scrape","Hologram+1","Compile Driver"],"picked":"SKIP","floor":30},{"not_picked":["Skim+1","Conserve Battery+1"],"picked":"Defragment","floor":31},{"not_picked":["Aggregate+1","Turbo+1","Redo+1"],"picked":"SKIP","floor":35},{"not_picked":["Undo+1","Streamline+1","Turbo+1"],"picked":"SKIP","floor":36}],"player_experience":249141,"potions_floor_usage":[3,6,6,8,16,31,31,33,39],"damage_taken":[{"damage":0,"enemies":"Cultist","floor":1,"turns":3},{"damage":8,"enemies":"2 Louse","floor":2,"turns":2},{"damage":3,"enemies":"Small Slimes","floor":3,"turns":3},{"damage":42,"enemies":"Lagavulin","floor":6,"turns":8},{"damage":23,"enemies":"Gremlin Nob","floor":8,"turns":4},{"damage":8,"enemies":"Gremlin Gang","floor":11,"turns":3},{"damage":0,"enemies":"Exordium Wildlife","floor":13,"turns":3},{"damage":9,"enemies":"The Guardian","floor":16,"turns":13},{"damage":4,"enemies":"3 Byrds","floor":18,"turns":2},{"damage":12,"enemies":"Shell Parasite","floor":20,"turns":4},{"damage":20,"enemies":"Gremlin Leader","floor":23,"turns":5},{"damage":2,"enemies":"Centurion and Healer","floor":24,"turns":5},{"damage":21,"enemies":"Book of Stabbing","floor":27,"turns":4},{"damage":13,"enemies":"Chosen and Byrds","floor":29,"turns":5},{"damage":21,"enemies":"Snake Plant","floor":30,"turns":3},{"damage":17,"enemies":"Slaver and Parasite","floor":31,"turns":3},{"damage":17,"enemies":"Collector","floor":33,"turns":5},{"damage":7,"enemies":"3 Shapes","floor":35,"turns":2},{"damage":0,"enemies":"Orb Walker","floor":36,"turns":3},{"damage":60,"enemies":"Donu and Deca","floor":39,"turns":4}],"relics_obtained":[{"floor":6,"key":"Dead Branch"},{"floor":8,"key":"Du-Vu Doll"},{"floor":9,"key":"Bird Faced Urn"},{"floor":23,"key":"Sundial"},{"floor":26,"key":"Boot"},{"floor":27,"key":"Toxic Egg 2"}],"event_choices":[{"event_name":"Living Wall","player_choice":"Grow","floor":4,"damage_taken":0},{"event_name":"Golden Wing","player_choice":"Card Removal","floor":5,"damage_taken":0},{"event_name":"The Cleric","player_choice":"Healed","floor":14,"damage_taken":0},{"event_name":"Ghosts","player_choice":"Ignored","floor":21,"damage_taken":0},{"event_name":"The Mausoleum","player_choice":"No","floor":25,"damage_taken":0},{"event_name":"SecretPortal","player_choice":"Took Portal.","floor":38,"damage_taken":0}],"boss_relics":[{"not_picked":["Orrery","Runic Pyramid"],"picked":"Pandora\u0027s Box"},{"not_picked":["White Beast Statue","Black Star"],"picked":"Sozu"}],"items_purged_floors":[12,19,22,37],"is_endless":false,"potions_floor_spawned":[3,11,16,24,29,31,33,36],"seed_played":"4489557071724923697","ascension_level":1,"potions_obtained":[{"floor":3,"key":"SkillPotion"},{"floor":11,"key":"Dexterity Potion"},{"floor":16,"key":"Energy Potion"},{"floor":24,"key":"AttackPotion"},{"floor":29,"key":"Regen Potion"},{"floor":31,"key":"AttackPotion"},{"floor":33,"key":"FocusPotion"}],"is_trial":false}