{"path_per_floor":["M","?","M","?","$","R","E","R","T","?","M","$","M","M","R","B",null,"M","$","M","?","$","R","$","M","T","E","M","R","M","?","R","B",null,"M","?","?","?","M","?","M","$","T","M","T","M","$","E","R","B"],"character_chosen":"DEFECT","items_purchased":["Magnetism","Dark Shackles","Ice Cream","Blood Vial","All For One","Turnip","Sunder","Barrage","Reprogram"],"gold_per_floor":[144,144,189,189,114,114,204,204,204,204,253,40,89,138,138,463,463,512,512,561,561,468,468,18,67,67,165,214,214,263,263,263,588,588,637,637,637,597,646,646,695,540,540,589,589,638,48,146,146,146],"floor_reached":51,"campfire_rested":4,"playtime":3435,"current_hp_per_floor":[71,75,75,89,89,89,72,89,89,67,67,67,57,57,83,68,89,83,83,84,68,68,68,68,78,78,62,64,89,89,89,89,70,89,89,89,78,78,80,80,64,64,64,72,72,81,81,89,89,22],"items_purged":["Regret","Madness"],"gold":146,"score":745,"play_id":"76d3ab0d-7da4-4ba0-b514-3c685ac77b68","local_time":"20180507233151","daily_mods":["Draft","Midas","Time Dilation"],"is_prod":false,"is_daily":true,"chose_seed":false,"is_ascension_mode":false,"campfire_upgraded":0,"timestamp":1525744911,"path_taken":["M","?","M","?","$","R","E","R","T","?","?","$","M","M","R","BOSS","M","$","M","?","$","R","?","M","T","E","M","R","M","?","R","BOSS","M","?","?","?","M","?","?","$","T","M","?","M","$","E","R","BOSS"],"build_version":"2018-05-03","seed_source_timestamp":0,"purchased_purges":3,"victory":true,"master_deck":["Coolheaded","Reinforced Body","Stack","Defragment","Streamline","Cold Snap","Blizzard","Skim","Hello World","Cold Snap","Coolheaded","Stack","Go for the Eyes","FTL","Go for the Eyes","Melter","Glacier","Seek","Magnetism","Tempest","Reboot","Leap+1","Dark Shackles","Loop","Buffer","Sunder","Self Repair","White Noise","Creative AI","BootSequence","Streamline","Madness","All For One","Self Repair+1","Sunder","Barrage","Reprogram","Rainbow"],"max_hp_per_floor":[75,75,75,89,89,89,89,89,89,89,89,89,89,89,89,89,89,89,89,89,89,89,89,89,89,89,89,89,89,89,89,89,89,89,89,89,89,89,89,89,89,89,89,89,89,89,89,89,89,89],"relics":["Cracked Core","Mango","Dream Catcher","Girya","Golden Idol","Sozu","Enchiridion","Ice Cream","Blood Vial","Mercury Hourglass","Thread and Needle","Inserter","Torii","Shuriken","Turnip","Prayer Wheel"],"card_choices":[{"not_picked":["Beam Cell","Barrage"],"picked":"Coolheaded","floor":0},{"not_picked":["Axe Kick","Coolheaded"],"picked":"Reinforced Body","floor":0},{"not_picked":["Capacitor","Hologram"],"picked":"Axe Kick","floor":0},{"not_picked":["Capacitor","Rebound"],"picked":"Stack","floor":0},{"not_picked":["Streamline","Go for the Eyes"],"picked":"Defragment","floor":0},{"not_picked":["Turbo","Rebound"],"picked":"Streamline","floor":0},{"not_picked":["Recycle","Ball Lightning"],"picked":"Cold Snap","floor":0},{"not_picked":["Cold Snap","Streamline"],"picked":"Blizzard","floor":0},{"not_picked":["Beam Cell","Capacitor"],"picked":"Skim","floor":0},{"not_picked":["Streamline","Blizzard"],"picked":"Hello World","floor":0},{"not_picked":["Auto Shields","Hologram"],"picked":"Cold Snap","floor":0},{"not_picked":["Leap","Streamline"],"picked":"Coolheaded","floor":0},{"not_picked":["Ball Lightning","Axe Kick"],"picked":"Stack","floor":0},{"not_picked":["Beam Cell","Barrage"],"picked":"Go for the Eyes","floor":0},{"not_picked":["Ball Lightning","Lockon"],"picked":"FTL","floor":0},{"not_picked":["Chaos","Stack"],"picked":"Streamline","floor":1},{"not_picked":["Skim","Reinforced Body"],"picked":"Go for the Eyes","floor":3},{"not_picked":["Turbo","Static Discharge"],"picked":"Melter","floor":7},{"not_picked":["Stack","Turbo"],"picked":"Glacier","floor":8},{"not_picked":["Turbo","Stack"],"picked":"Seek","floor":11},{"not_picked":["Go for the Eyes","Streamline"],"picked":"Tempest","floor":15},{"not_picked":["Rainbow","Seek"],"picked":"Reboot","floor":16},{"not_picked":["Go for the Eyes","Axe Kick"],"picked":"Leap","floor":20},{"not_picked":["Undo","Skim"],"picked":"Loop","floor":27},{"not_picked":["Go for the Eyes","Leap"],"picked":"Buffer","floor":28},{"not_picked":["Beam Cell","Stack"],"picked":"Sunder","floor":29},{"not_picked":["Axe Kick","Coolheaded"],"picked":"Self Repair","floor":30},{"not_picked":["Prime","Thunder Strike"],"picked":"Creative AI","floor":33},{"not_picked":["Leap","Streamline"],"picked":"BootSequence","floor":35},{"not_picked":["Coolheaded","Conserve Battery"],"picked":"Self Repair","floor":46},{"not_picked":["Self Repair","Auto Shields"],"picked":"Rainbow","floor":48}],"player_experience":399159,"potions_floor_usage":[14,16,27],"damage_taken":[{"damage":4,"enemies":"2 Louse","floor":1,"turns":3},{"damage":0,"enemies":"Cultist","floor":3,"turns":4},{"damage":17,"enemies":"Gremlin Nob","floor":7,"turns":5},{"damage":0,"enemies":"Small Slimes","floor":11,"turns":3},{"damage":10,"enemies":"Looter","floor":13,"turns":3},{"damage":0,"enemies":"3 Louse","floor":14,"turns":1},{"damage":19,"enemies":"Hexaghost","floor":16,"turns":11},{"damage":6,"enemies":"Shell Parasite","floor":18,"turns":4},{"damage":3,"enemies":"Chosen","floor":20,"turns":4},{"damage":3,"enemies":"Centurion and Healer","floor":25,"turns":6},{"damage":18,"enemies":"Gremlin Leader","floor":27,"turns":5},{"damage":0,"enemies":"Snecko","floor":28,"turns":5},{"damage":0,"enemies":"3 Cultists","floor":30,"turns":4},{"damage":26,"enemies":"Champ","floor":33,"turns":10},{"damage":0,"enemies":"Flame Bruiser 1 Orb","floor":35,"turns":5},{"damage":7,"enemies":"3 Shapes","floor":39,"turns":4},{"damage":18,"enemies":"Spire Growth","floor":41,"turns":5},{"damage":8,"enemies":"Maw","floor":44,"turns":11},{"damage":0,"enemies":"Flame Bruiser 2 Orb","floor":46,"turns":4},{"damage":0,"enemies":"Giant Head","floor":48,"turns":9},{"damage":92,"enemies":"Time Eater","floor":50,"turns":14}],"event_choices":[{"event_name":"Wheel of Change","player_choice":"Full Heal","floor":2,"damage_taken":0},{"event_name":"Big Fish","player_choice":"Box","floor":4,"damage_taken":0},{"event_name":"Golden Idol","player_choice":"Take Damage","floor":10,"damage_taken":0},{"event_name":"Cursed Tome","player_choice":"Obtained Book","floor":21,"damage_taken":0},{"event_name":"The Library","player_choice":"Read","floor":31,"damage_taken":0},{"event_name":"Transmorgrifier","player_choice":"Transform","floor":36,"damage_taken":0},{"event_name":"Winding Halls","player_choice":"Embrace Madness","floor":37,"damage_taken":0},{"event_name":"The Woman in Blue","player_choice":"Bought 3 Potions","floor":38,"damage_taken":0}],"boss_relics":[{"not_picked":["Ectoplasm","Velvet Choker"],"picked":"Sozu"},{"not_picked":["Runic Dome","Eternal Feather"],"picked":"Inserter"}],"potions_floor_spawned":[11,13,14,20,27,30,46,48],"seed_played":"1506148265124497157","ascension_level":0,"is_trial":false}