{"gold_per_floor":[112,35,54,64,74,108,108,140,140,140,157,202,202,215,215,314,314,324,424,424,424,424],"floor_reached":22,"playtime":1158,"items_purged":[],"score":310,"play_id":"8aef37ba-55ea-4a65-a6d8-68b8ccfd7fa4","local_time":"20190225002743","is_ascension_mode":true,"campfire_choices":[{"data":"Armaments","floor":10,"key":"SMITH"},{"data":"Barricade","floor":13,"key":"SMITH"},{"data":"Metallicize","floor":15,"key":"SMITH"}],"neow_cost":"TEN_PERCENT_HP_LOSS","seed_source_timestamp":739974802383493,"circlet_count":0,"master_deck":["AscendersBane","Strike_R","Strike_R","Strike_R","Strike_R","Strike_R","Defend_R","Defend_R","Defend_R","Defend_R","Bash","Armaments+1","Metallicize+1","Iron Wave","Clothesline","Disarm","Fiend Fire","Barricade+1","Shrug It Off","Feed","Flame Barrier","Headbutt","Decay","RitualDagger"],"relics":["Burning Blood","Torii","The Courier","Anchor","Shuriken","Mark of Pain","Magic Flower","Kunai"],"potions_floor_usage":[6,8,22],"damage_taken":[{"damage":1,"enemies":"2 Louse","floor":1,"turns":2},{"damage":9,"enemies":"Jaw Worm","floor":3,"turns":3},{"damage":1,"enemies":"Small Slimes","floor":4,"turns":7},{"damage":10,"enemies":"Exordium Wildlife","floor":5,"turns":7},{"damage":22,"enemies":"3 Sentries","floor":6,"turns":13},{"damage":17,"enemies":"Lagavulin","floor":8,"turns":10},{"damage":0,"enemies":"Blue Slaver","floor":11,"turns":5},{"damage":1,"enemies":"Large Slime","floor":14,"turns":8},{"damage":20,"enemies":"Hexaghost","floor":16,"turns":16},{"damage":1,"enemies":"3 Byrds","floor":18,"turns":8},{"damage":10,"enemies":"Colosseum Slavers","floor":19,"turns":8},{"damage":50,"enemies":"Colosseum Nobs","floor":19,"turns":7},{"damage":31,"enemies":"Spheric Guardian","floor":22,"turns":5}],"seed_played":"-5224965764742830564","potions_obtained":[{"floor":1,"key":"Poison Potion"},{"floor":3,"key":"Poison Potion"},{"floor":16,"key":"GamblersBrew"}],"is_trial":false,"path_per_floor":["M","$","M","M","M","E","?","E","T","R","M","T","R","M","R","B",null,"M","?","?","?","M"],"character_chosen":"IRONCLAD","items_purchased":["Metallicize"],"campfire_rested":0,"item_purchase_floors":[2],"current_hp_per_floor":[72,72,69,72,68,52,57,46,46,46,52,52,52,57,57,43,69,77,32,32,26,0],"gold":424,"neow_bonus":"ONE_RARE_RELIC","is_prod":false,"is_daily":false,"chose_seed":false,"campfire_upgraded":3,"win_rate":0,"timestamp":1551047263,"path_taken":["M","$","M","M","M","E","?","E","T","R","M","?","R","M","R","BOSS","M","?","?","?","M"],"build_version":"2019-01-23","purchased_purges":0,"victory":false,"max_hp_per_floor":[72,72,72,72,72,72,77,77,77,77,77,77,77,77,77,77,77,80,83,83,83,83],"card_choices":[{"not_picked":["Whirlwind","Shockwave"],"picked":"Armaments","floor":1},{"not_picked":["Hemokinesis","Blood for Blood"],"picked":"Iron Wave","floor":3},{"not_picked":["Thunderclap","Perfected Strike"],"picked":"Clothesline","floor":4},{"not_picked":["Wild Strike","Warcry"],"picked":"Disarm","floor":5},{"not_picked":["Rage","Headbutt"],"picked":"Fiend Fire","floor":6},{"not_picked":["Spot Weakness","Flame Barrier"],"picked":"Barricade","floor":8},{"not_picked":["Thunderclap","Anger"],"picked":"Shrug It Off","floor":11},{"not_picked":["Combust","Pommel Strike","Perfected Strike"],"picked":"SKIP","floor":14},{"not_picked":["Exhume","Offering"],"picked":"Feed","floor":16},{"not_picked":["Wild Strike","Rampage"],"picked":"Flame Barrier","floor":18},{"not_picked":["Evolve","Shrug It Off"],"picked":"Headbutt","floor":19}],"player_experience":752933,"relics_obtained":[{"floor":6,"key":"The Courier"},{"floor":8,"key":"Anchor"},{"floor":9,"key":"Shuriken"},{"floor":19,"key":"Magic Flower"},{"floor":19,"key":"Kunai"}],"event_choices":[{"damage_healed":0,"gold_gain":0,"player_choice":"Donut","damage_taken":0,"max_hp_gain":5,"max_hp_loss":0,"event_name":"Big Fish","floor":7,"gold_loss":0},{"damage_healed":0,"gold_gain":0,"player_choice":"Fight","damage_taken":0,"max_hp_gain":0,"max_hp_loss":0,"event_name":"Colosseum","floor":19,"gold_loss":0},{"damage_healed":0,"gold_gain":0,"player_choice":"Fought Nobs","damage_taken":0,"max_hp_gain":0,"max_hp_loss":0,"event_name":"Colosseum","floor":19,"gold_loss":0},{"damage_healed":0,"gold_gain":0,"player_choice":"Smashed Altar","damage_taken":0,"max_hp_gain":0,"max_hp_loss":0,"event_name":"Forgotten Altar","floor":20,"gold_loss":0,"cards_obtained":["Decay"]},{"damage_healed":0,"gold_gain":0,"player_choice":"Joined the Cult","damage_taken":6,"max_hp_gain":0,"max_hp_loss":0,"event_name":"Nest","floor":21,"gold_loss":0,"cards_obtained":["RitualDagger"]}],"is_beta":false,"boss_relics":[{"not_picked":["Velvet Choker","Philosopher\u0027s Stone"],"picked":"Mark of Pain"}],"items_purged_floors":[],"is_endless":false,"potions_floor_spawned":[1,3,4,16],"killed_by":"Spheric Guardian","ascension_level":12}