{"path_per_floor":["M","?","M","$","M","R","?","R","T","R","M","?","M","M","R","B",null,"M","$","M","M","M","R","M","R","T","M","?","M","?","$","R"],"character_chosen":"IRONCLAD","items_purchased":["Pen Nib","Disarm","Heavy Blade","Metallicize"],"gold_per_floor":[119,119,129,129,148,148,148,148,148,148,161,161,175,191,191,294,294,310,95,112,127,140,140,157,157,157,175,175,191,191,98,98],"floor_reached":33,"campfire_rested":2,"playtime":1426,"current_hp_per_floor":[77,65,65,65,69,69,69,69,83,83,89,94,99,99,99,76,99,99,99,99,92,76,99,88,88,88,90,90,88,88,88,99],"items_purged":[],"gold":98,"score":266,"play_id":"b816c739-9bd1-4eba-bf04-d0f336736f98","local_time":"20180312034136","is_prod":false,"is_daily":false,"is_ascension_mode":false,"campfire_upgraded":5,"timestamp":1520835096,"path_taken":["M","?","M","$","M","R","?","R","T","R","M","?","M","M","R","BOSS","M","?","M","?","M","R","M","R","T","?","?","M","?","$","R","BOSS"],"build_version":"2018-03-09","purchased_purges":0,"victory":false,"master_deck":["Strike_R","Strike_R","Strike_R","Strike_R","Defend_R+1","Defend_R","Defend_R","Defend_R","Bash","Shrug It Off+1","Whirlwind+1","Flex+1","Power Through+1","Anger+1","Offering","Iron Wave+1","Disarm+1","Infernal Blade+1","Armaments+1","Thunderclap+1","Heavy Blade","Metallicize"],"max_hp_per_floor":[80,80,80,80,80,80,80,80,94,94,94,99,99,99,99,99,99,99,99,99,99,99,99,99,99,99,99,99,99,99,99,99],"relics":["Burning Blood","Bag of Preparation","Art of War","Mango","Runic Cube","Pen Nib","Dead Branch","War Paint"],"card_choices":[{"not_picked":["True Grit","Clash"],"picked":"Shrug It Off"},{"not_picked":["Battle Trance","Entrench"],"picked":"Whirlwind"},{"not_picked":["Sword Boomerang","Body Slam"],"picked":"Flex"},{"not_picked":["Clash","Headbutt"],"picked":"Anger"},{"not_picked":["Exhume","Juggernaut"],"picked":"Offering"},{"not_picked":["Shrug It Off","Whirlwind"],"picked":"Iron Wave"},{"not_picked":["Thunderclap","Anger"],"picked":"Infernal Blade"},{"not_picked":["Rupture","Dual Wield"],"picked":"Armaments"},{"not_picked":["Cleave","Uppercut"],"picked":"Thunderclap"}],"player_experience":169692,"potions_floor_usage":[11,16,20,20,21,22,29,33],"damage_taken":[{"damage":9,"enemies":"Jaw Worm","floor":1,"turns":4},{"damage":6,"enemies":"2 Louse","floor":3,"turns":3},{"damage":2,"enemies":"Small Slimes","floor":5,"turns":4},{"damage":0,"enemies":"Looter","floor":11,"turns":3},{"damage":0,"enemies":"Red Slaver","floor":13,"turns":2},{"damage":0,"enemies":"Exordium Thugs","floor":14,"turns":2},{"damage":44,"enemies":"Slime Boss","floor":16,"turns":11},{"damage":5,"enemies":"Shell Parasite","floor":18,"turns":5},{"damage":4,"enemies":"Spheric Guardian","floor":20,"turns":3},{"damage":13,"enemies":"Centurion and Healer","floor":21,"turns":4},{"damage":22,"enemies":"Chosen and Byrds","floor":22,"turns":3},{"damage":17,"enemies":"Slaver and Parasite","floor":24,"turns":3},{"damage":4,"enemies":"Centurion and Healer","floor":27,"turns":4},{"damage":17,"enemies":"3 Cultists","floor":29,"turns":4},{"damage":110,"enemies":"Champ","floor":33,"turns":19}],"event_choices":[{"event_name":"Scrap Ooze","player_choice":"success","floor":2,"damage_taken":12},{"event_name":"Transmorgrifier","player_choice":"Transform","floor":7,"damage_taken":0},{"event_name":"Big Fish","player_choice":"Donut","floor":12,"damage_taken":0},{"event_name":"The Mausoleum","player_choice":"Yes","floor":28,"damage_taken":0},{"event_name":"Vampires","player_choice":"Ignored","floor":30,"damage_taken":0}],"boss_relics":[{"not_picked":["Philosopher\u0027s Stone","Sozu"],"picked":"Runic Cube"}],"potions_floor_spawned":[5,14,16,18,20,21,24,29],"seed_played":"1138087367063196806","killed_by":"Champ","ascension_level":0,"is_trial":false}