{"gold_per_floor":[116,116,116,127,139,139,149,149,175,175,189,204,204,224,224,224],"floor_reached":16,"playtime":4370,"items_purged":[],"score":99,"play_id":"f10122f2-87dc-4f73-b67d-e4016682527e","local_time":"20190224174742","is_ascension_mode":true,"campfire_choices":[{"floor":6,"key":"RECALL"},{"floor":8,"key":"REST"},{"floor":15,"key":"REST"}],"neow_cost":"NONE","seed_source_timestamp":22877455465938,"circlet_count":0,"master_deck":["Defend_G","Defend_G","Defend_G","Defend_G","Strike_G","Strike_G","Strike_G","Strike_G","Strike_G","Survivor","Neutralize","Corpse Explosion+1","Deflect","Catalyst","Poisoned Stab","Escape Plan","Poisoned Stab","Noxious Fumes","Eviscerate","Terror"],"relics":["Ring of the Snake","Potion Belt"],"potions_floor_usage":[16],"damage_taken":[{"damage":0,"enemies":"2 Louse","floor":1,"turns":3},{"damage":0,"enemies":"Jaw Worm","floor":4,"turns":4},{"damage":0,"enemies":"Small Slimes","floor":5,"turns":3},{"damage":4,"enemies":"Red Slaver","floor":7,"turns":4},{"damage":14,"enemies":"Gremlin Gang","floor":11,"turns":5},{"damage":11,"enemies":"Large Slime","floor":12,"turns":6},{"damage":2,"enemies":"Red Slaver","floor":14,"turns":4},{"damage":66,"enemies":"Slime Boss","floor":16,"turns":10}],"seed_played":"-4371907636121029382","potions_obtained":[{"floor":4,"key":"GhostInAJar"},{"floor":12,"key":"Regen Potion"}],"is_trial":false,"path_per_floor":["M","?","?","M","M","R","M","R","T","?","M","M","?","M","R","B"],"character_chosen":"THE_SILENT","items_purchased":[],"campfire_rested":2,"item_purchase_floors":[],"current_hp_per_floor":[70,70,63,63,63,63,59,70,70,70,56,45,45,43,64,0],"gold":224,"neow_bonus":"ONE_RANDOM_RARE_CARD","is_prod":false,"is_daily":false,"chose_seed":false,"campfire_upgraded":0,"win_rate":1,"timestamp":1551026862,"path_taken":["M","?","?","M","M","R","M","R","T","?","M","M","?","?","R","BOSS"],"build_version":"2019-01-23","purchased_purges":0,"victory":false,"max_hp_per_floor":[70,70,70,70,70,70,70,70,70,70,70,70,70,70,70,70],"card_choices":[{"not_picked":["PiercingWail","Dagger Spray"],"picked":"Deflect","floor":1},{"not_picked":["Deflect","Dagger Throw"],"picked":"Catalyst","floor":4},{"not_picked":["Quick Slash","Dagger Throw"],"picked":"Poisoned Stab","floor":5},{"not_picked":["Predator","Well Laid Plans"],"picked":"Escape Plan","floor":7},{"not_picked":["Underhanded Strike","Bane"],"picked":"Poisoned Stab","floor":11},{"not_picked":["Calculated Gamble","Bane"],"picked":"Noxious Fumes","floor":12},{"not_picked":["All Out Attack","Outmaneuver"],"picked":"Terror","floor":14}],"player_experience":46016,"relics_obtained":[],"event_choices":[{"damage_healed":0,"gold_gain":0,"player_choice":"Grow","damage_taken":0,"max_hp_gain":0,"max_hp_loss":0,"event_name":"Living Wall","floor":2,"gold_loss":0,"cards_upgraded":["Corpse Explosion"]},{"damage_healed":0,"gold_gain":0,"player_choice":"Success","damage_taken":7,"relics_obtained":["Potion Belt"],"max_hp_gain":0,"max_hp_loss":0,"event_name":"Scrap Ooze","floor":3,"gold_loss":0},{"damage_healed":0,"gold_gain":0,"player_choice":"Searched \u00270\u0027 times","damage_taken":0,"max_hp_gain":0,"max_hp_loss":0,"event_name":"Dead Adventurer","floor":10,"gold_loss":0},{"damage_healed":0,"gold_gain":0,"cards_transformed":["Defend_G"],"player_choice":"Transformed","damage_taken":0,"max_hp_gain":0,"max_hp_loss":0,"event_name":"Transmorgrifier","floor":13,"gold_loss":0,"cards_obtained":["Eviscerate"]}],"is_beta":false,"boss_relics":[],"items_purged_floors":[],"is_endless":false,"potions_floor_spawned":[4,12],"killed_by":"Slime Boss","ascension_level":1}