{"gold_per_floor":[117,136,155,169,24,24,36,36,36,53,85,100,100,111,111,216,216,233,247,121,36,36,36,36,135,135,145,156,156,173,183,183,183],"floor_reached":33,"playtime":3726,"items_purged":["Defend_R"],"score":253,"play_id":"ea8986c9-c624-46d4-ad1e-b21897e48d8f","local_time":"20190222194651","is_ascension_mode":false,"campfire_choices":[{"floor":6,"key":"REST"},{"floor":8,"key":"REST"},{"floor":15,"key":"REST"},{"floor":23,"key":"REST"},{"floor":29,"key":"REST"},{"floor":32,"key":"REST"}],"neow_cost":"","seed_source_timestamp":34798654348083,"circlet_count":0,"master_deck":["Strike_R","Strike_R","Strike_R","Strike_R","Strike_R","Defend_R","Defend_R","Defend_R","Bash","Pommel Strike","Warcry","Armaments","Uppercut","Flash of Steel","Armaments","Whirlwind","Pommel Strike","Battle Trance","Headbutt","Iron Wave","Reaper","Rampage","Pommel Strike","Shrug It Off","Shockwave","Infernal Blade","Headbutt+1","Carnage"],"relics":["Burning Blood","Gremlin Horn","Bronze Scales","Fusion Hammer","Darkstone Periapt","Ornamental Fan","Letter Opener"],"potions_floor_usage":[16,16,16,31,33],"damage_taken":[{"damage":3,"enemies":"Cultist","floor":1,"turns":5},{"damage":0,"enemies":"Small Slimes","floor":2,"turns":2},{"damage":5,"enemies":"Jaw Worm","floor":3,"turns":4},{"damage":46,"enemies":"Exordium Wildlife","floor":4,"turns":12},{"damage":8,"enemies":"2 Fungi Beasts","floor":7,"turns":4},{"damage":2,"enemies":"3 Louse","floor":10,"turns":2},{"damage":30,"enemies":"3 Sentries","floor":11,"turns":8},{"damage":1,"enemies":"Exordium Wildlife","floor":12,"turns":3},{"damage":0,"enemies":"Lots of Slimes","floor":14,"turns":2},{"damage":79,"enemies":"The Guardian","floor":16,"turns":14},{"damage":17,"enemies":"Chosen","floor":18,"turns":5},{"damage":0,"enemies":"3 Byrds","floor":19,"turns":4},{"damage":13,"enemies":"Snecko","floor":27,"turns":6},{"damage":14,"enemies":"Snake Plant","floor":28,"turns":4},{"damage":6,"enemies":"Centurion and Healer","floor":30,"turns":5},{"damage":21,"enemies":"3 Cultists","floor":31,"turns":5},{"damage":97,"enemies":"Champ","floor":33,"turns":10}],"seed_played":"-4366813054649369294","potions_obtained":[{"floor":3,"key":"PowerPotion"},{"floor":4,"key":"BloodPotion"},{"floor":12,"key":"FearPotion"},{"floor":19,"key":"Swift Potion"},{"floor":31,"key":"Fruit Juice"}],"is_trial":false,"path_per_floor":["M","M","M","M","$","R","M","R","T","M","E","M","?","M","R","B",null,"M","M","$","?","T","R","?","?","T","M","M","R","M","M","R","B"],"character_chosen":"IRONCLAD","items_purchased":["Flash of Steel","Armaments","Shrug It Off"],"campfire_rested":6,"item_purchase_floors":[5,5,20],"current_hp_per_floor":[80,80,80,40,40,64,62,80,80,80,56,61,61,67,80,15,80,69,80,80,80,80,80,65,65,65,62,54,79,79,75,90,0],"gold":183,"neow_bonus":"","is_prod":false,"is_daily":false,"chose_seed":false,"campfire_upgraded":0,"win_rate":0.0,"timestamp":1550861211,"path_taken":["M","M","?","M","$","R","M","R","T","M","E","M","?","?","R","BOSS","M","M","$","?","?","R","?","?","T","?","?","R","M","M","R","BOSS"],"build_version":"2019-01-23","purchased_purges":1,"victory":false,"max_hp_per_floor":[80,80,80,80,80,80,80,80,80,80,80,80,80,80,80,80,80,80,80,80,80,80,80,85,85,85,85,85,85,85,90,90,90],"card_choices":[{"not_picked":["Sword Boomerang","Reckless Charge"],"picked":"Pommel Strike","floor":1},{"not_picked":["Shockwave","Sword Boomerang"],"picked":"Warcry","floor":2},{"not_picked":["Clothesline","True Grit"],"picked":"Armaments","floor":3},{"not_picked":["True Grit","Clothesline"],"picked":"Uppercut","floor":4},{"not_picked":["Sever Soul","Rupture"],"picked":"Whirlwind","floor":7},{"not_picked":["Thunderclap","Twin Strike"],"picked":"Pommel Strike","floor":10},{"not_picked":["Cleave","Warcry"],"picked":"Battle Trance","floor":11},{"not_picked":["Clash","Clothesline"],"picked":"Headbutt","floor":12},{"not_picked":["Dual Wield","Body Slam"],"picked":"Iron Wave","floor":14},{"not_picked":["Fiend Fire","Brutality"],"picked":"Reaper","floor":16},{"not_picked":["Clash","Shrug It Off"],"picked":"Rampage","floor":18},{"not_picked":["Sword Boomerang","Power Through"],"picked":"Pommel Strike","floor":19},{"not_picked":["Thunderclap","Perfected Strike"],"picked":"Shockwave","floor":27},{"not_picked":["Perfected Strike","True Grit"],"picked":"Infernal Blade","floor":28},{"not_picked":["Pummel","Body Slam"],"picked":"Headbutt+1","floor":30},{"not_picked":["True Grit","Headbutt"],"picked":"Carnage","floor":31}],"player_experience":0,"relics_obtained":[{"floor":9,"key":"Gremlin Horn"},{"floor":11,"key":"Bronze Scales"},{"floor":22,"key":"Ornamental Fan"},{"floor":26,"key":"Letter Opener"}],"event_choices":[{"damage_healed":0,"gold_gain":0,"player_choice":"Leave","damage_taken":0,"max_hp_gain":0,"max_hp_loss":0,"event_name":"FaceTrader","floor":13,"gold_loss":0},{"damage_healed":0,"gold_gain":0,"player_choice":"Obtained Relic","damage_taken":0,"relics_obtained":["Darkstone Periapt"],"max_hp_gain":0,"max_hp_loss":0,"event_name":"Addict","floor":21,"gold_loss":85},{"damage_healed":0,"gold_gain":0,"player_choice":"Shed Blood","damage_taken":20,"max_hp_gain":5,"max_hp_loss":0,"event_name":"Forgotten Altar","floor":24,"gold_loss":0},{"damage_healed":0,"gold_gain":99,"player_choice":"Stole From Cult","damage_taken":0,"max_hp_gain":0,"max_hp_loss":0,"event_name":"Nest","floor":25,"gold_loss":0}],"is_beta":false,"boss_relics":[{"not_picked":["Calling Bell","Snecko Eye"],"picked":"Fusion Hammer"}],"items_purged_floors":[20],"is_endless":false,"potions_floor_spawned":[3,4,12,19,31],"killed_by":"Champ","ascension_level":0}