{"path_per_floor":["M","M","?","M","M","R","M","M","T","R","M","R","M","E","R","B",null,"M","$","M","?"],"character_chosen":"IRONCLAD","items_purchased":[],"gold_per_floor":[10,29,29,45,61,61,76,96,96,96,110,110,135,166,166,297,297,315,265,279,279,279],"floor_reached":22,"campfire_rested":0,"playtime":746,"current_hp_per_floor":[80,80,60,60,61,61,65,70,70,70,76,76,80,80,80,56,80,79,79,80,86,0],"items_purged":["Strike_R"],"gold":279,"score":209,"play_id":"3d9751a6-e0b9-441b-9c7a-aac0ec335204","local_time":"20180429114342","is_prod":false,"is_daily":false,"chose_seed":false,"is_ascension_mode":true,"campfire_upgraded":4,"timestamp":1525016622,"path_taken":["M","M","?","M","M","R","M","M","T","R","M","R","M","E","R","BOSS","M","$","M","?","M"],"build_version":"2018-04-28v2","seed_source_timestamp":72112786821457,"purchased_purges":1,"victory":false,"master_deck":["Strike_R","Strike_R","Strike_R","Strike_R","Defend_R","Defend_R","Defend_R","Defend_R","Bash+1","Cleave","Battle Trance","Iron Wave+1","Twin Strike","Dropkick","Infernal Blade+1","Heavy Blade+1","Warcry","Double Tap","Thunderclap","Writhe"],"max_hp_per_floor":[80,80,80,80,80,80,80,80,80,80,80,80,80,80,80,80,80,80,80,80,86,86],"relics":["Burning Blood","Thread and Needle","Golden Idol","Darkstone Periapt","Smiling Mask","Black Star","Regal Pillow"],"card_choices":[{"not_picked":["Ghostly Armor","Iron Wave"],"picked":"Cleave","floor":1},{"not_picked":["Perfected Strike","Thunderclap"],"picked":"Battle Trance","floor":2},{"not_picked":["Evolve","True Grit"],"picked":"Iron Wave","floor":4},{"not_picked":["Power Through","Pommel Strike"],"picked":"Twin Strike","floor":5},{"not_picked":["Anger","Clash"],"picked":"Dropkick","floor":7},{"not_picked":["True Grit","Clash"],"picked":"Infernal Blade","floor":8},{"not_picked":["Burning Pact","Perfected Strike"],"picked":"Heavy Blade","floor":11},{"not_picked":["Sentinel","Clothesline"],"picked":"Warcry","floor":13},{"not_picked":["Berserk","Bludgeon"],"picked":"Double Tap","floor":16},{"not_picked":["Armaments","Body Slam"],"picked":"Thunderclap","floor":20}],"player_experience":120059,"potions_floor_usage":[16,16,18,20],"damage_taken":[{"damage":6,"enemies":"Small Slimes","floor":1,"turns":3},{"damage":2,"enemies":"Jaw Worm","floor":2,"turns":3},{"damage":6,"enemies":"2 Louse","floor":4,"turns":2},{"damage":5,"enemies":"2 Fungi Beasts","floor":5,"turns":3},{"damage":2,"enemies":"3 Louse","floor":7,"turns":3},{"damage":1,"enemies":"Looter","floor":8,"turns":2},{"damage":0,"enemies":"Red Slaver","floor":11,"turns":2},{"damage":0,"enemies":"Large Slime","floor":13,"turns":2},{"damage":3,"enemies":"Lagavulin","floor":14,"turns":4},{"damage":30,"enemies":"The Guardian","floor":16,"turns":10},{"damage":7,"enemies":"2 Thieves","floor":18,"turns":4},{"damage":5,"enemies":"3 Byrds","floor":20,"turns":6},{"damage":92,"enemies":"Slaver and Parasite","floor":22,"turns":5}],"event_choices":[{"event_name":"Golden Idol","player_choice":"Take Damage","floor":3,"damage_taken":0},{"event_name":"The Mausoleum","player_choice":"Yes","floor":21,"damage_taken":0}],"boss_relics":[{"not_picked":["Cursed Key","Black Blood"],"picked":"Black Star"}],"potions_floor_spawned":[1,5,7,11,18,20],"seed_played":"1802932941511900738","killed_by":"Slaver and Parasite","ascension_level":2,"is_trial":false}