{"path_per_floor":["M","?","?","$","M","R","E","?","T","$","M","M","M","?","R"],"character_chosen":"IRONCLAD","items_purchased":["Whirlwind","Impervious"],"gold_per_floor":[114,114,114,32,51,51,86,161,161,25,43,57,70,70,70,70],"floor_reached":16,"campfire_rested":0,"playtime":368,"current_hp_per_floor":[80,80,80,80,80,80,80,69,69,69,74,68,71,71,71,0],"items_purged":[],"gold":70,"score":125,"play_id":"4821eb66-54d0-4030-b401-0f52eaa9deb8","local_time":"20180417233743","is_prod":false,"is_daily":false,"chose_seed":false,"is_ascension_mode":false,"campfire_upgraded":2,"timestamp":1524017263,"path_taken":["M","?","?","$","?","R","E","?","T","$","M","?","M","?","R","BOSS"],"build_version":"2018-04-12","seed_source_timestamp":516716166345651,"purchased_purges":0,"victory":false,"master_deck":["Strike_R","Strike_R","Strike_R","Strike_R","Strike_R","Defend_R","Defend_R","Defend_R","Defend_R","Bash","Reckless Charge","Whirlwind+1","Flex+1","Bludgeon","Impervious","Thunderclap","Havoc","Body Slam","Injury"],"max_hp_per_floor":[80,80,80,80,80,80,80,80,80,80,80,80,80,80,80,80],"relics":["Burning Blood","NeowsBlessing","Blue Candle","Golden Idol"],"card_choices":[{"not_picked":["Clash","Warcry"],"picked":"Burning Pact","floor":1},{"not_picked":["Cleave","Burning Pact"],"picked":"Flex","floor":5},{"not_picked":["Dropkick","Body Slam"],"picked":"Bludgeon","floor":7},{"not_picked":["Iron Wave","Headbutt"],"picked":"Thunderclap","floor":11},{"not_picked":["Reckless Charge","Ghostly Armor"],"picked":"Havoc","floor":12},{"not_picked":["Bludgeon","Reckless Charge"],"picked":"Body Slam","floor":13}],"player_experience":349889,"potions_floor_usage":[16,16],"damage_taken":[{"damage":0,"enemies":"Small Slimes","floor":1,"turns":1},{"damage":0,"enemies":"2 Louse","floor":5,"turns":1},{"damage":0,"enemies":"3 Sentries","floor":7,"turns":1},{"damage":1,"enemies":"Cultist","floor":11,"turns":3},{"damage":12,"enemies":"Blue Slaver","floor":12,"turns":2},{"damage":3,"enemies":"Red Slaver","floor":13,"turns":4},{"damage":90,"enemies":"Hexaghost","floor":16,"turns":11}],"event_choices":[{"event_name":"Living Wall","player_choice":"Change","floor":2,"damage_taken":0},{"event_name":"Scrap Ooze","player_choice":"unsuccessful","floor":3,"damage_taken":0},{"event_name":"World of Goop","player_choice":"Gather Gold","floor":8,"damage_taken":0},{"event_name":"Golden Idol","player_choice":"Take Wound","floor":14,"damage_taken":0}],"boss_relics":[],"potions_floor_spawned":[12,13],"seed_played":"5952784987388093125","killed_by":"Hexaghost","ascension_level":0,"is_trial":false}