{"gold_per_floor":[117,117,117,129,204,204,238,238,238,238,268,283,48,58,58,129,129,142,242,260,260,270,270],"floor_reached":23,"playtime":1295,"items_purged":["Strike_B"],"score":398,"play_id":"3d17d979-1993-45fd-8cb3-888cdec4dcb6","local_time":"20190129235253","is_ascension_mode":true,"campfire_choices":[{"floor":6.0,"key":"REST"},{"data":"Panacea","floor":8.0,"key":"SMITH"},{"data":"Streamline","floor":10.0,"key":"SMITH"},{"data":"Zap","floor":15.0,"key":"SMITH"}],"neow_cost":"PERCENT_DAMAGE","seed_source_timestamp":12887403696411,"circlet_count":0,"master_deck":["AscendersBane","Strike_B","Strike_B","Strike_B","Defend_B","Defend_B","Defend_B","Defend_B","Zap+1","Dualcast","Panacea+1","Secret Technique","Compile Driver","Undo","Machine Learning","Leap","Streamline+1","Hologram","Steam","Ball Lightning","Cold Snap","Electrodynamics","Steam+1","Leap+1","Hologram+1"],"special_seed":0,"relics":["Cracked Core","Omamori","Bag of Preparation","Question Card","Pantograph","Blood Vial","Velvet Choker","Peace Pipe","Toxic Egg 2"],"potions_floor_usage":[23,23],"damage_taken":[{"damage":0.0,"enemies":"2 Louse","floor":1.0,"turns":3.0},{"damage":0.0,"enemies":"Small Slimes","floor":4.0,"turns":4.0},{"damage":4.0,"enemies":"Lagavulin","floor":7.0,"turns":9.0},{"damage":31.0,"enemies":"3 Sentries","floor":11.0,"turns":11.0},{"damage":0.0,"enemies":"Cultist","floor":12.0,"turns":3.0},{"damage":4.0,"enemies":"Large Slime","floor":14.0,"turns":5.0},{"damage":21.0,"enemies":"Hexaghost","floor":16.0,"turns":11.0},{"damage":17.0,"enemies":"3 Byrds","floor":18.0,"turns":5.0},{"damage":20.0,"enemies":"Colosseum Slavers","floor":19.0,"turns":4.0},{"damage":5.0,"enemies":"Colosseum Nobs","floor":19.0,"turns":3.0},{"damage":0.0,"enemies":"Spheric Guardian","floor":20.0,"turns":5.0},{"damage":12.0,"enemies":"Shelled Parasite and Fungi","floor":22.0,"turns":7.0},{"damage":15,"enemies":"Gremlin Leader","floor":23,"turns":4}],"seed_played":"-6233741226861465063","potions_obtained":[{"floor":1.0,"key":"SkillPotion"},{"floor":7.0,"key":"EssenceOfSteel"},{"floor":16.0,"key":"Dexterity Potion"},{"floor":20.0,"key":"EssenceOfSteel"},{"floor":21.0,"key":"SkillPotion"}],"is_trial":false,"path_per_floor":["M","?","?","M","?","R","E","R","T","R","E","M","$","M","R","B",null,"M","?","M","?","M","E"],"character_chosen":"DEFECT","items_purchased":["Blood Vial"],"campfire_rested":1,"item_purchase_floors":[13],"current_hp_per_floor":[46,35,35,35,24,45,41,41,41,41,10,10,10,8,8,14,57,42,21,23,23,13,0],"gold":270,"neow_bonus":"RANDOM_COLORLESS_2","is_prod":false,"is_daily":false,"chose_seed":false,"campfire_upgraded":3,"win_rate":0,"timestamp":1548802373,"path_taken":["M","?","?","?","?","R","E","R","T","R","E","M","$","M","R","BOSS","M","?","M","?","M","E"],"build_version":"2019-01-23","purchased_purges":1,"victory":false,"max_hp_per_floor":[71,71,71,71,71,71,71,71,71,71,71,71,71,71,71,71,71,71,71,71,71,71,71],"card_choices":[{"not_picked":["Hello World","Skim"],"picked":"Compile Driver","floor":1.0},{"not_picked":["Genetic Algorithm","Undo"],"picked":"Streamline","floor":4.0},{"not_picked":["Rebound","Buffer"],"picked":"Hologram","floor":7.0},{"not_picked":["Coolheaded","Redo","Hello World"],"picked":"Steam","floor":11.0},{"not_picked":["Glacier","Barrage","Thunder Strike"],"picked":"Ball Lightning","floor":12.0},{"not_picked":["Hello World","Melter","Rebound"],"picked":"Cold Snap","floor":14.0},{"not_picked":["Core Surge","Rainbow","Buffer"],"picked":"Electrodynamics","floor":16.0},{"not_picked":["Beam Cell","Turbo","Rip and Tear","Streamline"],"picked":"SKIP","floor":18.0},{"not_picked":["Barrage","Beam Cell","Loop"],"picked":"Steam","floor":19.0},{"not_picked":["Stack+1","Rebound","Compile Driver"],"picked":"Leap+1","floor":20.0},{"not_picked":["Thunder Strike","Turbo+1","Reprogram+1"],"picked":"Hologram+1","floor":22.0}],"player_experience":930201,"relics_obtained":[{"floor":7.0,"key":"Bag of Preparation"},{"floor":9.0,"key":"Question Card"},{"floor":11.0,"key":"Pantograph"},{"floor":19.0,"key":"Peace Pipe"},{"floor":19.0,"key":"Toxic Egg 2"}],"event_choices":[{"damage_healed":0.0,"max_hp_gain":0.0,"max_hp_loss":0.0,"gold_gain":0.0,"event_name":"Scrap Ooze","player_choice":"Success","floor":2.0,"gold_loss":0.0,"damage_taken":11.0,"relics_obtained":["Omamori"]},{"damage_healed":0.0,"max_hp_gain":0.0,"max_hp_loss":0.0,"gold_gain":0.0,"event_name":"Match and Keep!","player_choice":"3 cards matched","floor":3.0,"gold_loss":0.0,"damage_taken":0.0,"cards_obtained":["Undo","Machine Learning","Leap"]},{"damage_healed":0.0,"max_hp_gain":0.0,"max_hp_loss":0.0,"gold_gain":75.0,"event_name":"World of Goop","player_choice":"Gather Gold","floor":5.0,"gold_loss":0.0,"damage_taken":11.0},{"damage_healed":0.0,"max_hp_gain":0.0,"max_hp_loss":0.0,"gold_gain":0.0,"event_name":"Colosseum","player_choice":"Fight","floor":19.0,"gold_loss":0.0,"damage_taken":0.0},{"damage_healed":0.0,"max_hp_gain":0.0,"max_hp_loss":0.0,"gold_gain":0.0,"event_name":"Colosseum","player_choice":"Fought Nobs","floor":19.0,"gold_loss":0.0,"damage_taken":0.0},{"damage_healed":0.0,"max_hp_gain":0.0,"max_hp_loss":0.0,"gold_gain":0.0,"event_name":"Lab","player_choice":"Got Potions","floor":21.0,"gold_loss":0.0,"damage_taken":0.0}],"is_beta":true,"boss_relics":[{"not_picked":["Empty Cage","FrozenCore"],"picked":"Velvet Choker"}],"items_purged_floors":[13],"is_endless":false,"potions_floor_spawned":[1,7,16,20],"killed_by":"Gremlin Leader","ascension_level":20}