{"path_per_floor":["M","M","?","$","M","E","?","R","T","?","M","M","$","M","R","B",null,"M","?","?","?","?","E","R","M","T","M","M","$"],"character_chosen":"IRONCLAD","items_purchased":["Feed","Toxic Egg 2"],"gold_per_floor":[369,385,385,175,189,214,214,214,240,415,432,447,95,111,111,207,207,226,151,151,151,74,103,103,123,123,138,148,23,23],"floor_reached":30,"campfire_rested":2,"playtime":1088,"current_hp_per_floor":[72,72,72,72,75,31,24,46,46,46,36,38,38,27,50,11,81,62,62,46,44,44,55,55,45,45,42,44,44,0],"items_purged":["Strike_R","Strike_R","Disarm"],"gold":23,"score":325,"play_id":"043572d9-79dd-4615-b884-97c622f2e503","local_time":"20180505182112","is_prod":false,"is_daily":false,"chose_seed":false,"is_ascension_mode":true,"campfire_upgraded":1,"timestamp":1525558872,"path_taken":["M","M","?","?","M","E","?","R","T","?","?","?","$","M","R","BOSS","M","?","?","?","?","E","R","M","T","?","M","$","E"],"build_version":"2018-05-03","seed_source_timestamp":54711461304920,"purchased_purges":3,"victory":false,"master_deck":["Strike_R","Strike_R","Strike_R","Defend_R","Defend_R","Defend_R","Bash","Thunderclap","Cleave","Bash","Feed+1","Flex","Thunderclap","Warcry","Iron Wave","Demon Form","Flex+1","Ghostly+1","Ghostly+1","Ghostly+1","Ghostly+1","Ghostly+1","J.A.X.+1","Bloodletting+1","True Grit+1","Heavy Blade"],"max_hp_per_floor":[72,72,72,72,75,75,75,75,75,75,75,78,78,78,78,81,81,84,84,89,44,44,58,58,62,62,66,70,70,70],"relics":["Burning Blood","Pen Nib","Ancient Tea Set","Toxic Egg 2","Runic Cube","Mango","Gambling Chip"],"card_choices":[{"not_picked":["Armaments","Disarm"],"picked":"Thunderclap","floor":1},{"not_picked":["Combust","Armaments"],"picked":"Cleave","floor":2},{"not_picked":["Ghostly Armor","Perfected Strike"],"picked":"Flex","floor":5},{"not_picked":["Warcry","Rupture"],"picked":"Disarm","floor":6},{"not_picked":["Feed","Armaments"],"picked":"Thunderclap","floor":11},{"not_picked":["Searing Blow","Dual Wield"],"picked":"Warcry","floor":12},{"not_picked":["Perfected Strike","Thunderclap"],"picked":"Iron Wave","floor":14},{"not_picked":["Barricade","Brutality"],"picked":"Demon Form","floor":16},{"not_picked":["Shockwave","Feel No Pain"],"picked":"Flex","floor":18},{"not_picked":["Flex","Evolve"],"picked":"Bloodletting","floor":23},{"not_picked":["Clash","Metallicize"],"picked":"True Grit","floor":25},{"not_picked":["Pommel Strike","Cleave"],"picked":"Heavy Blade","floor":28}],"player_experience":152721,"potions_floor_usage":[6,16,16,18,25,27],"damage_taken":[{"damage":3,"enemies":"Jaw Worm","floor":1,"turns":5},{"damage":6,"enemies":"Cultist","floor":2,"turns":3},{"damage":5,"enemies":"Small Slimes","floor":5,"turns":3},{"damage":50,"enemies":"Lagavulin","floor":6,"turns":7},{"damage":16,"enemies":"Blue Slaver","floor":11,"turns":5},{"damage":7,"enemies":"Large Slime","floor":12,"turns":6},{"damage":17,"enemies":"Exordium Thugs","floor":14,"turns":2},{"damage":48,"enemies":"Slime Boss","floor":16,"turns":9},{"damage":28,"enemies":"2 Thieves","floor":18,"turns":4},{"damage":9,"enemies":"Slavers","floor":23,"turns":5},{"damage":20,"enemies":"3 Byrds","floor":25,"turns":5},{"damage":13,"enemies":"Cultist and Chosen","floor":27,"turns":7},{"damage":8,"enemies":"Sentry and Sphere","floor":28,"turns":6},{"damage":48,"enemies":"Gremlin Leader","floor":30,"turns":7}],"event_choices":[{"event_name":"Match and Keep!","player_choice":"1 cards matched","floor":3,"damage_taken":0},{"event_name":"Golden Wing","player_choice":"Card Removal","floor":7,"damage_taken":0},{"event_name":"Liars Game","player_choice":"agreed","floor":10,"damage_taken":0},{"event_name":"Beggar","player_choice":"Gave Gold","floor":19,"damage_taken":0},{"event_name":"Forgotten Altar","player_choice":"Shed Blood","floor":20,"damage_taken":0},{"event_name":"Ghosts","player_choice":"Became a Ghost","floor":21,"damage_taken":0},{"event_name":"Drug Dealer","player_choice":"Got JAXXED","floor":22,"damage_taken":0}],"boss_relics":[{"not_picked":["Orrery","Astrolabe"],"picked":"Runic Cube"}],"potions_floor_spawned":[5,6,11,16,18,23],"seed_played":"-1525679577783774584","killed_by":"Gremlin Leader","ascension_level":4,"is_trial":false}