{"gold_per_floor":[12,12,29,29,29,54,54,89,89,89,89,105,105,125,125,223,223,239,239,81,94,107,107,107,107,156,199,199,223,266,286,286,379,379,394,130,150,175,175,188,227,127,152,195,214,233,233,248,248,248,248,248,248,48,82,82],"floor_reached":57,"playtime":3971,"items_purged":["Strike_G","Strike_G","Strike_G"],"score":2849,"play_id":"54ce82bc-033a-436c-9b4d-f6fe8b7ea7c3","local_time":"20190209185016","is_ascension_mode":true,"campfire_choices":[{"data":"Crippling Poison","floor":7.0,"key":"SMITH"},{"floor":13.0,"key":"REST"},{"data":"Deadly Poison","floor":15.0,"key":"SMITH"},{"data":"Envenom","floor":23.0,"key":"SMITH"},{"data":"Footwork","floor":25.0,"key":"SMITH"},{"data":"Leg Sweep","floor":28.0,"key":"SMITH"},{"floor":32.0,"key":"REST"},{"floor":47.0,"key":"REST"},{"floor":49.0,"key":"RECALL"},{"data":"Noxious Fumes","floor":53,"key":"SMITH"}],"neow_cost":"NO_GOLD","seed_source_timestamp":0,"circlet_count":0,"master_deck":["AscendersBane","Defend_G","Defend_G","Defend_G","Defend_G","Defend_G","Strike_G+1","Survivor","Neutralize+1","Footwork+1","Crippling Poison+1","Neutralize","Deadly Poison+1","Die Die Die+1","PiercingWail","Bane+1","Acrobatics","Envenom+1","Dash+1","Leg Sweep+1","Dagger Spray+1","Backflip","Backflip","Corpse Explosion","Malaise","Well Laid Plans+1","Backflip","Backflip","PiercingWail","Catalyst","Noxious Fumes+1","Caltrops","Tools of the Trade"],"special_seed":0,"relics":["Ring of the Snake","Incense Burner","Omamori","Bag of Preparation","Bottled Lightning","Golden Idol","Velvet Choker","FossilizedHelix","Nloth\u0027s Gift","Question Card","Pen Nib","Cursed Key","Oddly Smooth Stone","The Courier","Strawberry","Whetstone","Snake Skull","Du-Vu Doll"],"potions_floor_usage":[56,56],"damage_taken":[{"damage":2.0,"enemies":"2 Louse","floor":1.0,"turns":4.0},{"damage":0.0,"enemies":"Cultist","floor":3.0,"turns":6.0},{"damage":5.0,"enemies":"3 Sentries","floor":6.0,"turns":8.0},{"damage":17.0,"enemies":"Gremlin Nob","floor":8.0,"turns":4.0},{"damage":0.0,"enemies":"Small Slimes","floor":12.0,"turns":3.0},{"damage":0.0,"enemies":"2 Fungi Beasts","floor":14.0,"turns":3.0},{"damage":9.0,"enemies":"Hexaghost","floor":16.0,"turns":10.0},{"damage":5.0,"enemies":"Chosen","floor":18.0,"turns":4.0},{"damage":5.0,"enemies":"Spheric Guardian","floor":21.0,"turns":4.0},{"damage":0.0,"enemies":"Chosen and Byrds","floor":22.0,"turns":6.0},{"damage":0.0,"enemies":"Gremlin Leader","floor":27.0,"turns":5.0},{"damage":0.0,"enemies":"Snake Plant","floor":29.0,"turns":4.0},{"damage":0.0,"enemies":"Book of Stabbing","floor":30.0,"turns":5.0},{"damage":0.0,"enemies":"Cultist and Chosen","floor":31.0,"turns":4.0},{"damage":49.0,"enemies":"Automaton","floor":33.0,"turns":14.0},{"damage":0.0,"enemies":"Orb Walker","floor":35.0,"turns":4.0},{"damage":0.0,"enemies":"3 Darklings","floor":37.0,"turns":3.0},{"damage":8.0,"enemies":"Sphere and 2 Shapes","floor":38.0,"turns":5.0},{"damage":0.0,"enemies":"4 Shapes","floor":40.0,"turns":4.0},{"damage":23.0,"enemies":"Giant Head","floor":41.0,"turns":12.0},{"damage":0.0,"enemies":"Nemesis","floor":44.0,"turns":9.0},{"damage":0.0,"enemies":"Spire Growth","floor":45.0,"turns":6.0},{"damage":10.0,"enemies":"Jaw Worm Horde","floor":46.0,"turns":4.0},{"damage":0.0,"enemies":"Maw","floor":48.0,"turns":7.0},{"damage":13.0,"enemies":"Time Eater","floor":50.0,"turns":17.0},{"damage":6,"enemies":"Awakened One","floor":51,"turns":19},{"damage":18,"enemies":"Shield and Spear","floor":55,"turns":6},{"damage":8,"enemies":"The Heart","floor":56,"turns":11}],"seed_played":"-4881003085165039682","potions_obtained":[{"floor":1.0,"key":"SkillPotion"},{"floor":3.0,"key":"Explosive Potion"},{"floor":6.0,"key":"GamblersBrew"},{"floor":18.0,"key":"Dexterity Potion"},{"floor":27.0,"key":"GamblersBrew"},{"floor":37.0,"key":"FairyPotion"},{"floor":40.0,"key":"Ancient Potion"},{"floor":41.0,"key":"SpeedPotion"}],"is_trial":false,"path_per_floor":["M","?","M","?","?","E","R","E","T","?","?","M","R","M","R","B",null,"M","?","$","M","M","R","?","R","T","E","R","M","E","M","R","B",null,"M","$","M","M","?","M","E","$","T","E","M","M","R","M","R","B","B",null,"R","$","E","B",null],"character_chosen":"THE_SILENT","items_purchased":["Leg Sweep","Oddly Smooth Stone","Snake Skull","Caltrops"],"campfire_rested":3,"item_purchase_floors":[20,36,54,54],"current_hp_per_floor":[57,57,57,50,24,19,19,2,2,2,2,2,20,20,20,11,48,43,43,43,38,38,38,38,38,38,38,38,38,38,38,56,7,47,47,47,47,39,39,39,16,16,23,23,23,13,33,33,33,20,14,54,54,54,36,28],"gold":82,"neow_bonus":"ONE_RARE_RELIC","is_prod":false,"is_daily":false,"chose_seed":false,"campfire_upgraded":6,"win_rate":0,"timestamp":1549734616,"path_taken":["M","?","?","?","?","E","R","E","T","?","?","M","R","M","R","BOSS","M","?","$","M","M","R","?","R","T","E","R","?","E","M","R","BOSS","M","$","M","M","?","M","E","$","T","E","M","M","R","M","R","BOSS","BOSS","R","$","E","BOSS"],"build_version":"2019-02-06","purchased_purges":3,"victory":true,"max_hp_per_floor":[66,66,66,66,66,66,66,66,66,66,60,60,60,60,60,60,60,60,60,60,60,60,60,60,60,60,60,60,60,60,60,60,60,60,60,60,60,60,60,60,60,60,67,67,67,67,67,67,67,67,67,67,67,67,67,67],"card_choices":[{"not_picked":["Bane","Dagger Throw"],"picked":"Footwork","floor":1.0},{"not_picked":["Flying Knee","Cloak And Dagger"],"picked":"Deadly Poison","floor":3.0},{"not_picked":["All Out Attack+1","Terror"],"picked":"Die Die Die+1","floor":6.0},{"not_picked":["Deadly Poison","Dodge and Roll"],"picked":"PiercingWail","floor":8.0},{"not_picked":["Caltrops","Slice+1"],"picked":"Bane+1","floor":12.0},{"not_picked":["Bane+1","Dagger Spray+1"],"picked":"Acrobatics","floor":14.0},{"not_picked":["Unload+1","Night Terror"],"picked":"Envenom","floor":16.0},{"not_picked":["Predator+1","Acrobatics"],"picked":"Dash+1","floor":18.0},{"not_picked":["Bouncing Flask","Finisher+1","Dagger Spray+1"],"picked":"SKIP","floor":21.0},{"not_picked":["Bouncing Flask","Finisher+1"],"picked":"Dagger Spray+1","floor":21.0},{"not_picked":["Concentrate","Heel Hook+1"],"picked":"Backflip","floor":22.0},{"not_picked":["Heel Hook+1","Quick Slash"],"picked":"Backflip","floor":27.0},{"not_picked":["Heel Hook","Slice+1","Poisoned Stab+1","Backstab"],"picked":"SKIP","floor":29.0},{"not_picked":["Burst","Deflect+1","Quick Slash+1"],"picked":"Corpse Explosion","floor":30.0},{"not_picked":["Flying Knee","Bane","Tactician+1","Dagger Throw+1"],"picked":"SKIP","floor":31.0},{"not_picked":["Venomology","Die Die Die","Unload"],"picked":"Malaise","floor":33.0},{"not_picked":["Backflip+1","Distraction","Slice"],"picked":"Well Laid Plans+1","floor":35.0},{"not_picked":["Blade Dance","Bane","Acrobatics"],"picked":"Backflip","floor":37.0},{"not_picked":["Bane","Distraction","Quick Slash+1","Prepared+1"],"picked":"SKIP","floor":38.0},{"not_picked":["Deadly Poison","Poisoned Stab","Dagger Throw+1"],"picked":"Backflip","floor":40.0},{"not_picked":["Reflex","Flying Knee","Dagger Throw"],"picked":"PiercingWail","floor":41.0},{"not_picked":["Burst","PiercingWail","Outmaneuver","Poisoned Stab"],"picked":"SKIP","floor":44.0},{"not_picked":["Burst","PiercingWail","Outmaneuver","Poisoned Stab"],"picked":"SKIP","floor":44.0},{"not_picked":["Cloak And Dagger","Bane","Wraith Form v2","Quick Slash"],"picked":"SKIP","floor":45.0},{"not_picked":["Riddle With Holes+1","Backflip","Cloak And Dagger"],"picked":"Catalyst","floor":46.0},{"not_picked":["Deflect","Finisher","Blade Dance+1"],"picked":"Noxious Fumes","floor":48.0},{"not_picked":["Quick Slash","Envenom","Acrobatics+1"],"picked":"Tools of the Trade","floor":55}],"player_experience":960005,"relics_obtained":[{"floor":6.0,"key":"Omamori"},{"floor":8.0,"key":"Bag of Preparation"},{"floor":9.0,"key":"Bottled Lightning"},{"floor":27.0,"key":"Question Card"},{"floor":30.0,"key":"Pen Nib"},{"floor":41.0,"key":"The Courier"},{"floor":43.0,"key":"Strawberry"},{"floor":44.0,"key":"Whetstone"},{"floor":55,"key":"Du-Vu Doll"}],"event_choices":[{"damage_healed":0.0,"max_hp_gain":0.0,"max_hp_loss":0.0,"gold_gain":0.0,"event_name":"Match and Keep!","player_choice":"2 cards matched","floor":2.0,"gold_loss":0.0,"damage_taken":0.0,"cards_obtained":["Crippling Poison","Neutralize"]},{"cards_removed":["Strike_G"],"damage_healed":0.0,"max_hp_gain":0.0,"max_hp_loss":0.0,"gold_gain":0.0,"event_name":"Golden Wing","player_choice":"Card Removal","floor":4.0,"gold_loss":0.0,"damage_taken":7.0},{"damage_healed":0.0,"max_hp_gain":0.0,"max_hp_loss":0.0,"gold_gain":0.0,"event_name":"Scrap Ooze","player_choice":"Success","floor":5.0,"gold_loss":0.0,"damage_taken":26.0,"relics_obtained":["Molten Egg 2"]},{"damage_healed":0.0,"max_hp_gain":0.0,"max_hp_loss":0.0,"gold_gain":0.0,"event_name":"Dead Adventurer","player_choice":"Searched \u00271\u0027 times","floor":10.0,"gold_loss":0.0,"damage_taken":0.0},{"damage_healed":0.0,"max_hp_gain":0.0,"max_hp_loss":6.0,"gold_gain":0.0,"event_name":"Golden Idol","player_choice":"Lose Max HP","floor":11.0,"gold_loss":0.0,"damage_taken":0.0,"relics_obtained":["Golden Idol"]},{"damage_healed":0.0,"max_hp_gain":0.0,"max_hp_loss":0.0,"gold_gain":0.0,"event_name":"The Mausoleum","player_choice":"Opened","floor":19.0,"gold_loss":0.0,"damage_taken":0.0,"relics_obtained":["FossilizedHelix"],"cards_obtained":["Writhe"]},{"damage_healed":0.0,"max_hp_gain":0.0,"max_hp_loss":0.0,"gold_gain":0.0,"event_name":"N\u0027loth","player_choice":"Traded Relic","floor":24.0,"relics_lost":["Molten Egg 2"],"gold_loss":0.0,"damage_taken":0.0,"relics_obtained":["Nloth\u0027s Gift"]},{"damage_healed":0.0,"max_hp_gain":0.0,"max_hp_loss":0.0,"gold_gain":0.0,"event_name":"SensoryStone","player_choice":"Memory 1","floor":39.0,"gold_loss":0.0,"damage_taken":0.0}],"is_beta":true,"boss_relics":[{"not_picked":["Empty Cage","Calling Bell"],"picked":"Velvet Choker"},{"not_picked":["Eternal Feather","Coffee Dripper"],"picked":"Cursed Key"}],"items_purged_floors":[20,36,42],"is_endless":false,"potions_floor_spawned":[1,3,6,18,27,37,40,41,45,55],"ascension_level":20}