{"gold_per_floor":[18,18,32,44,60,90,90,115,139,104,118,130,148,148,148,148],"floor_reached":16,"playtime":1068,"items_purged":[],"score":131,"play_id":"bd8a228b-15b0-41e4-aa53-560df173a8c5","local_time":"20181226031657","is_ascension_mode":true,"campfire_choices":[{"floor":7,"key":"REST"},{"floor":15,"key":"REST"}],"neow_cost":"NO_GOLD","seed_source_timestamp":457697690830635,"circlet_count":0,"master_deck":["Strike_R","Strike_R","Strike_R","Strike_R","Strike_R","Defend_R","Defend_R","Defend_R","Defend_R","Bash","Cleave","Cleave","Searing Blow","Reaper","True Grit","Exhume","Clash","Thunderclap","Barricade+1"],"relics":["Burning Blood","StoneCalendar","Frozen Egg 2","Regal Pillow","Ancient Tea Set","GremlinMask"],"potions_floor_usage":[6,8,16],"damage_taken":[{"damage":5,"enemies":"Jaw Worm","floor":1,"turns":5},{"damage":8,"enemies":"2 Louse","floor":3,"turns":2},{"damage":6,"enemies":"Cultist","floor":4,"turns":3},{"damage":1,"enemies":"Exordium Wildlife","floor":5,"turns":3},{"damage":57,"enemies":"Gremlin Nob","floor":6,"turns":5},{"damage":33,"enemies":"3 Sentries","floor":8,"turns":7},{"damage":15,"enemies":"Red Slaver","floor":11,"turns":5},{"damage":15,"enemies":"Gremlin Gang","floor":12,"turns":5},{"damage":8,"enemies":"Exordium Wildlife","floor":13,"turns":4},{"damage":95,"enemies":"Hexaghost","floor":16,"turns":12}],"seed_played":"-8774019772348167899","potions_obtained":[{"floor":3,"key":"SkillPotion"},{"floor":6,"key":"Energy Potion"},{"floor":13,"key":"Regen Potion"}],"is_trial":false,"path_per_floor":["M","?","M","M","M","E","R","E","T","?","M","M","M","?","R","B"],"character_chosen":"IRONCLAD","items_purchased":[],"campfire_rested":2,"item_purchase_floors":[],"current_hp_per_floor":[80,62,60,60,65,20,59,44,44,64,55,46,44,44,80,0],"gold":148,"neow_bonus":"ONE_RARE_RELIC","is_prod":false,"is_daily":false,"chose_seed":false,"campfire_upgraded":0,"win_rate":0,"timestamp":1545806817,"path_taken":["M","?","M","M","M","E","R","E","T","?","M","M","M","?","R","BOSS"],"build_version":"2018-12-25","purchased_purges":0,"victory":false,"max_hp_per_floor":[80,80,80,80,80,80,80,80,80,80,80,80,80,80,80,80],"card_choices":[{"not_picked":["Clothesline","Wild Strike"],"picked":"Cleave","floor":1},{"not_picked":["Rage","Body Slam"],"picked":"Cleave","floor":3},{"not_picked":["Havoc","Cleave"],"picked":"Searing Blow","floor":4},{"not_picked":["Armaments","Clothesline"],"picked":"Reaper","floor":5},{"not_picked":["Body Slam","Clothesline"],"picked":"True Grit","floor":6},{"not_picked":["Clothesline","Armaments"],"picked":"Exhume","floor":8},{"not_picked":["Body Slam","Blood for Blood"],"picked":"Clash","floor":11},{"not_picked":["Clothesline","Rampage"],"picked":"Thunderclap","floor":12},{"not_picked":["Rampage","Cleave"],"picked":"Barricade+1","floor":13}],"player_experience":544451,"relics_obtained":[{"floor":6,"key":"Regal Pillow"},{"floor":8,"key":"Ancient Tea Set"}],"event_choices":[{"damage_healed":0,"gold_gain":0,"player_choice":"Success","damage_taken":18,"relics_obtained":["Frozen Egg 2"],"max_hp_gain":0,"max_hp_loss":0,"event_name":"Scrap Ooze","floor":2,"gold_loss":0},{"damage_healed":20,"gold_gain":0,"player_choice":"Healed","damage_taken":0,"max_hp_gain":0,"max_hp_loss":0,"event_name":"The Cleric","floor":10,"gold_loss":35},{"damage_healed":0,"gold_gain":0,"player_choice":"Trade","damage_taken":0,"relics_obtained":["GremlinMask"],"max_hp_gain":0,"max_hp_loss":0,"event_name":"FaceTrader","floor":14,"gold_loss":0}],"is_beta":true,"boss_relics":[],"items_purged_floors":[],"is_endless":false,"potions_floor_spawned":[3,6,13],"killed_by":"Hexaghost","ascension_level":3}