{"gold_per_floor":[109,159,170,184,201,201,233,233,233,246,28,28,46,72,72,149,149,161,261,261,275,275,275,275,310,390,390,90,107,107,197,197,272,272,290,31,31,44,56,56,56,74,101,101,101,101,101,119,119,119,119,119,119,33,60,60],"floor_reached":57,"playtime":3403,"items_purged":["Strike_B","Strike_B"],"score":2631,"play_id":"8fcce8f3-7364-42ff-967a-6e887b5128fb","local_time":"20190203124738","is_ascension_mode":true,"campfire_choices":[{"data":"Defragment","floor":6.0,"key":"SMITH"},{"data":"Zap","floor":8.0,"key":"SMITH"},{"floor":15.0,"key":"REST"},{"data":"Reinforced Body","floor":23.0,"key":"SMITH"},{"data":"Reinforced Body","floor":24.0,"key":"SMITH"},{"floor":27.0,"key":"REST"},{"data":"Loop","floor":30.0,"key":"SMITH"},{"floor":32.0,"key":"REST"},{"data":"Capacitor","floor":40.0,"key":"SMITH"},{"floor":41.0,"key":"RECALL"},{"data":"Reboot","floor":45.0,"key":"SMITH"},{"data":"Dualcast","floor":47.0,"key":"SMITH"},{"floor":49.0,"key":"REST"},{"data":"Machine Learning","floor":53.0,"key":"SMITH"}],"neow_cost":"NONE","seed_source_timestamp":0,"circlet_count":0,"master_deck":["AscendersBane","Defend_B","Defend_B+1","Defend_B","Zap+1","Dualcast+1","Reboot+1","Doom and Gloom","Steam+1","Self Repair","Defragment+1","Glacier+1","Ball Lightning","Reinforced Body+1","Machine Learning+1","Reinforced Body+1","Double Energy+1","Ball Lightning","Auto Shields+1","Amplify+1","Loop+1","Conserve Battery+1","Loop+1","Echo Form","Coolheaded+1","Capacitor+1","Force Field+1","Coolheaded+1","Parasite","Compile Driver+1","Hologram+1","Chill+1","Reboot+1","Stack+1"],"special_seed":0,"relics":["Cracked Core","WingedGreaves","Torii","OrangePellets","Du-Vu Doll","Sozu","Pocketwatch","Toxic Egg 2","Pear","Symbiotic Virus","Mummified Hand","Empty Cage","Pen Nib","War Paint"],"potions_floor_usage":[],"damage_taken":[{"damage":0.0,"enemies":"Small Slimes","floor":1.0,"turns":3.0},{"damage":1.0,"enemies":"Cultist","floor":3.0,"turns":3.0},{"damage":2.0,"enemies":"2 Louse","floor":4.0,"turns":2.0},{"damage":11.0,"enemies":"Blue Slaver","floor":5.0,"turns":4.0},{"damage":35.0,"enemies":"3 Sentries","floor":7.0,"turns":6.0},{"damage":1.0,"enemies":"Looter","floor":10.0,"turns":3.0},{"damage":0.0,"enemies":"Gremlin Gang","floor":13.0,"turns":2.0},{"damage":32.0,"enemies":"Gremlin Nob","floor":14.0,"turns":4.0},{"damage":16.0,"enemies":"The Guardian","floor":16.0,"turns":11.0},{"damage":0.0,"enemies":"Chosen","floor":18.0,"turns":5.0},{"damage":13.0,"enemies":"Colosseum Slavers","floor":19.0,"turns":4.0},{"damage":30.0,"enemies":"Colosseum Nobs","floor":19.0,"turns":6.0},{"damage":8.0,"enemies":"Spheric Guardian","floor":21.0,"turns":5.0},{"damage":28.0,"enemies":"Slavers","floor":25.0,"turns":5.0},{"damage":10.0,"enemies":"Snecko","floor":29.0,"turns":5.0},{"damage":28.0,"enemies":"Automaton","floor":33.0,"turns":11.0},{"damage":0.0,"enemies":"3 Shapes","floor":35.0,"turns":5.0},{"damage":1.0,"enemies":"Orb Walker","floor":38.0,"turns":5.0},{"damage":0.0,"enemies":"Writhing Mass","floor":39.0,"turns":6.0},{"damage":30.0,"enemies":"Jaw Worm Horde","floor":42.0,"turns":4.0},{"damage":27.0,"enemies":"4 Shapes","floor":48.0,"turns":6.0},{"damage":29.0,"enemies":"Time Eater","floor":50.0,"turns":13.0},{"damage":0.0,"enemies":"Donu and Deca","floor":51.0,"turns":11.0},{"damage":36.0,"enemies":"Shield and Spear","floor":55.0,"turns":8.0},{"damage":34,"enemies":"The Heart","floor":56,"turns":15}],"seed_played":"3016334671793503294","potions_obtained":[{"floor":4.0,"key":"Explosive Potion"},{"floor":10.0,"key":"Strength Potion"},{"floor":14.0,"key":"SpeedPotion"},{"floor":16.0,"key":"PowerPotion"}],"is_trial":false,"path_per_floor":["M","?","M","M","M","R","E","R","T","M","$","?","M","E","R","B",null,"M","?","?","M","T","R","R","E","T","R","$","M","R","?","R","B",null,"M","$","T","M","M","R","R","M","T","?","R","?","R","M","R","B","B",null,"R","$","E","B",null],"character_chosen":"DEFECT","items_purchased":["OrangePellets","Amplify+1","Loop","Conserve Battery+1","Capacitor","Force Field+1","Reboot+1"],"campfire_rested":4,"item_purchase_floors":[11,28,28,28,36,36,54],"current_hp_per_floor":[64,64,63,61,57,57,29,29,29,35,35,35,35,10,31,22,59,59,30,44,43,53,53,53,32,32,56,56,60,60,44,68,47,73,80,80,80,79,81,81,81,58,58,58,58,58,58,38,61,46,60,73,73,73,51,31],"gold":60,"neow_bonus":"ONE_RANDOM_RARE_CARD","is_prod":false,"is_daily":false,"chose_seed":false,"campfire_upgraded":9,"win_rate":0,"timestamp":1549194458,"path_taken":["M","?","M","M","M","R","E","R","T","M","?","?","M","E","R","BOSS","M","?","?","M","?","R","R","E","T","R","$","?","R","?","R","BOSS","M","$","?","M","M","R","R","M","T","?","R","?","R","?","R","BOSS","BOSS","R","$","E","BOSS"],"build_version":"2019-01-23","purchased_purges":2,"victory":true,"max_hp_per_floor":[71,71,71,71,71,71,71,71,71,71,71,71,71,71,71,71,71,71,71,71,71,81,81,81,81,81,81,81,81,81,81,81,81,81,81,81,81,81,81,81,81,81,81,77,77,77,77,77,77,77,77,77,77,77,77,77],"card_choices":[{"not_picked":["Streamline","Barrage"],"picked":"Doom and Gloom","floor":1.0},{"not_picked":["Cold Snap","Skim"],"picked":"Steam","floor":3.0},{"not_picked":["Hello World","Aggregate"],"picked":"Self Repair","floor":4.0},{"not_picked":["Scrape","Cold Snap"],"picked":"Defragment","floor":5.0},{"not_picked":["Consume","Turbo"],"picked":"Glacier","floor":7.0},{"not_picked":["Skim","Double Energy"],"picked":"Ball Lightning","floor":10.0},{"not_picked":["Genetic Algorithm","Steam Power"],"picked":"Reinforced Body","floor":13.0},{"not_picked":["Stack","Beam Cell","Sweeping Beam"],"picked":"SKIP","floor":14.0},{"not_picked":["Thunder Strike","Creative AI"],"picked":"Machine Learning","floor":16.0},{"not_picked":["Barrage","Sweeping Beam"],"picked":"Reinforced Body","floor":18.0},{"not_picked":["Conserve Battery","Leap+1"],"picked":"Double Energy+1","floor":19.0},{"not_picked":["Lockon","Sweeping Beam"],"picked":"Ball Lightning","floor":21.0},{"not_picked":["Rebound","Aggregate+1"],"picked":"Auto Shields+1","floor":25.0},{"not_picked":["Stack+1","Scrape"],"picked":"Loop+1","floor":29.0},{"not_picked":["Rainbow+1","Creative AI"],"picked":"Echo Form","floor":33.0},{"not_picked":["Defragment","Capacitor"],"picked":"Coolheaded+1","floor":35.0},{"not_picked":["Barrage+1","Sweeping Beam+1"],"picked":"Coolheaded+1","floor":38.0},{"not_picked":["Skim+1","Turbo+1"],"picked":"Compile Driver+1","floor":39.0},{"not_picked":["Go for the Eyes","Leap+1","Sweeping Beam"],"picked":"SKIP","floor":42.0},{"not_picked":["Beam Cell","Conserve Battery+1"],"picked":"Chill+1","floor":48.0},{"not_picked":["Hello World","Loop"],"picked":"Stack+1","floor":55.0}],"player_experience":946581,"relics_obtained":[{"floor":7.0,"key":"WingedGreaves"},{"floor":9.0,"key":"Torii"},{"floor":14.0,"key":"Du-Vu Doll"},{"floor":19.0,"key":"Pocketwatch"},{"floor":19.0,"key":"Toxic Egg 2"},{"floor":22.0,"key":"Pear"},{"floor":25.0,"key":"Symbiotic Virus"},{"floor":26.0,"key":"Mummified Hand"},{"floor":43.0,"key":"Pen Nib"},{"floor":55.0,"key":"War Paint"}],"event_choices":[{"damage_healed":0.0,"max_hp_gain":0.0,"max_hp_loss":0.0,"gold_gain":50.0,"event_name":"Golden Shrine","player_choice":"Pray","floor":2.0,"gold_loss":0.0,"damage_taken":0.0},{"damage_healed":0.0,"max_hp_gain":0.0,"max_hp_loss":0.0,"gold_gain":0.0,"event_name":"Living Wall","player_choice":"Grow","floor":12.0,"gold_loss":0.0,"damage_taken":0.0,"cards_upgraded":["Steam"]},{"damage_healed":0.0,"max_hp_gain":0.0,"max_hp_loss":0.0,"gold_gain":0.0,"event_name":"Colosseum","player_choice":"Fight","floor":19.0,"gold_loss":0.0,"damage_taken":0.0},{"damage_healed":0.0,"max_hp_gain":0.0,"max_hp_loss":0.0,"gold_gain":0.0,"event_name":"Colosseum","player_choice":"Fought Nobs","floor":19.0,"gold_loss":0.0,"damage_taken":0.0},{"damage_healed":14.0,"max_hp_gain":0.0,"max_hp_loss":0.0,"gold_gain":0.0,"event_name":"The Library","player_choice":"Heal","floor":20.0,"gold_loss":0.0,"damage_taken":0.0},{"damage_healed":0.0,"max_hp_gain":0.0,"max_hp_loss":0.0,"gold_gain":90.0,"event_name":"Knowing Skull","player_choice":"GOLD ","floor":31.0,"potions_obtained":[],"gold_loss":0.0,"damage_taken":16.0,"cards_obtained":[]},{"damage_healed":0.0,"max_hp_gain":0.0,"max_hp_loss":4.0,"gold_gain":0.0,"event_name":"Winding Halls","player_choice":"Max HP","floor":44.0,"gold_loss":0.0,"damage_taken":0.0},{"damage_healed":0.0,"max_hp_gain":0.0,"max_hp_loss":0.0,"gold_gain":0.0,"cards_transformed":["Defend_B"],"event_name":"Transmorgrifier","player_choice":"Transformed","floor":46.0,"gold_loss":0.0,"damage_taken":0.0,"cards_obtained":["Hologram"]}],"is_beta":true,"boss_relics":[{"not_picked":["White Beast Statue","Coffee Dripper"],"picked":"Sozu"},{"not_picked":["Eternal Feather","Tiny House"],"picked":"Empty Cage"}],"items_purged_floors":[28,36],"is_endless":false,"potions_floor_spawned":[4,10,14,16,19,25,33,38,39,42],"ascension_level":20}