{"gold_per_floor":[110,110,128,146,146,146,180,180,180,191,201,230,250,261,261,362,362,362,362,362,362,31,31,31,31,31,31,31],"floor_reached":28,"playtime":1702,"items_purged":[],"score":403,"play_id":"a6685d6b-e44e-4d0d-a231-ef1c1908aa20","local_time":"20190123190632","is_ascension_mode":true,"campfire_choices":[{"data":"Neutralize","floor":6.0,"key":"SMITH"},{"data":"Dodge and Roll","floor":8.0,"key":"SMITH"},{"data":"Noxious Fumes","floor":15.0,"key":"SMITH"},{"floor":24.0,"key":"REST"}],"neow_cost":"NONE","seed_source_timestamp":457452326689998,"circlet_count":0,"master_deck":["AscendersBane","Defend_G","Defend_G","Defend_G","Defend_G","Defend_G","Strike_G","Strike_G","Strike_G","Strike_G","Survivor","Neutralize+1","Dodge and Roll+1","Flying Knee","Dagger Throw","Backflip","Noxious Fumes+1","Poisoned Stab","Flying Knee","Dagger Spray","Dodge and Roll","Bullet Time","Dash","Terror","RitualDagger","Crippling Poison","Well Laid Plans","Footwork","Deflect+1","Concentrate+1"],"special_seed":0,"relics":["Ring of the Snake","Anchor","The Courier","Blue Candle","Pen Nib","Singing Bowl","Ectoplasm","Toxic Egg 2","Unceasing Top","Bottled Tornado"],"potions_floor_usage":[],"damage_taken":[{"damage":0.0,"enemies":"Small Slimes","floor":1.0,"turns":4.0},{"damage":1.0,"enemies":"Cultist","floor":3.0,"turns":4.0},{"damage":7.0,"enemies":"Jaw Worm","floor":4.0,"turns":4.0},{"damage":13.0,"enemies":"3 Sentries","floor":7.0,"turns":10.0},{"damage":3.0,"enemies":"Exordium Wildlife","floor":10.0,"turns":6.0},{"damage":0.0,"enemies":"Lots of Slimes","floor":11.0,"turns":2.0},{"damage":23.0,"enemies":"Gremlin Nob","floor":12.0,"turns":4.0},{"damage":3.0,"enemies":"Large Slime","floor":13.0,"turns":4.0},{"damage":0.0,"enemies":"2 Fungi Beasts","floor":14.0,"turns":2.0},{"damage":7.0,"enemies":"Hexaghost","floor":16.0,"turns":9.0},{"damage":7.0,"enemies":"Spheric Guardian","floor":18.0,"turns":5.0},{"damage":5.0,"enemies":"Shell Parasite","floor":19.0,"turns":5.0},{"damage":8.0,"enemies":"Snecko","floor":21.0,"turns":7.0},{"damage":28.0,"enemies":"Book of Stabbing","floor":23.0,"turns":7.0},{"damage":0.0,"enemies":"3 Cultists","floor":27.0,"turns":6.0},{"damage":25,"enemies":"Centurion and Healer","floor":28,"turns":3}],"seed_played":"1510259986834468724","potions_obtained":[{"floor":1.0,"key":"AttackPotion"},{"floor":5.0,"key":"SkillPotion"},{"floor":11.0,"key":"LiquidBronze"},{"floor":12.0,"key":"Regen Potion"},{"floor":13.0,"key":"GhostInAJar"},{"floor":21.0,"key":"Block Potion"},{"floor":27,"key":"Fire Potion"}],"is_trial":false,"path_per_floor":["?","?","M","M","?","?","M"],"character_chosen":"THE_SILENT","items_purchased":["Well Laid Plans","Footwork","Toxic Egg 2"],"campfire_rested":1,"item_purchase_floors":[22,22,22],"current_hp_per_floor":[63,56,55,48,48,48,35,35,35,32,32,9,20,20,20,13,56,49,44,38,30,30,2,23,23,23,23,0],"gold":31,"neow_bonus":"RANDOM_COMMON_RELIC","is_prod":false,"is_daily":false,"chose_seed":false,"campfire_upgraded":3,"win_rate":0,"timestamp":1548266792,"path_taken":["M","?","M","M","?","R","E","R","T","?","?","E","M","M","R","BOSS","M","M","?","M","$","E","R","?","T","?","M"],"build_version":"2019-01-23","purchased_purges":0,"victory":false,"max_hp_per_floor":[70,70,70,70,70,70,70,70,70,70,70,70,70,70,70,70,70,70,70,70,70,70,70,70,70,70,70,70],"card_choices":[{"not_picked":["Distraction","PiercingWail"],"picked":"Dodge and Roll","floor":1.0},{"not_picked":["PiercingWail","Distraction"],"picked":"Flying Knee","floor":3.0},{"not_picked":["Heel Hook","Dodge and Roll"],"picked":"Dagger Throw","floor":4.0},{"not_picked":["Expertise","Deflect"],"picked":"Backflip","floor":7.0},{"not_picked":["Backflip","Poisoned Stab"],"picked":"Noxious Fumes","floor":10.0},{"not_picked":["Tactician","Corpse Explosion"],"picked":"Poisoned Stab","floor":11.0},{"not_picked":["Sucker Punch","Quick Slash"],"picked":"Flying Knee","floor":12.0},{"not_picked":["PiercingWail","Quick Slash"],"picked":"Dagger Spray","floor":13.0},{"not_picked":["Prepared","All Out Attack"],"picked":"Dodge and Roll","floor":14.0},{"not_picked":["Venomology","Doppelganger"],"picked":"Bullet Time","floor":16.0},{"not_picked":["Distraction","Sucker Punch"],"picked":"Dash","floor":18.0},{"not_picked":["Deadly Poison","Dagger Spray"],"picked":"Terror","floor":19.0},{"not_picked":["Escape Plan","Backflip"],"picked":"Crippling Poison","floor":21.0},{"not_picked":["Glass Knife","Dash+1"],"picked":"Deflect+1","floor":23.0},{"not_picked":["Quick Slash","Acrobatics+1"],"picked":"Concentrate+1","floor":27}],"player_experience":371194,"relics_obtained":[{"floor":7.0,"key":"Blue Candle"},{"floor":9.0,"key":"Pen Nib"},{"floor":12.0,"key":"Singing Bowl"},{"floor":23.0,"key":"Unceasing Top"},{"floor":26.0,"key":"Bottled Tornado"}],"event_choices":[{"damage_healed":0.0,"max_hp_gain":0.0,"max_hp_loss":0.0,"gold_gain":0.0,"event_name":"Scrap Ooze","player_choice":"Success","floor":2.0,"gold_loss":0.0,"damage_taken":7.0,"relics_obtained":["The Courier"]},{"damage_healed":0.0,"max_hp_gain":0.0,"max_hp_loss":0.0,"gold_gain":0.0,"event_name":"Lab","player_choice":"Got Potions","floor":5.0,"gold_loss":0.0,"damage_taken":0.0},{"damage_healed":0.0,"max_hp_gain":0.0,"max_hp_loss":0.0,"gold_gain":0.0,"event_name":"Nest","player_choice":"Joined the Cult","floor":20.0,"gold_loss":0.0,"damage_taken":6.0,"cards_obtained":["RitualDagger"]},{"cards_removed":["Strike_G"],"damage_healed":0.0,"max_hp_gain":0.0,"max_hp_loss":0.0,"gold_gain":0.0,"event_name":"Wheel of Change","player_choice":"Card Removal","floor":25.0,"gold_loss":0.0,"damage_taken":0.0}],"is_beta":false,"boss_relics":[{"not_picked":["Runic Dome","Velvet Choker"],"picked":"Ectoplasm"}],"items_purged_floors":[],"is_endless":false,"potions_floor_spawned":[1,11,12,13,14,21,27],"killed_by":"Centurion and Healer","ascension_level":12}