{"path_per_floor":["M","?","M","M","M","R","E","$","T","M","R","?","M","M","R","B",null,"M","?","?","$","M","R","?","R","T","E","$","M","R","$","R","B",null,"M","?","M","M","$","R","E","?","T","M","E","?","M","M","R"],"character_chosen":"IRONCLAD","items_purchased":["Medical Kit","Transmutation","Panache","Whirlwind"],"gold_per_floor":[109,109,125,149,163,163,196,3,50,64,64,64,80,94,94,218,218,239,439,439,244,238,238,238,238,238,271,0,14,14,14,14,137,137,162,162,186,205,205,205,238,238,238,259,293,0,25,49,49],"floor_reached":50,"campfire_rested":5,"playtime":4950,"current_hp_per_floor":[77,57,62,58,34,58,54,54,54,48,72,72,80,80,80,27,80,53,53,53,53,53,77,77,77,77,56,56,55,80,80,80,43,80,54,54,59,73,73,73,80,70,70,60,37,37,39,24,63],"items_purged":[],"gold":49,"play_id":"5e055c01-a0cd-458d-9d89-31b84905e19a","is_prod":false,"is_daily":false,"is_ascension_mode":false,"campfire_upgraded":4,"path_taken":["M","?","M","?","M","R","E","$","T","M","R","?","M","?","R","BOSS","M","?","?","?","?","R","?","R","T","E","$","M","R","?","R","BOSS","M","?","M","M","$","R","E","?","T","M","E","?","M","M","R","BOSS"],"build_version":"2018-02-01-PROD3","purchased_purges":0,"victory":false,"master_deck":["Strike_R","Strike_R","Strike_R","Strike_R","Defend_R","Defend_R","Defend_R","Defend_R","Bash","Impervious","Cleave+1","Flex+1","Shockwave","Reaper","Sword Boomerang","Shrug It Off","Power Through","Battle Trance","Offering","Perfected Strike+1","Transmutation","Iron Wave","Spot Weakness","Panache","Whirlwind+1","Rampage","Barricade","Perfected Strike","Body Slam","Flex+1","Clothesline+1","Madness","Madness","Armaments+1","Perfected Strike","Pommel Strike","Iron Wave+1"],"max_hp_per_floor":[80,80,80,80,80,80,80,80,80,80,80,80,80,80,80,80,80,80,80,80,80,80,80,80,80,80,80,80,80,80,80,80,80,80,80,80,80,80,80,80,80,80,80,80,80,80,80,80,80],"relics":["Burning Blood","Golden Idol","Gremlin Horn","Medical Kit","Ancient Tea Set","Black Star","Thread and Needle","Anchor","Regal Pillow","Mark of Pain","Letter Opener","Mummified Hand","Ginger","Bronze Scales","Pen Nib","Red Mask"],"card_choices":[{"not_picked":["Heavy Blade","Warcry"],"picked":"Cleave"},{"not_picked":["Inflame","Disarm"],"picked":"Flex"},{"not_picked":["Warcry","Body Slam"],"picked":"Shockwave"},{"not_picked":["Body Slam","Disarm"],"picked":"Reaper"},{"not_picked":["Metallicize","Corruption"],"picked":"Sword Boomerang"},{"not_picked":["Burning Pact","Pommel Strike"],"picked":"Shrug It Off"},{"not_picked":["Seeing Red","Feel No Pain"],"picked":"Power Through"},{"not_picked":["Clothesline","Clash"],"picked":"Battle Trance"},{"not_picked":["Limit Break","Impervious"],"picked":"Offering"},{"not_picked":["Sever Soul","Combust"],"picked":"Perfected Strike"},{"not_picked":["Flex","Corruption"],"picked":"Iron Wave"},{"not_picked":["Pummel","Dropkick"],"picked":"Spot Weakness"},{"not_picked":["Cleave","Headbutt"],"picked":"Rampage"},{"not_picked":["Brutality","Fiend Fire"],"picked":"Barricade"},{"not_picked":["Warcry","Clash"],"picked":"Perfected Strike"},{"not_picked":["Cleave","Headbutt"],"picked":"Body Slam"},{"not_picked":["Disarm","Hemokinesis"],"picked":"Flex"},{"not_picked":["Hemokinesis","Rage"],"picked":"Clothesline"},{"not_picked":["Disarm","Clash"],"picked":"Armaments"},{"not_picked":["Iron Wave","Flex"],"picked":"Perfected Strike"},{"not_picked":["Iron Wave","Seeing Red"],"picked":"Pommel Strike"},{"not_picked":["Warcry","Flex"],"picked":"Iron Wave"}],"player_experience":20353,"potions_floor_usage":[7,14,16,16,18,22,22,22,27,33,33,37,41,50],"damage_taken":[{"damage":9,"enemies":"2 Louse","floor":1,"turns":3},{"damage":1,"enemies":"Jaw Worm","floor":3,"turns":4},{"damage":10,"enemies":"Small Slimes","floor":4,"turns":3},{"damage":30,"enemies":"Exordium Wildlife","floor":5,"turns":7},{"damage":28,"enemies":"3 Sentries","floor":7,"turns":11},{"damage":18,"enemies":"Large Slime","floor":10,"turns":5},{"damage":0,"enemies":"2 Fungi Beasts","floor":13,"turns":2},{"damage":0,"enemies":"Lots of Slimes","floor":14,"turns":1},{"damage":78,"enemies":"The Guardian","floor":16,"turns":20},{"damage":33,"enemies":"Spheric Guardian","floor":18,"turns":8},{"damage":12,"enemies":"2 Thieves","floor":22,"turns":4},{"damage":27,"enemies":"Slavers","floor":27,"turns":6},{"damage":7,"enemies":"3 Cultists","floor":29,"turns":4},{"damage":43,"enemies":"Automaton","floor":33,"turns":7},{"damage":32,"enemies":"3 Shapes","floor":35,"turns":4},{"damage":4,"enemies":"Orb Walker","floor":37,"turns":2},{"damage":4,"enemies":"Maw","floor":38,"turns":8},{"damage":17,"enemies":"2 Orb Walkers","floor":41,"turns":4},{"damage":16,"enemies":"Sphere and 2 Shapes","floor":44,"turns":3},{"damage":29,"enemies":"Nemesis","floor":45,"turns":13},{"damage":4,"enemies":"3 Darklings","floor":47,"turns":2},{"damage":27,"enemies":"Maw","floor":48,"turns":6},{"damage":73,"enemies":"Donu and Deca","floor":50,"turns":6}],"event_choices":[{"event_name":"Golden Idol","player_choice":"Take Damage","floor":2,"damage_taken":0},{"event_name":"The Cleric","player_choice":"Leave","floor":12,"damage_taken":0},{"event_name":"Wheel of Change","player_choice":"Gold","floor":19,"damage_taken":0},{"event_name":"The Lab","player_choice":"Got Potions","floor":20,"damage_taken":0},{"event_name":"Vampires","player_choice":"Ignored","floor":24,"damage_taken":0},{"event_name":"Winding Halls","player_choice":"Embrace Madness","floor":42,"damage_taken":0},{"event_name":"Tomb of Lord Red Mask","player_choice":"Paid","floor":46,"damage_taken":0}],"boss_relics":[{"not_picked":["Snecko Eye","Runic Cube"],"picked":"Black Star"},{"not_picked":["Philosopher\u0027s Stone","Tiny House"],"picked":"Mark of Pain"}],"potions_floor_spawned":[3,10,13,14,16,18,22,27,29,35,38,48],"seed_played":"-3583689931936809678","killed_by":"Donu and Deca","ascension_level":0,"is_trial":false}