{"gold_per_floor":[118,118,133,152,40,66,141,141,141,176,225,47,58,58,58,129,129,143,143,143,143,193,193,208,128,128,128,128,147,147,159,159,159],"floor_reached":33,"playtime":1044,"items_purged":["Pain"],"score":502,"play_id":"e7a162e3-35fb-418c-b53a-9e2e7ecd0c94","local_time":"20190223100856","is_ascension_mode":true,"campfire_choices":[{"data":"Whirlwind","floor":8,"key":"SMITH"},{"data":"Corruption","floor":15,"key":"SMITH"},{"floor":23,"key":"REST"},{"floor":28,"key":"REST"},{"floor":30,"key":"REST"},{"floor":32,"key":"RECALL"}],"neow_cost":"NONE","seed_source_timestamp":15601910157470199,"circlet_count":0,"master_deck":["AscendersBane","Strike_R","Strike_R","Strike_R","Strike_R","Strike_R","Defend_R","Defend_R","Defend_R","Defend_R","Bash","Pommel Strike","Battle Trance","Flex","Dropkick","Whirlwind+1","Seeing Red","Corruption+1","Sentinel","Sword Boomerang+1","Reaper+1","Power Through","Iron Wave+1","Whirlwind+1","Spot Weakness","Headbutt+1"],"relics":["Burning Blood","NeowsBlessing","WarpedTongs","Happy Flower","Molten Egg 2","Vajra","Orichalcum","Fusion Hammer","MutagenicStrength","Self Forming Clay"],"potions_floor_usage":[6,16,16,33,33],"damage_taken":[{"damage":0,"enemies":"2 Louse","floor":1,"turns":1},{"damage":0,"enemies":"Cultist","floor":3,"turns":1},{"damage":1,"enemies":"Jaw Worm","floor":4,"turns":1},{"damage":6,"enemies":"Gremlin Nob","floor":6,"turns":3},{"damage":15,"enemies":"3 Sentries","floor":10,"turns":4},{"damage":0,"enemies":"Exordium Wildlife","floor":13,"turns":2},{"damage":12,"enemies":"Slime Boss","floor":16,"turns":8},{"damage":22,"enemies":"Spheric Guardian","floor":18,"turns":4},{"damage":29,"enemies":"Shell Parasite","floor":24,"turns":5},{"damage":15,"enemies":"Chosen and Byrds","floor":29,"turns":6},{"damage":0,"enemies":"Snake Plant","floor":31,"turns":1},{"damage":91,"enemies":"Automaton","floor":33,"turns":8}],"seed_played":"-4779410418689497250","potions_obtained":[{"floor":4,"key":"AttackPotion"},{"floor":6,"key":"LiquidBronze"},{"floor":13,"key":"PowerPotion"},{"floor":16,"key":"Poison Potion"},{"floor":31,"key":"SteroidPotion"}],"is_trial":false,"path_per_floor":["M","?","M","M","$","E","?","R","T","E","T","$","M","?","R","B",null,"M","$","?","$","?","R","M","$","T","?","R","M","R","M","R","B"],"character_chosen":"IRONCLAD","items_purchased":["Dropkick","Corruption","Sentinel","Whirlwind+1"],"campfire_rested":3,"item_purchase_floors":[5,12,12,25],"current_hp_per_floor":[74,74,75,75,75,75,64,64,64,55,55,55,61,61,61,55,70,54,54,54,54,47,69,56,56,56,56,75,66,75,75,75,0],"gold":159,"neow_bonus":"THREE_ENEMY_KILL","is_prod":false,"is_daily":false,"chose_seed":false,"campfire_upgraded":2,"win_rate":0,"timestamp":1550912936,"path_taken":["M","?","M","?","$","E","?","R","T","E","?","$","M","?","R","BOSS","M","$","?","$","?","R","?","$","T","?","R","M","R","M","R","BOSS"],"build_version":"2019-01-23","purchased_purges":1,"victory":false,"max_hp_per_floor":[75,75,75,75,75,75,75,75,75,75,75,75,75,75,75,75,75,75,75,75,75,75,75,75,75,75,75,75,75,75,75,75,75],"card_choices":[{"not_picked":["Clothesline","Headbutt"],"picked":"Pommel Strike","floor":1},{"not_picked":["Corruption","Wild Strike"],"picked":"Battle Trance","floor":3},{"not_picked":["Wild Strike","Double Tap"],"picked":"Flex","floor":4},{"not_picked":["Limit Break","Heavy Blade"],"picked":"Whirlwind","floor":6},{"not_picked":["Sword Boomerang+1","Twin Strike+1"],"picked":"Seeing Red","floor":10},{"not_picked":["True Grit","Rupture"],"picked":"Sword Boomerang+1","floor":13},{"not_picked":["Impervious","Barricade"],"picked":"Reaper+1","floor":16},{"not_picked":["Shrug It Off","Clothesline+1"],"picked":"Power Through","floor":18},{"not_picked":["Twin Strike+1","Thunderclap+1"],"picked":"Iron Wave+1","floor":24},{"not_picked":["Sword Boomerang+1","Body Slam+1","Thunderclap+1"],"picked":"SKIP","floor":29},{"not_picked":["Juggernaut","Second Wind"],"picked":"Headbutt+1","floor":31}],"player_experience":433150,"relics_obtained":[{"floor":6,"key":"Happy Flower"},{"floor":9,"key":"Molten Egg 2"},{"floor":10,"key":"Vajra"},{"floor":11,"key":"Orichalcum"},{"floor":26,"key":"Self Forming Clay"}],"event_choices":[{"damage_healed":0,"gold_gain":0,"player_choice":"Rummage","damage_taken":0,"relics_obtained":["WarpedTongs"],"max_hp_gain":0,"max_hp_loss":0,"event_name":"Accursed Blacksmith","floor":2,"gold_loss":0,"cards_obtained":["Pain"]},{"damage_healed":0,"gold_gain":75,"player_choice":"Gather Gold","damage_taken":11,"max_hp_gain":0,"max_hp_loss":0,"event_name":"World of Goop","floor":7,"gold_loss":0},{"damage_healed":0,"gold_gain":0,"player_choice":"Leave","damage_taken":0,"max_hp_gain":0,"max_hp_loss":0,"event_name":"The Cleric","floor":14,"gold_loss":0},{"damage_healed":0,"gold_gain":0,"player_choice":"Inject Mutagens","damage_taken":0,"relics_obtained":["MutagenicStrength"],"max_hp_gain":0,"max_hp_loss":0,"event_name":"Drug Dealer","floor":20,"gold_loss":0},{"damage_healed":0,"gold_gain":50,"player_choice":"Touch","damage_taken":7,"max_hp_gain":0,"max_hp_loss":0,"event_name":"FaceTrader","floor":22,"gold_loss":0},{"damage_healed":0,"gold_gain":0,"player_choice":"Read","damage_taken":0,"max_hp_gain":0,"max_hp_loss":0,"event_name":"The Library","floor":27,"gold_loss":0,"cards_obtained":["Spot Weakness"]}],"is_beta":false,"boss_relics":[{"not_picked":["Calling Bell","Runic Cube"],"picked":"Fusion Hammer"}],"items_purged_floors":[5],"is_endless":false,"potions_floor_spawned":[4,6,13,16,31],"killed_by":"Automaton","ascension_level":20}