{"gold_per_floor":[117,0,0,18,38,69,69,87,87,118,118,118,135,155,155,229,229,239,59,0,17,17,43,43,43],"floor_reached":25,"playtime":816,"items_purged":["Strike_B","Parasite"],"score":464,"play_id":"5a22b712-2604-4c6e-ab76-15483d1045ea","local_time":"20190224230655","is_ascension_mode":true,"campfire_choices":[{"floor":7,"key":"REST"},{"floor":12,"key":"REST"},{"data":"Hologram","floor":15,"key":"SMITH"},{"floor":24,"key":"REST"}],"neow_cost":"NONE","seed_source_timestamp":735468283160886,"circlet_count":0,"master_deck":["AscendersBane","Defend_B","Defend_B","Defend_B","Defend_B","Zap","Dualcast","Sweeping Beam+1","Darkness","Hologram+1","BootSequence","Chaos","Gash","Hologram","Hologram","Gash","Echo Form","Conserve Battery","Sunder","Genetic Algorithm+1","Bite","Bite+1","Bite","Bite","Bite"],"relics":["Cracked Core","PreservedInsect","Bottled Lightning","Strawberry","DataDisk","Black Star","Potion Belt","Whetstone"],"potions_floor_usage":[6,14,23,23,25],"damage_taken":[{"damage":2,"enemies":"Cultist","floor":1,"turns":4},{"damage":2,"enemies":"Jaw Worm","floor":4,"turns":3},{"damage":0,"enemies":"2 Louse","floor":5,"turns":2},{"damage":17,"enemies":"Lagavulin","floor":6,"turns":4},{"damage":2,"enemies":"Looter","floor":8,"turns":3},{"damage":27,"enemies":"3 Sentries","floor":10,"turns":7},{"damage":2,"enemies":"3 Louse","floor":13,"turns":3},{"damage":10,"enemies":"Exordium Thugs","floor":14,"turns":4},{"damage":23,"enemies":"Slime Boss","floor":16,"turns":5},{"damage":29,"enemies":"Chosen","floor":18,"turns":6},{"damage":23,"enemies":"2 Thieves","floor":21,"turns":4},{"damage":18,"enemies":"Slavers","floor":23,"turns":3},{"damage":33,"enemies":"Book of Stabbing","floor":25,"turns":3}],"seed_played":"-2737796431322619399","potions_obtained":[{"floor":1,"key":"Energy Potion"},{"floor":10,"key":"Poison Potion"},{"floor":13,"key":"Explosive Potion"},{"floor":16,"key":"Dexterity Potion"},{"floor":23,"key":"FocusPotion"}],"is_trial":false,"path_per_floor":["M","$","?","M","M","E","R","M","T","E","?","R","M","M","R","B",null,"M","$","?","M","?","E","R","E"],"character_chosen":"DEFECT","items_purchased":["Darkness","Sunder"],"campfire_rested":3,"item_purchase_floors":[2,19],"current_hp_per_floor":[69,69,34,32,32,15,38,36,43,16,37,62,60,50,50,27,71,42,42,42,19,19,5,22,0],"gold":43,"neow_bonus":"TEN_PERCENT_HP_BONUS","is_prod":false,"is_daily":false,"chose_seed":false,"campfire_upgraded":1,"win_rate":0,"timestamp":1551042415,"path_taken":["M","$","?","M","M","E","R","M","T","E","?","R","M","M","R","BOSS","M","$","?","M","?","E","R","E"],"build_version":"2019-01-23","purchased_purges":2,"victory":false,"max_hp_per_floor":[78,78,78,78,78,78,78,78,85,85,85,85,85,85,85,85,85,85,82,82,82,57,57,57,57],"card_choices":[{"not_picked":["Beam Cell","Turbo"],"picked":"Sweeping Beam","floor":1},{"not_picked":["Leap","Steam"],"picked":"Hologram","floor":4},{"not_picked":["Redo","Beam Cell"],"picked":"BootSequence","floor":5},{"not_picked":["Scrape","Turbo"],"picked":"Chaos","floor":6},{"not_picked":["Ball Lightning","Genetic Algorithm"],"picked":"Gash","floor":8},{"not_picked":["Chaos","Redo"],"picked":"Hologram","floor":10},{"not_picked":["Redo","Melter"],"picked":"Hologram","floor":13},{"not_picked":["Meteor Strike","Rebound"],"picked":"Gash","floor":14},{"not_picked":["Machine Learning","All For One"],"picked":"Echo Form","floor":16},{"not_picked":["Recycle","Go for the Eyes"],"picked":"Conserve Battery","floor":18},{"not_picked":["Rebound","Leap"],"picked":"Genetic Algorithm+1","floor":21},{"not_picked":["Compile Driver","Double Energy+1","Reprogram"],"picked":"SKIP","floor":23}],"player_experience":751427,"relics_obtained":[{"floor":6,"key":"Bottled Lightning"},{"floor":9,"key":"Strawberry"},{"floor":10,"key":"DataDisk"},{"floor":23,"key":"Potion Belt"},{"floor":23,"key":"Whetstone"}],"event_choices":[{"damage_healed":0,"gold_gain":0,"player_choice":"Success","damage_taken":35,"relics_obtained":["PreservedInsect"],"max_hp_gain":0,"max_hp_loss":0,"event_name":"Scrap Ooze","floor":3,"gold_loss":0},{"damage_healed":21,"gold_gain":0,"player_choice":"Healed and dodged fight","damage_taken":0,"max_hp_gain":0,"max_hp_loss":0,"event_name":"Mushrooms","floor":11,"gold_loss":0,"cards_obtained":["Parasite"]},{"damage_healed":0,"gold_gain":0,"player_choice":"Paid Fearfully","damage_taken":0,"max_hp_gain":0,"max_hp_loss":0,"event_name":"Masked Bandits","floor":20,"gold_loss":59},{"damage_healed":0,"gold_gain":0,"player_choice":"Became a vampire","damage_taken":0,"max_hp_gain":0,"max_hp_loss":25,"event_name":"Vampires","floor":22,"gold_loss":0,"cards_obtained":["Bite","Bite","Bite","Bite","Bite"]}],"is_beta":false,"boss_relics":[{"not_picked":["Runic Pyramid","Fusion Hammer"],"picked":"Black Star"}],"items_purged_floors":[2,19],"is_endless":false,"potions_floor_spawned":[1,10,13,16,21,23],"killed_by":"Book of Stabbing","ascension_level":18}