{"path_per_floor":["M","M","$","?","M","E","R","M","T","R","M","M","?","M","R","B",null,"M","?","M","M","$","R","M","M","T","E","M"],"character_chosen":"DEFECT","items_purchased":["Bag of Marbles","Frozen Egg 2","Block Potion","Magnetism"],"gold_per_floor":[144,189,114,114,159,249,249,294,294,294,339,384,384,429,429,729,729,774,858,903,948,215,215,260,305,355,445,490,490],"floor_reached":29,"campfire_rested":4,"playtime":2673,"current_hp_per_floor":[69,69,69,69,62,48,70,63,63,75,67,54,54,54,75,55,75,69,57,37,43,43,65,61,55,55,19,19,0],"items_purged":["Impulse","Amplify"],"gold":490,"score":326,"play_id":"149117f5-be8d-4867-ad82-1eb07c804502","local_time":"20180503044949","daily_mods":["Insanity","Midas","Uncertain Future"],"is_prod":false,"is_daily":true,"chose_seed":false,"is_ascension_mode":false,"campfire_upgraded":0,"timestamp":1525331989,"path_taken":["M","M","$","?","M","E","R","?","T","R","M","M","?","M","R","BOSS","M","?","M","M","$","R","M","?","T","E","M","M"],"build_version":"2018-05-01v2","seed_source_timestamp":0,"purchased_purges":2,"victory":false,"master_deck":["FTL","Creative AI","Tempest","Hyperbeam","Defragment","Doom and Gloom","Rainbow","All For One","Seek","Gash","Aggregate","Self Repair","Doom and Gloom","Glacier","Double Energy","Turbo","Seek","Chaos","Creative AI","Redo","Hyperbeam","Recycle","Nova","Rip and Tear","Chaos","Rip and Tear","Strike_B","Streamline","Double Energy","Meteor Strike","Go for the Eyes","Ball Lightning","Capacitor","Reprogram","Defend_B","Genetic Algorithm","Coolheaded","Reinforced Body","Turbo","Impulse","Scrape","Glacier","Glacier","Sunder","Regret","All For One","Fission+1","Fission+1","Reboot+1","Magnetism+1"],"max_hp_per_floor":[75,75,75,75,75,75,75,75,75,75,75,75,75,75,75,75,75,75,75,75,75,75,75,75,75,75,75,75,75],"relics":["Cracked Core","Pantograph","Kunai","Anchor","Astrolabe","Red Mask","Bag of Marbles","Frozen Egg 2","Vajra","Blue Candle"],"card_choices":[{"not_picked":["Reboot","Meteor Strike"],"picked":"All For One","floor":16}],"player_experience":387005,"potions_floor_usage":[8,20,24,25,25,29],"damage_taken":[{"damage":6,"enemies":"Cultist","floor":1,"turns":3},{"damage":0,"enemies":"Small Slimes","floor":2,"turns":2},{"damage":7,"enemies":"2 Louse","floor":5,"turns":2},{"damage":21,"enemies":"Gremlin Nob","floor":6,"turns":4},{"damage":7,"enemies":"2 Fungi Beasts","floor":8,"turns":2},{"damage":15,"enemies":"Exordium Thugs","floor":11,"turns":3},{"damage":13,"enemies":"Looter","floor":12,"turns":3},{"damage":0,"enemies":"3 Louse","floor":14,"turns":2},{"damage":27,"enemies":"The Guardian","floor":16,"turns":11},{"damage":13,"enemies":"Chosen","floor":18,"turns":5},{"damage":19,"enemies":"Masked Bandits","floor":19,"turns":3},{"damage":20,"enemies":"Shell Parasite","floor":20,"turns":5},{"damage":1,"enemies":"Snecko","floor":21,"turns":4},{"damage":8,"enemies":"Snake Plant","floor":24,"turns":6},{"damage":13,"enemies":"3 Cultists","floor":25,"turns":5},{"damage":43,"enemies":"Gremlin Leader","floor":27,"turns":7},{"damage":0,"enemies":"Snecko","floor":28,"turns":2},{"damage":22,"enemies":"Centurion and Healer","floor":29,"turns":6}],"event_choices":[{"event_name":"Purifier","player_choice":"One Purge","floor":4,"damage_taken":0},{"event_name":"Big Fish","player_choice":"Box","floor":13,"damage_taken":0},{"event_name":"Masked Bandits","player_choice":"Fought over 774 gold","floor":19,"damage_taken":0}],"boss_relics":[{"not_picked":["Ectoplasm","Runic Pyramid"],"picked":"Astrolabe"}],"potions_floor_spawned":[6,16,21,24,28],"seed_played":"-5591819847720032875","killed_by":"Centurion and Healer","ascension_level":0,"is_trial":false}