{"path_per_floor":["M","$","?","?","?","R","M","$","T","?","M","R","M","M","R","B",null,"M","M","$","?","M","R","?","R","T","M","R","M","R","?","R"],"character_chosen":"IRONCLAD","items_purchased":["Blind","True Grit"],"gold_per_floor":[113,113,363,363,320,320,333,236,314,314,327,327,344,362,362,461,461,473,489,466,466,484,484,407,407,407,417,417,434,434,434,434,434],"floor_reached":33,"campfire_rested":4,"playtime":1018,"current_hp_per_floor":[40,40,40,33,33,57,62,62,62,62,61,80,80,71,71,43,80,65,67,67,67,66,66,66,66,66,61,61,23,47,47,71,0],"items_purged":[],"gold":434,"score":235,"play_id":"572db431-8993-4da1-a3c9-9f054c81e24b","local_time":"20180420001919","is_prod":false,"is_daily":false,"chose_seed":false,"is_ascension_mode":false,"campfire_upgraded":4,"timestamp":1524192559,"path_taken":["M","$","?","?","?","R","M","?","T","?","M","R","M","?","R","BOSS","M","M","$","?","M","R","?","R","T","M","R","M","R","?","R","BOSS"],"build_version":"2018-04-19","seed_source_timestamp":691352968793843,"purchased_purges":0,"victory":false,"master_deck":["Strike_R+1","Strike_R+1","Strike_R+1","Strike_R+1","Defend_R+1","Defend_R+1","Defend_R+1","Bash","Inflame+1","Inflame","Blind+1","Clash","Offering","Clash+1","True Grit+1","Uppercut+1","J.A.X.","Second Wind+1"],"max_hp_per_floor":[80,80,80,80,80,80,80,80,80,80,80,80,80,80,80,80,80,80,80,80,80,80,80,80,80,80,80,80,80,80,80,80,80],"relics":["Burning Blood"],"card_choices":[{"not_picked":["Anger","Clash"],"picked":"Inflame","floor":1},{"not_picked":["Cleave","Carnage"],"picked":"Inflame","floor":7},{"not_picked":["Pommel Strike","Ghostly Armor"],"picked":"Clash","floor":11},{"not_picked":["Reaper","Exhume"],"picked":"Offering","floor":16},{"not_picked":["Ghostly Armor","Perfected Strike"],"picked":"Clash","floor":19},{"not_picked":["Wild Strike","Searing Blow"],"picked":"Uppercut","floor":22},{"not_picked":["Shockwave","Entrench"],"picked":"Second Wind","floor":29}],"player_experience":356566,"potions_floor_usage":[13,16,29],"damage_taken":[{"damage":6,"enemies":"2 Louse","floor":1,"turns":2},{"damage":1,"enemies":"Cultist","floor":7,"turns":3},{"damage":7,"enemies":"Small Slimes","floor":11,"turns":5},{"damage":3,"enemies":"3 Louse","floor":13,"turns":3},{"damage":15,"enemies":"Exordium Wildlife","floor":14,"turns":4},{"damage":34,"enemies":"Slime Boss","floor":16,"turns":9},{"damage":21,"enemies":"3 Byrds","floor":18,"turns":7},{"damage":4,"enemies":"Chosen","floor":19,"turns":4},{"damage":7,"enemies":"Centurion and Healer","floor":22,"turns":5},{"damage":11,"enemies":"3 Cultists","floor":27,"turns":5},{"damage":44,"enemies":"Snecko","floor":29,"turns":5},{"damage":82,"enemies":"Champ","floor":33,"turns":9}],"event_choices":[{"event_name":"Golden Shrine","player_choice":"Desecrate","floor":3,"damage_taken":0},{"event_name":"Golden Wing","player_choice":"Card Removal","floor":4,"damage_taken":0},{"event_name":"World of Goop","player_choice":"Left","floor":5,"damage_taken":0},{"event_name":"Scrap Ooze","player_choice":"unsuccessful","floor":10,"damage_taken":0},{"event_name":"The Mausoleum","player_choice":"No","floor":21,"damage_taken":0},{"event_name":"Drug Dealer","player_choice":"Got JAXXED","floor":24,"damage_taken":0},{"event_name":"Back to Basics","player_choice":"Simplicity","floor":31,"damage_taken":0}],"boss_relics":[{"not_picked":["Eternal Feather","Sozu","Cursed Key"]}],"potions_floor_spawned":[1,14,27],"seed_played":"-5703979504862058256","killed_by":"Champ","ascension_level":0,"is_trial":false}