{"path_per_floor":["M","?","?","M","$","E","R","M","T","E","R","$","M","M","R","B",null,"M","?","?","$","M","E","R","M","T","E","$"],"character_chosen":"DEFECT","items_purchased":["BootSequence","Tiny Chest"],"gold_per_floor":[15,15,15,30,30,60,60,79,102,129,129,54,72,88,88,188,218,237,237,271,133,150,181,181,200,251,277,36,36],"floor_reached":29,"campfire_rested":0,"playtime":1002,"item_purchase_floors":[21,28],"current_hp_per_floor":[74,74,74,74,74,55,55,54,54,46,46,46,43,43,43,13,80,62,62,59,59,59,41,41,38,38,10,10,0],"items_purged":["Strike_B","Strike_B","Defend_B"],"gold":36,"score":285,"play_id":"a0a44a40-0925-4486-b55c-f18d5013029b","local_time":"20180621164302","is_prod":false,"is_daily":false,"chose_seed":false,"is_ascension_mode":true,"campfire_upgraded":3,"win_rate":0.0,"timestamp":1529613782,"campfire_choices":[{"data":"Zap","floor":7,"key":"SMITH"},{"data":"Defragment","floor":11,"key":"SMITH"},{"data":"Defend_B","floor":15,"key":"PURGE"},{"data":"Tempest","floor":24,"key":"SMITH"}],"path_taken":["M","?","?","?","$","E","R","M","T","E","R","$","M","M","R","BOSS","M","?","?","$","?","E","R","M","T","E","$","E"],"build_version":"2018-06-14v2","seed_source_timestamp":153640180664450,"purchased_purges":3,"victory":false,"master_deck":["Strike_B+1","Strike_B+1","Defend_B+1","Defend_B+1","Zap+1","Dualcast+1","Go for the Eyes","FTL+1","Defragment+1","Electrodynamics","Capacitor","Tempest+1","BootSequence","Barrage","Buffer"],"max_hp_per_floor":[75,75,75,75,75,75,75,75,75,75,75,75,75,75,75,75,80,80,80,80,80,80,80,80,80,80,80,80,80],"relics":["Cracked Core","Peace Pipe","Orichalcum","War Paint","Whetstone","Tiny House","Red Mask","Blood Vial","Boot","Centennial Puzzle","Tiny Chest"],"card_choices":[{"not_picked":["Redo","Rebound"],"picked":"Go for the Eyes","floor":1},{"not_picked":["Streamline","Sunder"],"picked":"FTL","floor":4},{"not_picked":["Hyperbeam","Chaos","Steam"],"picked":"SKIP","floor":6},{"not_picked":["Stack","Cold Snap","Beam Cell"],"picked":"SKIP","floor":8},{"not_picked":["Force Field","Consume"],"picked":"Defragment","floor":10},{"not_picked":["Compile Driver","Coolheaded","Lockon"],"picked":"SKIP","floor":13},{"not_picked":["Rebound","Scrape","Reinforced Body"],"picked":"SKIP","floor":14},{"not_picked":["All For One","Rainbow"],"picked":"Electrodynamics","floor":16},{"not_picked":["Fusion","Leap"],"picked":"Capacitor","floor":17},{"not_picked":["Barrage","Turbo"],"picked":"Tempest","floor":18},{"not_picked":["Cold Snap","Gash","Stack"],"picked":"SKIP","floor":22},{"not_picked":["Aggregate","Heatsinks","Go for the Eyes"],"picked":"SKIP","floor":23},{"not_picked":["Glacier","Streamline+1"],"picked":"Barrage","floor":25},{"not_picked":["Capacitor","Rip and Tear"],"picked":"Buffer","floor":27}],"player_experience":248139,"potions_floor_usage":[18,18,22,29],"damage_taken":[{"damage":1,"enemies":"Jaw Worm","floor":1,"turns":3},{"damage":0,"enemies":"2 Louse","floor":4,"turns":3},{"damage":19,"enemies":"3 Sentries","floor":6,"turns":6},{"damage":1,"enemies":"Cultist","floor":8,"turns":3},{"damage":8,"enemies":"Gremlin Nob","floor":10,"turns":4},{"damage":3,"enemies":"Red Slaver","floor":13,"turns":3},{"damage":0,"enemies":"2 Fungi Beasts","floor":14,"turns":3},{"damage":30,"enemies":"Hexaghost","floor":16,"turns":10},{"damage":18,"enemies":"Chosen","floor":18,"turns":4},{"damage":3,"floor":20,"turns":3},{"damage":0,"enemies":"Spheric Guardian","floor":22,"turns":3},{"damage":18,"enemies":"Slavers","floor":23,"turns":3},{"damage":5,"enemies":"Snake Plant","floor":25,"turns":3},{"damage":30,"enemies":"Book of Stabbing","floor":27,"turns":5},{"damage":14,"enemies":"Slavers","floor":29,"turns":2}],"relics_obtained":[{"floor":6,"key":"Orichalcum"},{"floor":9,"key":"War Paint"},{"floor":10,"key":"Whetstone"},{"floor":20,"key":"Red Mask"},{"floor":23,"key":"Blood Vial"},{"floor":26,"key":"Boot"},{"floor":27,"key":"Centennial Puzzle"}],"event_choices":[{"event_name":"Living Wall","player_choice":"Grow","floor":2,"damage_taken":0},{"event_name":"The Cleric","player_choice":"Leave","floor":3,"damage_taken":0},{"event_name":"Ghosts","player_choice":"Ignored","floor":19,"damage_taken":0},{"event_name":"Masked Bandits","player_choice":"Fought over 237 gold","floor":20,"damage_taken":0}],"boss_relics":[{"not_picked":["Orrery","Astrolabe"],"picked":"Tiny House"}],"items_purged_floors":[12,21,28],"is_endless":false,"potions_floor_spawned":[8,10,13,20,22],"seed_played":"-403056866676679293","killed_by":"Slavers","ascension_level":1,"potions_obtained":[{"floor":8,"key":"FocusPotion"},{"floor":10,"key":"AttackPotion"},{"floor":13,"key":"EssenceOfSteel"},{"floor":20,"key":"EssenceOfSteel"},{"floor":22,"key":"Ancient Potion"}],"is_trial":false}