{"gold_per_floor":[112,34,34,53,105,139,151,179,191,215,227,249,261,308,320,429,441,470,482,511,537,549,561],"floor_reached":23,"playtime":1262,"items_purged":[],"score":271,"play_id":"bbe8976e-7464-4be7-aa2b-1beed84b0646","local_time":"20190106194726","is_ascension_mode":true,"campfire_choices":[{"data":"Zap","floor":7,"key":"SMITH"},{"data":"Tempest","floor":11,"key":"SMITH"},{"data":"Defragment","floor":15,"key":"SMITH"}],"neow_cost":"NONE","seed_source_timestamp":414883981362092,"circlet_count":0,"master_deck":["Strike_B","Strike_B","Strike_B","Defend_B","Defend_B","Defend_B","Defend_B","Zap+1","Dualcast","Leap","Defragment+1","Capacitor","Tempest+1","Steam","Coolheaded","Conserve Battery","FTL","Buffer+1","Coolheaded+1","Redo","Go for the Eyes"],"relics":["Cracked Core","NeowsBlessing","Bag of Preparation","MawBank","Girya","Potion Belt","Black Star"],"potions_floor_usage":[14,14,23],"damage_taken":[{"damage":0,"enemies":"Jaw Worm","floor":1,"turns":1},{"damage":0,"enemies":"Cultist","floor":4,"turns":1},{"damage":0,"enemies":"Lagavulin","floor":6,"turns":1},{"damage":0,"enemies":"2 Louse","floor":8,"turns":3},{"damage":3,"enemies":"Looter","floor":10,"turns":3},{"damage":2,"enemies":"Red Slaver","floor":12,"turns":4},{"damage":9,"enemies":"Gremlin Nob","floor":14,"turns":3},{"damage":32,"enemies":"Hexaghost","floor":16,"turns":10},{"damage":6,"enemies":"3 Byrds","floor":18,"turns":5},{"damage":10,"enemies":"2 Thieves","floor":20,"turns":5},{"damage":21,"enemies":"3 Cultists","floor":21,"turns":6},{"damage":53,"enemies":"Gremlin Leader","floor":23,"turns":6}],"seed_played":"-1851591921701786897","potions_obtained":[{"floor":6,"key":"Strength Potion"},{"floor":8,"key":"AttackPotion"},{"floor":12,"key":"Poison Potion"},{"floor":14,"key":"Regen Potion"},{"floor":18,"key":"Swift Potion"}],"is_trial":false,"path_per_floor":["M","$","?","M","T","E","R","M","T","M","R","M","?","E","R","B",null,"M","?","M","M","?","E"],"character_chosen":"DEFECT","items_purchased":["Defragment"],"campfire_rested":0,"item_purchase_floors":[2],"current_hp_per_floor":[75,75,75,75,75,75,75,75,75,72,72,70,70,61,61,29,75,69,69,59,38,38,0],"gold":561,"neow_bonus":"THREE_ENEMY_KILL","is_prod":false,"is_daily":false,"chose_seed":false,"campfire_upgraded":3,"win_rate":0,"timestamp":1546825646,"path_taken":["M","$","?","?","?","E","R","M","T","M","R","?","?","E","R","BOSS","M","?","M","?","?","E"],"build_version":"2019-01-03v4","purchased_purges":0,"victory":false,"max_hp_per_floor":[75,75,75,75,75,75,75,75,75,75,75,75,75,75,75,75,75,75,75,75,75,75,75],"card_choices":[{"not_picked":["Steam","Doom and Gloom"],"picked":"Leap","floor":1},{"not_picked":["Recycle","Compile Driver"],"picked":"Capacitor","floor":4},{"not_picked":["Compile Driver","Stack"],"picked":"Tempest","floor":6},{"not_picked":["Stack","Tempest"],"picked":"Steam","floor":8},{"not_picked":["Stack","Rip and Tear"],"picked":"Coolheaded","floor":10},{"not_picked":["Consume","Hologram"],"picked":"Conserve Battery","floor":12},{"not_picked":["Thunder Strike","Stack"],"picked":"FTL","floor":14},{"not_picked":["Creative AI","Hyperbeam"],"picked":"Buffer","floor":16},{"not_picked":["Turbo","Beam Cell"],"picked":"Coolheaded+1","floor":18},{"not_picked":["Ball Lightning","Barrage"],"picked":"Redo","floor":20},{"not_picked":["Conserve Battery","Sweeping Beam"],"picked":"Go for the Eyes","floor":21}],"player_experience":152465,"relics_obtained":[{"floor":5,"key":"Bag of Preparation"},{"floor":6,"key":"MawBank"},{"floor":9,"key":"Girya"},{"floor":14,"key":"Potion Belt"}],"event_choices":[{"cards_removed":["Strike_B"],"damage_healed":0,"gold_gain":0,"player_choice":"Offered Basic","damage_taken":0,"max_hp_gain":0,"max_hp_loss":0,"event_name":"Bonfire Elementals","floor":3,"gold_loss":0},{"damage_healed":0,"gold_gain":0,"player_choice":"Ignored","damage_taken":0,"max_hp_gain":0,"max_hp_loss":0,"event_name":"Liars Game","floor":13,"gold_loss":0},{"damage_healed":0,"gold_gain":0,"player_choice":"Upgraded","damage_taken":0,"max_hp_gain":0,"max_hp_loss":0,"event_name":"Upgrade Shrine","floor":19,"gold_loss":0,"cards_upgraded":["Buffer"]},{"damage_healed":0,"gold_gain":0,"player_choice":"Ignored","damage_taken":0,"max_hp_gain":0,"max_hp_loss":0,"event_name":"Vampires","floor":22,"gold_loss":0}],"is_beta":false,"boss_relics":[{"not_picked":["Pandora\u0027s Box","Lizard Tail"],"picked":"Black Star"}],"items_purged_floors":[],"is_endless":false,"potions_floor_spawned":[6,8,12,14,18],"killed_by":"Gremlin Leader","ascension_level":4}