{"path_per_floor":["M","M","M","?","?","R","?","R","T","E","$","M","M","?","R","B",null,"M","M","?","M","M","M","?","R","T","?","$","M","M","M","R"],"character_chosen":"THE_SILENT","items_purchased":["Omamori"],"gold_per_floor":[114,129,144,144,144,144,144,144,219,249,24,39,54,54,54,154,154,169,184,184,199,214,229,144,144,144,144,44,59,74,89,89],"floor_reached":33,"campfire_rested":2,"playtime":1830,"current_hp_per_floor":[70,70,70,70,70,70,70,70,70,70,70,70,69,69,69,49,70,60,59,70,61,40,25,25,46,46,80,80,61,52,17,41],"items_purged":["Normality","Corpse Explosion"],"gold":89,"score":326,"play_id":"9684bfd5-6933-4e99-8e18-0dda0b667b94","local_time":"20180313033239","daily_mods":["Diverse","Insanity","Binary"],"is_prod":false,"is_daily":true,"is_ascension_mode":false,"campfire_upgraded":3,"timestamp":1520920959,"path_taken":["M","M","M","?","?","R","?","R","T","E","$","M","?","?","R","BOSS","M","M","?","M","M","M","?","R","T","?","$","M","?","M","R","BOSS"],"build_version":"2018-03-09","purchased_purges":2,"victory":false,"master_deck":["Neutralize","Heel Hook","Slice","Backstab+1","Footwork","Tools of the Trade","Prepared","Infinite Blades","Catalyst+1","Eviscerate","Finisher","Catalyst","Burst","Doppelganger","Heel Hook","Sucker Punch","Glass Knife","Expertise","All Out Attack","Defend_G","Eviscerate","Quick Slash","Blade Dance","Glass Knife","Dodge and Roll","Flechettes","Storm of Steel","Expertise","Blade Dance","Masterful Stab","Distraction","Dagger Spray","Reflex","Tools of the Trade","A Thousand Cuts","Eviscerate","Cloak And Dagger","Flechettes","PiercingWail","Choke","Acrobatics","Backstab+1","Phantasmal Killer","Escape Plan","Survivor","Outmaneuver","Terror","Glass Knife","Fire Breathing","Havoc","Dagger Spray","Finisher+1"],"max_hp_per_floor":[70,70,70,70,70,70,70,70,70,70,70,70,70,70,70,70,70,70,70,70,70,70,70,70,70,70,80,80,80,80,80,80],"relics":["Ring of the Snake","Vajra","Tough Bandages","Centennial Puzzle","Omamori","Black Star","Dream Catcher","Dead Branch"],"card_choices":[{"not_picked":["Reflex"],"picked":"Dagger Spray"},{"not_picked":["Deflect"],"picked":"Finisher"}],"player_experience":172944,"potions_floor_usage":[10,10,10,16,18,22,23,29,30],"damage_taken":[{"damage":0,"enemies":"Jaw Worm","floor":1,"turns":1},{"damage":0,"enemies":"Cultist","floor":2,"turns":2},{"damage":0,"enemies":"2 Louse","floor":3,"turns":1},{"damage":0,"enemies":"Lagavulin","floor":10,"turns":2},{"damage":0,"enemies":"2 Fungi Beasts","floor":12,"turns":1},{"damage":1,"enemies":"Gremlin Gang","floor":13,"turns":2},{"damage":33,"enemies":"Hexaghost","floor":16,"turns":6},{"damage":10,"enemies":"2 Thieves","floor":18,"turns":3},{"damage":1,"enemies":"Spheric Guardian","floor":19,"turns":3},{"damage":9,"enemies":"Centurion and Healer","floor":21,"turns":2},{"damage":21,"enemies":"Chosen and Byrds","floor":22,"turns":5},{"damage":15,"enemies":"Snecko","floor":23,"turns":3},{"damage":19,"enemies":"Slaver and Parasite","floor":29,"turns":6},{"damage":9,"enemies":"Centurion and Healer","floor":30,"turns":3},{"damage":35,"enemies":"Snake Plant","floor":31,"turns":4},{"damage":44,"enemies":"Champ","floor":33,"turns":7}],"event_choices":[{"event_name":"The Lab","player_choice":"Got Potions","floor":4,"damage_taken":0},{"event_name":"Accursed Blacksmith","player_choice":"Rummage","floor":5,"damage_taken":0},{"event_name":"Wheel of Change","player_choice":"Full Heal","floor":7,"damage_taken":0},{"event_name":"Transmorgrifier","player_choice":"Transform","floor":14,"damage_taken":0},{"event_name":"The Library","player_choice":"Heal","floor":20,"damage_taken":0},{"event_name":"Addict","player_choice":"Obtained Relic","floor":24,"damage_taken":0},{"event_name":"Bonfire Elementals","player_choice":"RARE","floor":27,"damage_taken":0}],"boss_relics":[{"not_picked":["The Specimen","Snecko Eye"],"picked":"Black Star"}],"potions_floor_spawned":[2,10,16,21,22,23,29],"seed_played":"5990498444709922547","killed_by":"Champ","ascension_level":0,"is_trial":false}