{"gold_per_floor":[112,112,112,2,20,20,47,61,110,144,154,154,173,192,192,192],"floor_reached":16,"playtime":1193,"items_purged":["Strike_B"],"score":170,"play_id":"a1c1caeb-32e0-4a3f-8393-88520f168ab6","local_time":"20181028225038","is_ascension_mode":true,"campfire_choices":[{"data":"Defragment","floor":6,"key":"SMITH"},{"data":"Fission","floor":12,"key":"SMITH"},{"data":"Go for the Eyes","floor":15,"key":"SMITH"}],"neow_cost":"NONE","seed_source_timestamp":276694382735413,"circlet_count":0,"master_deck":["Strike_B","Strike_B","Strike_B+1","Defend_B","Defend_B","Defend_B","Defend_B","Zap","Dualcast","Chill+1","Defragment+1","Go for the Eyes+1","Leap","Fission+1","Sweeping Beam","Leap","Conserve Battery"],"relics":["Cracked Core","NeowsBlessing","Blood Vial","Anchor","Boot"],"potions_floor_usage":[10,11,16],"damage_taken":[{"damage":0,"enemies":"Jaw Worm","floor":1,"turns":1},{"damage":0,"enemies":"Cultist","floor":5,"turns":1},{"damage":0,"enemies":"Gremlin Nob","floor":7,"turns":1},{"damage":0,"enemies":"2 Louse","floor":8,"turns":3},{"damage":0,"enemies":"3 Sentries","floor":10,"turns":8},{"damage":0,"enemies":"Exordium Thugs","floor":11,"turns":4},{"damage":0,"enemies":"Lots of Slimes","floor":13,"turns":3},{"damage":0,"enemies":"Blue Slaver","floor":14,"turns":4},{"damage":80,"enemies":"Hexaghost","floor":16,"turns":16}],"seed_played":"6996496488049867161","potions_obtained":[{"floor":2,"key":"Fire Potion"},{"floor":2,"key":"Block Potion"},{"floor":2,"key":"Block Potion"},{"floor":7,"key":"AttackPotion"},{"floor":14,"key":"FairyPotion"}],"is_trial":false,"path_per_floor":["M","?","?","$","M","R","E","M","T","E","M","R","M","M","R"],"character_chosen":"DEFECT","items_purchased":["Defragment"],"campfire_rested":0,"item_purchase_floors":[4],"current_hp_per_floor":[75,75,60,60,60,60,60,62,62,64,66,66,68,70,70,0],"gold":192,"neow_bonus":"THREE_ENEMY_KILL","is_prod":false,"is_daily":false,"chose_seed":false,"campfire_upgraded":3,"win_rate":0,"timestamp":1540785038,"path_taken":["M","?","?","?","M","R","E","M","T","E","M","R","M","M","R","BOSS"],"build_version":"2018-10-25v2","purchased_purges":1,"victory":false,"max_hp_per_floor":[75,75,75,75,75,75,75,75,75,75,75,75,75,75,75,75],"card_choices":[{"not_picked":["Compile Driver","Coolheaded"],"picked":"Chill","floor":1},{"not_picked":["Streamline","Barrage"],"picked":"Go for the Eyes","floor":5},{"not_picked":["Heatsinks","Auto Shields"],"picked":"Leap","floor":7},{"not_picked":["Beam Cell","Darkness","Go for the Eyes"],"picked":"SKIP","floor":8},{"not_picked":["Go for the Eyes","Leap"],"picked":"Fission","floor":10},{"not_picked":["Double Energy","Gash"],"picked":"Sweeping Beam","floor":11},{"not_picked":["Electrodynamics","Go for the Eyes"],"picked":"Leap","floor":13},{"not_picked":["Leap","Compile Driver"],"picked":"Conserve Battery","floor":14}],"player_experience":43696,"relics_obtained":[{"floor":7,"key":"Blood Vial"},{"floor":9,"key":"Anchor"},{"floor":10,"key":"Boot"}],"event_choices":[{"damage_healed":0,"gold_gain":0,"player_choice":"Got Potions","damage_taken":0,"max_hp_gain":0,"max_hp_loss":0,"event_name":"The Lab","floor":2,"gold_loss":0},{"damage_healed":0,"gold_gain":0,"player_choice":"Entered Light","damage_taken":15,"max_hp_gain":0,"max_hp_loss":0,"event_name":"Shining Light","floor":3,"gold_loss":0,"cards_upgraded":["Strike_B","Chill"]}],"is_beta":false,"boss_relics":[],"items_purged_floors":[4],"is_endless":false,"potions_floor_spawned":[7,8,14],"killed_by":"Hexaghost","ascension_level":1}