{"path_per_floor":["M","M","$","M","M","R","E","M","T","M","M","M","R","?","R"],"character_chosen":"THE_SILENT","items_purchased":["Backflip"],"gold_per_floor":[109,126,102,119,134,134,163,176,227,237,252,264,264,439,439,439],"floor_reached":16,"campfire_rested":1,"playtime":765,"current_hp_per_floor":[70,66,66,66,58,58,52,52,52,51,51,50,50,50,70,0],"items_purged":[],"gold":439,"score":111,"play_id":"e97fa586-6dbb-4c36-805c-ef31b76d0359","local_time":"20180327040144","is_prod":false,"is_daily":false,"is_ascension_mode":true,"campfire_upgraded":2,"timestamp":1522132304,"path_taken":["M","?","$","?","M","R","E","M","T","M","M","M","R","?","R","BOSS"],"build_version":"2018-03-22v2","purchased_purges":0,"victory":false,"master_deck":["Defend_G","Defend_G","Defend_G","Defend_G","Defend_G","Strike_G","Strike_G","Strike_G","Strike_G","Strike_G","Survivor","Neutralize","Deadly Poison","Sucker Punch","Backflip","Backflip+1","Slice","Dagger Spray+1","Backstab","Deadly Poison","Slice","Deadly Poison","Doubt"],"max_hp_per_floor":[70,70,70,70,70,70,70,70,70,70,70,70,70,70,70,70],"relics":["Philosopher\u0027s Stone","Bird Faced Urn","Regal Pillow"],"card_choices":[{"not_picked":["Quick Slash","Outmaneuver"],"picked":"Deadly Poison","floor":1},{"not_picked":["Deflect","Reflex"],"picked":"Sucker Punch","floor":2},{"not_picked":["Deflect","Cloak And Dagger"],"picked":"Backflip","floor":4},{"not_picked":["Reflex","After Image"],"picked":"Slice","floor":5},{"not_picked":["Predator","Flying Knee"],"picked":"Dagger Spray","floor":7},{"not_picked":["Footwork","Outmaneuver"],"picked":"Backstab","floor":8},{"not_picked":["Slice","Underhanded Strike"],"picked":"Deadly Poison","floor":10},{"not_picked":["Underhanded Strike","Finisher"],"picked":"Slice","floor":11},{"not_picked":["Cloak And Dagger","Dagger Spray"],"picked":"Deadly Poison","floor":12}],"player_experience":255603,"potions_floor_usage":[10,12,16,16],"damage_taken":[{"damage":0,"enemies":"Cultist","floor":1,"turns":4},{"damage":4,"enemies":"2 Louse","floor":2,"turns":3},{"damage":0,"enemies":"Jaw Worm","floor":4,"turns":4},{"damage":8,"enemies":"3 Louse","floor":5,"turns":3},{"damage":6,"enemies":"3 Sentries","floor":7,"turns":10},{"damage":0,"enemies":"Looter","floor":8,"turns":3},{"damage":1,"enemies":"Blue Slaver","floor":10,"turns":3},{"damage":0,"enemies":"3 Louse","floor":11,"turns":2},{"damage":1,"enemies":"Gremlin Gang","floor":12,"turns":3},{"damage":71,"enemies":"Slime Boss","floor":16,"turns":10}],"event_choices":[{"event_name":"Liars Game","player_choice":"agreed","floor":14,"damage_taken":0}],"boss_relics":[],"potions_floor_spawned":[2,7,8,12],"seed_played":"-4320284516249201266","killed_by":"Slime Boss","ascension_level":1,"is_trial":false}