{"gold_per_floor":[115,131,143,93,39,65,65,122,149,163,173,190,190,206,206,335,335,356,127,152,152,165,165,165,183,231,231,244,257,257,282,282,411,411,432,157,157,157,157,157,157,157,181,201,217,92,92,92,92,92],"floor_reached":50,"playtime":2072,"items_purged":["Defend_B","Defend_B","Self Repair+1"],"score":577,"play_id":"b2fa9d91-4e14-444f-a139-6eb8d99b0669","local_time":"20180820172553","is_ascension_mode":true,"campfire_choices":[{"data":"Go for the Eyes","floor":7,"key":"SMITH"},{"floor":15,"key":"REST"},{"data":"Dualcast","floor":27,"key":"SMITH"},{"floor":32,"key":"REST"},{"data":"Beam Cell","floor":40,"key":"SMITH"},{"floor":42,"key":"REST"},{"data":"Gash","floor":47,"key":"SMITH"},{"floor":49,"key":"REST"}],"neow_cost":"","seed_source_timestamp":0,"circlet_count":0,"master_deck":["Strike_B+1","Strike_B+1","Defend_B+1","Defend_B+1","Zap+1","Dualcast+1","Gash+1","Gash+1","Steam+1","Go for the Eyes+1","Gash+1","All For One+1","Seek+1","Scrape+1","Go for the Eyes+1","Beam Cell+1","Trip+1","Zap+1","FTL+1","Zap+1","Gash+1"],"special_seed":0,"relics":["Cracked Core","Centennial Puzzle","Tiny Chest","Pen Nib","Golden Idol","Lizard Tail","Juzu Bracelet","Gremlin Horn","Oddly Smooth Stone","Black Star","Mercury Hourglass","Bottled Flame","Mark of the Bloom","Bronze Scales","Pear"],"potions_floor_usage":[6,11,28,33,33,36,50,50,50],"damage_taken":[{"damage":12,"enemies":"Small Slimes","floor":1,"turns":4},{"damage":1,"enemies":"Cultist","floor":2,"turns":3},{"damage":0,"enemies":"2 Louse","floor":3,"turns":1},{"damage":0,"enemies":"Lagavulin","floor":6,"turns":7},{"damage":15,"enemies":"3 Sentries","floor":8,"turns":6},{"damage":2,"enemies":"Looter","floor":10,"turns":2},{"damage":0,"enemies":"2 Fungi Beasts","floor":11,"turns":2},{"damage":3,"enemies":"Gremlin Gang","floor":12,"turns":3},{"damage":8,"enemies":"Blue Slaver","floor":14,"turns":2},{"damage":14,"enemies":"Slime Boss","floor":16,"turns":8},{"damage":12,"enemies":"3 Byrds","floor":18,"turns":4},{"damage":12,"enemies":"Chosen","floor":20,"turns":2},{"damage":3,"enemies":"3 Cultists","floor":22,"turns":3},{"damage":2,"enemies":"Cultist and Chosen","floor":25,"turns":3},{"damage":2,"enemies":"Centurion and Healer","floor":28,"turns":3},{"damage":11,"enemies":"Snake Plant","floor":29,"turns":2},{"damage":25,"enemies":"Snecko","floor":31,"turns":4},{"damage":43,"enemies":"Champ","floor":33,"turns":8},{"damage":22,"enemies":"Flame Bruiser 1 Orb","floor":35,"turns":4},{"damage":0,"enemies":"3 Darklings","floor":44,"turns":3},{"damage":28,"enemies":"Transient","floor":45,"turns":5},{"damage":47,"enemies":"Donu and Deca","floor":50,"turns":5}],"seed_played":"-429778905576211932","potions_obtained":[{"floor":2,"key":"EssenceOfSteel"},{"floor":8,"key":"EssenceOfSteel"},{"floor":11,"key":"Regen Potion"},{"floor":16,"key":"SteroidPotion"},{"floor":20,"key":"Ancient Potion"},{"floor":28,"key":"Fruit Juice"},{"floor":31,"key":"Energy Potion"},{"floor":44,"key":"FearPotion"},{"floor":45,"key":"LiquidBronze"}],"is_trial":false,"path_per_floor":["M","M","M","?","$","E","R","E","T","M","M","M","?","M","R","B",null,"M","$","M","?","M","T","?","M","T","R","M","M","?","M","R","B",null,"M","$","?","T","T","R","?","R","T","M","M","$","R","T","R"],"character_chosen":"DEFECT","items_purchased":["Go for the Eyes","Juzu Bracelet","FTL","Fruit Juice"],"campfire_rested":4,"item_purchase_floors":[5,19,36,36],"current_hp_per_floor":[63,62,62,62,62,62,62,47,47,45,45,42,24,16,38,24,75,63,63,51,51,48,48,48,46,46,46,49,38,38,13,37,16,80,65,70,70,70,70,70,70,70,70,70,42,42,42,42,42,0],"gold":92,"neow_bonus":"","is_prod":false,"is_daily":false,"chose_seed":false,"campfire_upgraded":4,"win_rate":0,"timestamp":1534800353,"path_taken":["M","M","M","?","$","E","R","E","T","M","?","M","?","M","R","BOSS","M","$","M","?","M","?","?","M","T","R","M","M","?","M","R","BOSS","M","$","?","?","?","R","?","R","T","M","M","?","R","?","R","BOSS"],"build_version":"2018-08-16","purchased_purges":3,"victory":false,"max_hp_per_floor":[75,75,75,75,75,75,75,75,75,75,75,75,75,75,75,75,75,75,75,75,75,75,75,75,75,75,75,80,80,80,80,80,80,80,80,85,85,85,85,85,85,85,85,85,85,85,85,95,95,95],"card_choices":[{"not_picked":["Stack","Turbo"],"picked":"Gash","floor":1},{"not_picked":["Core Surge","Ball Lightning"],"picked":"Gash","floor":2},{"not_picked":["White Noise","Leap"],"picked":"Steam","floor":3},{"not_picked":["Ball Lightning","Consume"],"picked":"Gash","floor":6},{"not_picked":["Steam","Leap"],"picked":"All For One","floor":8},{"not_picked":["Rebound","Ball Lightning","Redo"],"picked":"SKIP","floor":10},{"not_picked":["Conserve Battery","Undo","Tempest"],"picked":"SKIP","floor":11},{"not_picked":["Stack","Darkness","Turbo"],"picked":"SKIP","floor":12},{"not_picked":["Barrage","Redo","Capacitor"],"picked":"SKIP","floor":14},{"not_picked":["Meteor Strike","All For One"],"picked":"Seek","floor":16},{"not_picked":["Undo","Coolheaded"],"picked":"Scrape","floor":18},{"not_picked":["Hologram+1","Stack+1"],"picked":"Go for the Eyes+1","floor":20},{"not_picked":["Compile Driver+1","Genetic Algorithm+1","Loop+1"],"picked":"SKIP","floor":22},{"not_picked":["Coolheaded","Blizzard","Sweeping Beam"],"picked":"SKIP","floor":25},{"not_picked":["Rebound+1","Coolheaded"],"picked":"Beam Cell","floor":28},{"not_picked":["Go for the Eyes","Coolheaded","White Noise"],"picked":"SKIP","floor":29},{"not_picked":["Coolheaded","Go for the Eyes+1"],"picked":"Self Repair","floor":31},{"not_picked":["Hologram+1","Loop","Force Field"],"picked":"SKIP","floor":35},{"not_picked":["Steam+1","Barrage+1","Streamline+1"],"picked":"SKIP","floor":44},{"not_picked":["Compile Driver","Ball Lightning"],"picked":"Gash","floor":45}],"player_experience":283625,"relics_obtained":[{"floor":6,"key":"Centennial Puzzle"},{"floor":8,"key":"Tiny Chest"},{"floor":9,"key":"Pen Nib"},{"floor":23,"key":"Gremlin Horn"},{"floor":26,"key":"Oddly Smooth Stone"},{"floor":38,"key":"Mercury Hourglass"},{"floor":39,"key":"Bottled Flame"},{"floor":43,"key":"Bronze Scales"},{"floor":48,"key":"Pear"}],"event_choices":[{"event_name":"The Cleric","player_choice":"Card Removal","floor":4,"damage_taken":0},{"event_name":"Golden Idol","player_choice":"Take Damage","floor":13,"damage_taken":0},{"event_name":"Bonfire Elementals","player_choice":"BASIC","floor":21,"damage_taken":0},{"event_name":"Accursed Blacksmith","player_choice":"Forge","floor":24,"damage_taken":0},{"event_name":"Match and Keep!","player_choice":"2 cards matched","floor":30,"damage_taken":0},{"event_name":"Duplicator","player_choice":"One dupe","floor":37,"damage_taken":0},{"event_name":"MindBloom","player_choice":"Upgrade","floor":41,"damage_taken":0}],"is_beta":false,"boss_relics":[{"not_picked":["Runic Dome","Calling Bell"],"picked":"Lizard Tail"},{"not_picked":["Philosopher\u0027s Stone","FrozenCore"],"picked":"Black Star"}],"items_purged_floors":[19,36,46],"is_endless":false,"potions_floor_spawned":[2,8,11,16,20,28,31,44,45],"killed_by":"Donu and Deca","ascension_level":2}