{"gold_per_floor":[110,110,128,145,70,95,95,170,241,256,273,273,288,306,306,404,404,404,314,314,314,14,14,14,14,14,14,14,14,14,14,14,14],"floor_reached":33,"playtime":1658,"items_purged":["Normality"],"score":291,"play_id":"6279105f-ce2a-4efd-8241-70d578f938ab","local_time":"20190205031159","is_ascension_mode":false,"campfire_choices":[{"floor":7,"key":"REST"},{"floor":12,"key":"REST"},{"data":"Rampage","floor":15,"key":"SMITH"},{"floor":25,"key":"REST"},{"data":"Mind Blast","floor":29,"key":"SMITH"},{"floor":32,"key":"REST"}],"neow_cost":"CURSE","seed_source_timestamp":599505192311480,"circlet_count":0,"master_deck":["Strike_R","Strike_R","Strike_R","Strike_R","Strike_R","Defend_R","Defend_R","Defend_R","Defend_R","Bash+1","Magnetism","Mind Blast+1","Rampage+1","Power Through","Shrug It Off","Flame Barrier+1","Cleave","Spot Weakness+1","True Grit+1","Juggernaut","Iron Wave","Shockwave+1","Reaper","Heavy Blade+1"],"relics":["Burning Blood","Bag of Preparation","Toxic Egg 2","Mercury Hourglass","Ectoplasm","StoneCalendar","Oddly Smooth Stone","Turnip"],"potions_floor_usage":[6,16,16,18,28,30,30],"damage_taken":[{"damage":6,"enemies":"Cultist","floor":1,"turns":3},{"damage":19,"enemies":"Jaw Worm","floor":3,"turns":5},{"damage":4,"enemies":"Small Slimes","floor":4,"turns":4},{"damage":54,"enemies":"Gremlin Nob","floor":6,"turns":6},{"damage":5,"enemies":"Red Slaver","floor":10,"turns":4},{"damage":3,"enemies":"Exordium Wildlife","floor":11,"turns":3},{"damage":0,"enemies":"Lots of Slimes","floor":13,"turns":1},{"damage":10,"enemies":"Exordium Thugs","floor":14,"turns":3},{"damage":33,"enemies":"The Guardian","floor":16,"turns":13},{"damage":16,"enemies":"Shell Parasite","floor":18,"turns":3},{"damage":3,"enemies":"Spheric Guardian","floor":20,"turns":4},{"damage":9,"enemies":"Snake Plant","floor":21,"turns":5},{"damage":17,"enemies":"Gremlin Leader","floor":23,"turns":8},{"damage":10,"enemies":"Cultist and Chosen","floor":27,"turns":6},{"damage":20,"enemies":"Centurion and Healer","floor":28,"turns":7},{"damage":32,"enemies":"Slavers","floor":30,"turns":4},{"damage":24,"enemies":"Shelled Parasite and Fungi","floor":31,"turns":6},{"damage":66,"enemies":"Automaton","floor":33,"turns":10}],"seed_played":"-7039649407104001702","potions_obtained":[{"floor":4,"key":"PowerPotion"},{"floor":6,"key":"LiquidBronze"},{"floor":11,"key":"Energy Potion"},{"floor":16,"key":"Fire Potion"},{"floor":20,"key":"Energy Potion"},{"floor":23,"key":"GamblersBrew"},{"floor":27,"key":"Explosive Potion"}],"is_trial":false,"path_per_floor":["M","?","M","M","$","E","R","?","T","M","M","R","M","M","R","B",null,"M","?","M","M","$","E","$","R","T","M","M","R","E","M","R","B"],"character_chosen":"IRONCLAD","items_purchased":["StoneCalendar"],"campfire_rested":4,"item_purchase_floors":[22],"current_hp_per_floor":[80,80,67,69,69,21,45,34,34,35,38,62,68,64,64,37,80,70,70,73,70,70,59,59,80,80,80,66,66,40,34,58,0],"gold":14,"neow_bonus":"RANDOM_COLORLESS_2","is_prod":false,"is_daily":false,"chose_seed":false,"campfire_upgraded":2,"win_rate":0,"timestamp":1549348919,"path_taken":["M","?","M","M","$","E","R","?","T","M","M","R","M","M","R","BOSS","M","?","M","?","$","E","$","R","T","M","M","R","E","M","R","BOSS"],"build_version":"2019-01-23","purchased_purges":1,"victory":false,"max_hp_per_floor":[80,80,80,80,80,80,80,80,80,80,80,80,80,80,80,80,80,80,80,80,80,80,80,80,80,80,80,80,80,80,80,80,80],"card_choices":[{"not_picked":["True Grit","Heavy Blade"],"picked":"Rampage","floor":1},{"not_picked":["Twin Strike","Bloodletting"],"picked":"Power Through","floor":3},{"not_picked":["Headbutt","Iron Wave"],"picked":"Shrug It Off","floor":4},{"not_picked":["Demon Form","Headbutt"],"picked":"Flame Barrier","floor":6},{"not_picked":["Headbutt","Sword Boomerang"],"picked":"Cleave","floor":10},{"not_picked":["Carnage","Flex+1"],"picked":"Spot Weakness+1","floor":11},{"not_picked":["Pommel Strike","Armaments+1","Fire Breathing"],"picked":"SKIP","floor":13},{"not_picked":["Feel No Pain","Entrench+1"],"picked":"True Grit+1","floor":14},{"not_picked":["Offering+1","Berserk"],"picked":"Juggernaut","floor":16},{"not_picked":["True Grit+1","Havoc+1"],"picked":"Iron Wave","floor":18},{"not_picked":["Anger","Inflame"],"picked":"Shockwave+1","floor":20},{"not_picked":["Sword Boomerang","Flex+1"],"picked":"Reaper","floor":21},{"not_picked":["Thunderclap","Body Slam+1","Perfected Strike"],"picked":"SKIP","floor":23},{"not_picked":["Perfected Strike+1","Thunderclap"],"picked":"Heavy Blade+1","floor":27},{"not_picked":["Dropkick","Body Slam","Clash"],"picked":"SKIP","floor":28},{"not_picked":["Whirlwind","True Grit+1","Evolve+1"],"picked":"SKIP","floor":30},{"not_picked":["Heavy Blade","Havoc+1","Pommel Strike"],"picked":"SKIP","floor":31}],"player_experience":630254,"relics_obtained":[{"floor":6,"key":"Toxic Egg 2"},{"floor":9,"key":"Mercury Hourglass"},{"floor":23,"key":"Oddly Smooth Stone"},{"floor":30,"key":"Turnip"}],"event_choices":[{"damage_healed":0,"gold_gain":0,"player_choice":"Box","damage_taken":0,"relics_obtained":["Bag of Preparation"],"max_hp_gain":0,"max_hp_loss":0,"event_name":"Big Fish","floor":2,"gold_loss":0,"cards_obtained":["Regret"]},{"damage_healed":0,"gold_gain":75,"player_choice":"Gather Gold","damage_taken":11,"max_hp_gain":0,"max_hp_loss":0,"event_name":"World of Goop","floor":8,"gold_loss":0},{"cards_removed":["Regret"],"damage_healed":0,"gold_gain":0,"player_choice":"Upgrade and Remove","damage_taken":0,"max_hp_gain":0,"max_hp_loss":0,"event_name":"Designer","floor":19,"gold_loss":90,"cards_upgraded":["Bash"]}],"is_beta":true,"boss_relics":[{"not_picked":["Lizard Tail","Tiny House"],"picked":"Ectoplasm"}],"items_purged_floors":[5],"is_endless":false,"potions_floor_spawned":[4,6,11,16,20,23,27],"killed_by":"Automaton","ascension_level":0}