{"path_per_floor":["M","M","T","?","M","?","R","?","T","M","$","M","?","M","R","B",null,"M","$","?","$","M","M","R","$","T","R","M","E","M","$","R","B",null,"M","?","$","?","M"],"character_chosen":"IRONCLAD","items_purchased":["Apotheosis","Dramatic Entrance","Omamori","Clothesline","Pummel","Dark Shackles","True Grit"],"gold_per_floor":[114,129,176,251,270,270,270,345,345,365,71,83,113,129,129,226,226,239,84,84,57,70,87,87,87,114,114,127,156,174,45,45,149,149,164,164,141,141,159,159],"floor_reached":40,"campfire_rested":3,"playtime":1572,"current_hp_per_floor":[80,79,79,79,80,62,80,69,69,70,70,79,79,74,74,56,80,80,80,65,65,72,52,77,77,77,77,64,54,54,54,79,22,85,38,38,38,38,44,0],"items_purged":[],"gold":159,"score":416,"play_id":"6200630a-dcca-493e-98c6-ee26931688ed","local_time":"20180326021940","is_prod":false,"is_daily":false,"is_ascension_mode":true,"campfire_upgraded":2,"timestamp":1522039780,"path_taken":["M","?","?","?","M","?","R","?","T","?","$","M","?","M","R","BOSS","M","$","?","$","M","M","R","?","T","R","M","E","M","$","R","BOSS","M","?","$","?","M","E"],"build_version":"2018-03-22v2","purchased_purges":0,"victory":false,"master_deck":["Strike_R+1","Strike_R","Strike_R","Strike_R","Strike_R+1","Defend_R+1","Defend_R","Defend_R","Defend_R","Bash+1","Shockwave+1","Fire Breathing","Flex","Cleave","Apotheosis+1","Dramatic Entrance+1","Clash","Burning Pact","Limit Break","Second Wind","Clothesline","Dual Wield","Rampage+1","Seeing Red","Pummel","Dark Shackles","Barricade","Flame Barrier","True Grit","Disarm+1"],"max_hp_per_floor":[80,80,80,80,80,80,80,80,80,80,80,80,80,80,80,80,80,80,80,85,85,85,85,85,85,85,85,85,85,85,85,85,85,85,85,85,85,85,85,85],"relics":["Black Blood","Whetstone","Orichalcum","Magic Flower","War Paint","Omamori","Blood Vial","Red Skull","Eternal Feather"],"card_choices":[{"not_picked":["Body Slam","Havoc"],"picked":"Shockwave","floor":1},{"not_picked":["Warcry","Clothesline"],"picked":"Fire Breathing","floor":2},{"not_picked":["Clash","Corruption"],"picked":"Flex","floor":5},{"not_picked":["Hemokinesis","Perfected Strike"],"picked":"Cleave","floor":10},{"not_picked":["Evolve","Feel No Pain"],"picked":"Clash","floor":12},{"not_picked":["Clothesline","Dropkick"],"picked":"Burning Pact","floor":14},{"not_picked":["Fiend Fire","Bludgeon"],"picked":"Limit Break","floor":16},{"not_picked":["Armaments","Hemokinesis"],"picked":"Second Wind","floor":18},{"not_picked":["Bloodletting","Wild Strike"],"picked":"Dual Wield","floor":22},{"not_picked":["Twin Strike","Headbutt"],"picked":"Rampage","floor":28},{"not_picked":["Brutality","Intimidate"],"picked":"Feel No Pain","floor":29},{"not_picked":["Iron Wave","Cleave"],"picked":"Seeing Red","floor":30},{"not_picked":["Immolate","Reaper"],"picked":"Barricade","floor":33},{"not_picked":["Anger","Seeing Red"],"picked":"Flame Barrier","floor":35},{"not_picked":["Twin Strike","Havoc"],"picked":"Disarm","floor":39}],"player_experience":245623,"potions_floor_usage":[10,16,22,23,29,29,40],"damage_taken":[{"damage":5,"enemies":"Cultist","floor":1,"turns":4},{"damage":7,"enemies":"2 Louse","floor":2,"turns":2},{"damage":5,"enemies":"Small Slimes","floor":5,"turns":3},{"damage":8,"enemies":"Blue Slaver","floor":10,"turns":5},{"damage":0,"enemies":"2 Fungi Beasts","floor":12,"turns":2},{"damage":14,"enemies":"3 Louse","floor":14,"turns":3},{"damage":32,"enemies":"Hexaghost","floor":16,"turns":8},{"damage":2,"enemies":"Shell Parasite","floor":18,"turns":5},{"damage":28,"enemies":"2 Thieves","floor":22,"turns":5},{"damage":35,"enemies":"3 Cultists","floor":23,"turns":6},{"damage":31,"enemies":"Snake Plant","floor":28,"turns":4},{"damage":28,"enemies":"Slavers","floor":29,"turns":4},{"damage":18,"enemies":"Centurion and Healer","floor":30,"turns":7},{"damage":75,"enemies":"Champ","floor":33,"turns":16},{"damage":62,"enemies":"3 Darklings","floor":35,"turns":7},{"damage":12,"enemies":"Orb Walker","floor":39,"turns":3},{"damage":74,"enemies":"Giant Head","floor":40,"turns":9}],"event_choices":[{"event_name":"Golden Wing","player_choice":"Gained Gold","floor":4,"damage_taken":0},{"event_name":"Scrap Ooze","player_choice":"success","floor":6,"damage_taken":18},{"event_name":"World of Goop","player_choice":"Gather Gold","floor":8,"damage_taken":0},{"event_name":"Dead Adventurer","player_choice":"Searched \u00272\u0027 times","floor":13,"damage_taken":0},{"event_name":"Forgotten Altar","player_choice":"Shed Blood","floor":20,"damage_taken":0},{"event_name":"Mysterious Sphere","player_choice":"Ignore","floor":38,"damage_taken":0}],"boss_relics":[{"not_picked":["Runic Cube","Ectoplasm"],"picked":"Black Blood"},{"not_picked":["Pandora\u0027s Box","White Beast Statue"],"picked":"Eternal Feather"}],"potions_floor_spawned":[2,10,14,18,22,23,39],"seed_played":"-5781519587206805626","killed_by":"Giant Head","ascension_level":1,"is_trial":false}