{"gold_per_floor":[116,116,129,29,39,74,102,114,150,162,184,219,242,274,286,398,410,442,186,197,197,197,197,197,197,197,46,46,63,73,83,83,187,187,197,197,297,297,313,348,348,366,366,384,384,384,404,404,404,404],"floor_reached":51,"playtime":6387,"items_purged":["Strike_B"],"score":874,"play_id":"68d1ab8e-cbf3-425b-87f6-68c1cb68e39b","local_time":"20190216175524","is_ascension_mode":true,"campfire_choices":[{"data":"Sunder","floor":8.0,"key":"SMITH"},{"data":"Zap","floor":10.0,"key":"SMITH"},{"floor":15.0,"key":"REST"},{"floor":23.0,"key":"REST"},{"floor":25.0,"key":"REST"},{"floor":28.0,"key":"REST"},{"floor":32.0,"key":"REST"},{"floor":41,"key":"REST"},{"floor":46,"key":"REST"},{"floor":49,"key":"REST"}],"neow_cost":"NONE","seed_source_timestamp":0,"circlet_count":0,"master_deck":["Strike_B","Strike_B","Strike_B+1","Defend_B","Defend_B","Defend_B+1","Defend_B","Zap+1","Dualcast","BootSequence","Sunder+1","Capacitor","Cold Snap","Go for the Eyes","Coolheaded","Compile Driver","Hologram","Fission","Double Energy+1","Defragment","Sweeping Beam+1","Reboot","Streamline+1","Madness","Madness","Steam Power+1","Consume+1","Skim+1","Go for the Eyes","Coolheaded+1"],"special_seed":0,"relics":["Cracked Core","NeowsBlessing","MawBank","DataDisk","Odd Mushroom","Fusion Hammer","Regal Pillow","Prayer Wheel","Enchiridion","Pear","Vajra","Cursed Key","Calipers","Potion Belt"],"potions_floor_usage":[35,40,40,42,42,42,44,50,50,50,50,50],"damage_taken":[{"damage":0.0,"enemies":"Small Slimes","floor":1.0,"turns":1.0},{"damage":0.0,"enemies":"Jaw Worm","floor":3.0,"turns":1.0},{"damage":0.0,"enemies":"Cultist","floor":5.0,"turns":1.0},{"damage":13.0,"enemies":"3 Sentries","floor":6.0,"turns":6.0},{"damage":0.0,"enemies":"Looter","floor":7.0,"turns":3.0},{"damage":4.0,"enemies":"Red Slaver","floor":11.0,"turns":3.0},{"damage":2.0,"enemies":"The Mushroom Lair","floor":12.0,"turns":4.0},{"damage":3.0,"enemies":"Exordium Thugs","floor":13.0,"turns":4.0},{"damage":0.0,"enemies":"Exordium Wildlife","floor":14.0,"turns":3.0},{"damage":27.0,"enemies":"Slime Boss","floor":16.0,"turns":12.0},{"damage":9.0,"enemies":"2 Thieves","floor":18.0,"turns":3.0},{"damage":3.0,"enemies":"Spheric Guardian","floor":20.0,"turns":3.0},{"damage":4.0,"enemies":"Shelled Parasite and Fungi","floor":29.0,"turns":4.0},{"damage":5.0,"enemies":"Snecko","floor":30.0,"turns":3.0},{"damage":6.0,"enemies":"3 Cultists","floor":31.0,"turns":6.0},{"damage":54.0,"enemies":"Collector","floor":33.0,"turns":11.0},{"damage":15,"enemies":"3 Darklings","floor":35,"turns":7},{"damage":11,"enemies":"Mind Bloom Boss Battle","floor":37,"turns":8},{"damage":0,"enemies":"Orb Walker","floor":39,"turns":3},{"damage":24,"enemies":"Reptomancer","floor":40,"turns":7},{"damage":29,"enemies":"Spire Growth","floor":42,"turns":4},{"damage":0,"enemies":"Transient","floor":44,"turns":5},{"damage":49,"enemies":"4 Shapes","floor":47,"turns":8},{"damage":33,"enemies":"Donu and Deca","floor":50,"turns":10}],"seed_played":"-2736106036437158315","potions_obtained":[{"floor":1.0,"key":"Block Potion"},{"floor":7.0,"key":"Regen Potion"},{"floor":11.0,"key":"Block Potion"},{"floor":12.0,"key":"Dexterity Potion"},{"floor":16.0,"key":"Fire Potion"},{"floor":20.0,"key":"SneckoOil"},{"floor":30.0,"key":"Regen Potion"},{"floor":33.0,"key":"EssenceOfSteel"},{"floor":35,"key":"EssenceOfSteel"},{"floor":40,"key":"EntropicBrew"},{"floor":44,"key":"FearPotion"},{"floor":45,"key":"AttackPotion"},{"floor":45,"key":"Dexterity Potion"}],"is_trial":false,"path_per_floor":["M","?","M","$","M","E","M","R","T","R","M","?","M","M","R","B",null,"M","$","M","T","?","R","?","R","T","$","R","M","M","M","R","B",null,"M","?","?","?","M","E","R","M","T","M","?","R","M","?","R","B",null],"character_chosen":"DEFECT","items_purchased":["Capacitor","Cold Snap","Defragment","Regal Pillow","Vajra"],"campfire_rested":8,"item_purchase_floors":[4,4,19,19,27],"current_hp_per_floor":[68,53,53,53,53,40,40,40,40,40,36,34,43,43,65,38,66,57,57,54,54,40,79,63,80,90,90,90,86,81,75,90,51,80,65,65,54,43,43,19,61,32,32,32,32,74,25,25,67,34],"gold":404,"neow_bonus":"THREE_ENEMY_KILL","is_prod":false,"is_daily":false,"chose_seed":false,"campfire_upgraded":2,"win_rate":0,"timestamp":1550357724,"path_taken":["M","?","M","$","?","E","M","R","T","R","M","?","M","M","R","BOSS","M","$","M","?","?","R","?","R","T","?","R","M","M","M","R","BOSS","M","?","?","?","M","E","R","M","T","M","?","R","?","?","R","BOSS"],"build_version":"2019-01-23","purchased_purges":1,"victory":true,"max_hp_per_floor":[75,75,75,75,75,75,75,75,75,75,75,75,75,75,75,75,75,75,75,75,75,80,80,80,80,90,90,90,90,90,90,90,90,90,90,90,90,90,90,90,90,90,90,90,90,90,90,90,90,90],"card_choices":[{"not_picked":["Barrage","Streamline"],"picked":"BootSequence","floor":1.0},{"not_picked":["Aggregate","Cold Snap"],"picked":"Sunder","floor":3.0},{"not_picked":["Ball Lightning","Force Field"],"picked":"Go for the Eyes","floor":5.0},{"not_picked":["Steam Power","Conserve Battery"],"picked":"Coolheaded","floor":6.0},{"not_picked":["Aggregate","Beam Cell"],"picked":"Compile Driver","floor":7.0},{"not_picked":["Streamline","Heatsinks","Leap"],"picked":"SKIP","floor":11.0},{"not_picked":["Melter","Amplify","Reprogram"],"picked":"SKIP","floor":13.0},{"not_picked":["Double Energy","Cold Snap"],"picked":"Hologram","floor":14.0},{"not_picked":["Electrodynamics","Rainbow"],"picked":"Fission","floor":16.0},{"not_picked":["Ball Lightning","Compile Driver+1"],"picked":"Double Energy+1","floor":18.0},{"not_picked":["Barrage+1","Steam Power","Conserve Battery+1"],"picked":"SKIP","floor":20.0},{"not_picked":["Beam Cell","Gash","Streamline"],"picked":"SKIP","floor":29.0},{"not_picked":["White Noise+1","Rebound","Sweeping Beam"],"picked":"SKIP","floor":29.0},{"not_picked":["Thunder Strike","Reprogram","Leap"],"picked":"SKIP","floor":30.0},{"not_picked":["Leap","Turbo","Darkness"],"picked":"SKIP","floor":30.0},{"not_picked":["Storm+1","Conserve Battery"],"picked":"Sweeping Beam+1","floor":31.0},{"not_picked":["Ball Lightning","Heatsinks","Force Field"],"picked":"SKIP","floor":31.0},{"not_picked":["Amplify","Biased Cognition"],"picked":"Reboot","floor":33.0},{"not_picked":["Steam+1","Ball Lightning+1","Beam Cell+1"],"picked":"SKIP","floor":35},{"not_picked":["Undo+1","Compile Driver","Cold Snap+1"],"picked":"SKIP","floor":35},{"not_picked":["Blizzard","Self Repair+1"],"picked":"Streamline+1","floor":37},{"not_picked":["Blizzard","Redo","Ball Lightning+1"],"picked":"SKIP","floor":39},{"not_picked":["Doom and Gloom+1","Glacier","Barrage"],"picked":"SKIP","floor":39},{"not_picked":["Stack+1","Core Surge"],"picked":"Steam Power+1","floor":40},{"not_picked":["Scrape","Turbo+1"],"picked":"Consume+1","floor":42},{"not_picked":["Double Energy+1","Coolheaded"],"picked":"Skim+1","floor":42},{"not_picked":["Barrage","Consume"],"picked":"Go for the Eyes","floor":44},{"not_picked":["Genetic Algorithm+1","Leap+1","Glacier"],"picked":"SKIP","floor":44},{"not_picked":["Redo+1","Conserve Battery"],"picked":"Coolheaded+1","floor":47},{"not_picked":["Skim+1","Doom and Gloom+1","Beam Cell"],"picked":"SKIP","floor":47}],"player_experience":556516,"relics_obtained":[{"floor":6.0,"key":"MawBank"},{"floor":9.0,"key":"DataDisk"},{"floor":12.0,"key":"Odd Mushroom"},{"floor":21.0,"key":"Prayer Wheel"},{"floor":24.0,"key":"Enchiridion"},{"floor":26.0,"key":"Pear"},{"floor":37,"key":"Calipers"},{"floor":40,"key":"Potion Belt"}],"event_choices":[{"event_name":"Shining Light","player_choice":"Entered Light","floor":2.0,"damage_taken":0.0},{"event_name":"Mushrooms","player_choice":"Fought Mushrooms","floor":12.0,"damage_taken":0.0},{"damage_healed":0.0,"max_hp_gain":5.0,"max_hp_loss":0.0,"gold_gain":0.0,"event_name":"Forgotten Altar","player_choice":"Shed Blood","floor":22.0,"gold_loss":0.0,"damage_taken":19.0},{"damage_healed":0.0,"max_hp_gain":0.0,"max_hp_loss":0.0,"gold_gain":0.0,"event_name":"Cursed Tome","player_choice":"Obtained Book","floor":24.0,"gold_loss":0.0,"damage_taken":16.0},{"damage_healed":0,"gold_gain":0,"player_choice":"Ignored","damage_taken":0,"max_hp_gain":0,"max_hp_loss":0,"event_name":"Tomb of Lord Red Mask","floor":36,"gold_loss":0},{"damage_healed":0,"gold_gain":0,"player_choice":"Fight","damage_taken":0,"max_hp_gain":0,"max_hp_loss":0,"event_name":"MindBloom","floor":37,"gold_loss":0},{"damage_healed":0,"gold_gain":0,"player_choice":"Embrace Madness","damage_taken":11,"max_hp_gain":0,"max_hp_loss":0,"event_name":"Winding Halls","floor":38,"gold_loss":0,"cards_obtained":["Madness","Madness"]},{"damage_healed":0,"gold_gain":0,"player_choice":"Got Potions","damage_taken":0,"max_hp_gain":0,"max_hp_loss":0,"event_name":"Lab","floor":45,"gold_loss":0},{"damage_healed":0,"gold_gain":0,"player_choice":"Ignored","damage_taken":0,"max_hp_gain":0,"max_hp_loss":0,"event_name":"The Moai Head","floor":48,"gold_loss":0}],"is_beta":false,"boss_relics":[{"not_picked":["Nuclear Battery","Philosopher\u0027s Stone"],"picked":"Fusion Hammer"},{"not_picked":["Coffee Dripper","Calling Bell"],"picked":"Cursed Key"}],"items_purged_floors":[19],"is_endless":false,"potions_floor_spawned":[1,7,11,12,16,20,30,33,35,40,44],"ascension_level":7}