{"path_per_floor":["M","M","?","$","M","R","M","$","T","E","M","T","M","M","R","B",null,"M","$","?","M"],"character_chosen":"IRONCLAD","items_purchased":["Mercury Hourglass","Flex"],"gold_per_floor":[109,120,295,10,29,29,40,40,40,66,80,106,117,129,129,229,229,198,123,93,106],"floor_reached":22,"campfire_rested":0,"playtime":893,"current_hp_per_floor":[80,80,80,80,76,76,80,80,80,76,80,80,80,80,80,67,80,50,50,50,25],"items_purged":["Doubt"],"gold":106,"score":188,"play_id":"3ba828e5-bf80-49c6-bf46-77df4148389c","local_time":"20180314055151","is_prod":false,"is_daily":false,"is_ascension_mode":false,"campfire_upgraded":2,"timestamp":1521015711,"path_taken":["M","M","?","$","M","R","M","$","T","E","M","?","M","M","R","BOSS","M","$","?","M","?"],"build_version":"2018-03-09","purchased_purges":1,"victory":false,"master_deck":["Strike_R","Strike_R","Strike_R","Strike_R","Strike_R","Defend_R","Defend_R","Defend_R","Defend_R","Bash","Cleave","Iron Wave","Doubt","Flex+1","Anger","Evolve","Fire Breathing+1","Intimidate","Double Tap","Pain","Decay","Shrug It Off+1","Iron Wave"],"max_hp_per_floor":[80,80,80,80,80,80,80,80,80,80,80,80,80,80,80,80,80,80,80,80,80],"relics":["Burning Blood","Mercury Hourglass","Letter Opener","Orichalcum","Bronze Scales","Calling Bell","Regal Pillow","Toxic Egg 2","Dream Catcher"],"card_choices":[{"not_picked":["Body Slam","Second Wind"],"picked":"Cleave"},{"not_picked":["Armaments","Shockwave"],"picked":"Iron Wave"},{"not_picked":["Seeing Red","Juggernaut"],"picked":"Anger"},{"not_picked":["Twin Strike","Sword Boomerang"],"picked":"Evolve"},{"not_picked":["Sentinel","Headbutt"],"picked":"Fire Breathing"},{"not_picked":["Combust","Sword Boomerang"],"picked":"Intimidate"},{"not_picked":["Brutality","Barricade"],"picked":"Double Tap"},{"not_picked":["Sword Boomerang","Clothesline"],"picked":"Shrug It Off"},{"not_picked":["Dropkick","Headbutt"],"picked":"Iron Wave"}],"player_experience":185821,"potions_floor_usage":[1,2,10,16,16,16,21,21,22],"damage_taken":[{"damage":1,"enemies":"Jaw Worm","floor":1,"turns":4},{"damage":2,"enemies":"Small Slimes","floor":2,"turns":3},{"damage":10,"enemies":"Cultist","floor":5,"turns":4},{"damage":2,"enemies":"Blue Slaver","floor":7,"turns":2},{"damage":10,"enemies":"Gremlin Nob","floor":10,"turns":4},{"damage":0,"enemies":"Lots of Slimes","floor":11,"turns":2},{"damage":3,"enemies":"Exordium Thugs","floor":13,"turns":4},{"damage":4,"enemies":"Blue Slaver","floor":14,"turns":3},{"damage":34,"enemies":"Slime Boss","floor":16,"turns":9},{"damage":36,"enemies":"2 Thieves","floor":18,"turns":5},{"damage":31,"enemies":"Spheric Guardian","floor":21,"turns":5},{"damage":27,"enemies":"Centurion and Healer","floor":22,"turns":4}],"event_choices":[{"event_name":"Liars Game","player_choice":"agreed","floor":3,"damage_taken":0},{"event_name":"The Woman in Blue","player_choice":"Bought 2 Potions","floor":20,"damage_taken":0}],"boss_relics":[{"not_picked":["White Beast Statue","Orrery"],"picked":"Calling Bell"}],"potions_floor_spawned":[5,11,14,18],"seed_played":"-635582110508666042","killed_by":"Centurion and Healer","ascension_level":0,"is_trial":false}