{"gold_per_floor":[109,122,122,135,210,238,255,255],"floor_reached":8,"playtime":288,"items_purged":[],"score":116,"play_id":"cc8a0d39-9c30-49fa-a382-f433d9dc29fc","local_time":"20190224092827","is_ascension_mode":true,"campfire_choices":[],"neow_cost":"NONE","seed_source_timestamp":15686637926661571,"circlet_count":0,"master_deck":["AscendersBane","Strike_R","Strike_R","Strike_R","Strike_R","Strike_R","Defend_R","Defend_R","Defend_R","Defend_R","Bash","Shockwave","Metallicize","Dropkick","Demon Form","Headbutt"],"relics":["Burning Blood","NeowsBlessing","FaceOfCleric","Magic Flower"],"potions_floor_usage":[6],"damage_taken":[{"damage":0,"enemies":"Jaw Worm","floor":1,"turns":1},{"damage":0,"enemies":"Cultist","floor":2,"turns":1},{"damage":0,"enemies":"Small Slimes","floor":4,"turns":2},{"damage":32,"enemies":"3 Sentries","floor":6,"turns":10},{"damage":8,"enemies":"Exordium Wildlife","floor":7,"turns":5},{"damage":55,"enemies":"Gremlin Nob","floor":8,"turns":5}],"seed_played":"-4992069790703495524","potions_obtained":[{"floor":4,"key":"AttackPotion"}],"is_trial":false,"path_per_floor":["M","M","?","M","?","E","M","E"],"character_chosen":"IRONCLAD","items_purchased":[],"campfire_rested":0,"item_purchase_floors":[],"current_hp_per_floor":[74,75,75,76,65,40,43,0],"gold":255,"neow_bonus":"THREE_ENEMY_KILL","is_prod":false,"is_daily":false,"chose_seed":false,"campfire_upgraded":0,"win_rate":0,"timestamp":1550996907,"path_taken":["M","M","?","?","?","E","M","E"],"build_version":"2019-01-23","purchased_purges":0,"victory":false,"max_hp_per_floor":[75,75,75,76,76,77,78,78],"card_choices":[{"not_picked":["Clash","Reckless Charge"],"picked":"Shockwave","floor":1},{"not_picked":["Shockwave","Disarm"],"picked":"Metallicize","floor":2},{"not_picked":["Warcry","Blood for Blood"],"picked":"Dropkick","floor":4},{"not_picked":["Heavy Blade","Metallicize"],"picked":"Demon Form","floor":6},{"not_picked":["Spot Weakness","Fire Breathing"],"picked":"Headbutt","floor":7}],"player_experience":438424,"relics_obtained":[{"floor":6,"key":"Magic Flower"}],"event_choices":[{"damage_healed":0,"gold_gain":0,"player_choice":"Trade","damage_taken":0,"relics_obtained":["FaceOfCleric"],"max_hp_gain":0,"max_hp_loss":0,"event_name":"FaceTrader","floor":3,"gold_loss":0},{"damage_healed":0,"gold_gain":75,"player_choice":"Gather Gold","damage_taken":11,"max_hp_gain":0,"max_hp_loss":0,"event_name":"World of Goop","floor":5,"gold_loss":0}],"is_beta":false,"boss_relics":[],"items_purged_floors":[],"is_endless":false,"potions_floor_spawned":[4],"killed_by":"Gremlin Nob","ascension_level":20}