{"gold_per_floor":[112,128,39,39,39,72,72,84,84,99,125,139,139,170,170,249,249,269,34,47,59,59,59,59],"floor_reached":24,"playtime":1016,"items_purged":["Regret"],"score":482,"play_id":"2c2790e5-c5ff-49f8-a049-522533209c96","local_time":"20190224134416","is_ascension_mode":true,"campfire_choices":[{"data":"Poisoned Stab","floor":7.0,"key":"SMITH"},{"floor":13.0,"key":"REST"},{"data":"Deadly Poison","floor":15.0,"key":"SMITH"},{"data":"Footwork","floor":23,"key":"SMITH"}],"neow_cost":"NONE","seed_source_timestamp":0,"circlet_count":0,"master_deck":["AscendersBane","Defend_G","Defend_G","Defend_G","Defend_G","Defend_G+1","Strike_G","Strike_G","Strike_G","Strike_G","Strike_G","Survivor","Neutralize","Poisoned Stab+1","Dash","Venomology+1","PiercingWail","Dagger Spray","Backflip","Backflip","Deadly Poison+1","After Image","Deadly Poison","Burst","Footwork+1","RitualDagger"],"special_seed":0,"relics":["Ring of the Snake","NeowsBlessing","Pantograph","War Paint","Mercury Hourglass","Letter Opener","Blood Vial","HoveringKite"],"potions_floor_usage":[18,20,24,24],"damage_taken":[{"damage":0.0,"enemies":"Small Slimes","floor":1.0,"turns":1.0},{"damage":0.0,"enemies":"Jaw Worm","floor":2.0,"turns":1.0},{"damage":0.0,"enemies":"Lagavulin","floor":6.0,"turns":1.0},{"damage":0.0,"enemies":"Cultist","floor":8.0,"turns":3.0},{"damage":0.0,"enemies":"Lots of Slimes","floor":10.0,"turns":2.0},{"damage":36.0,"enemies":"Gremlin Nob","floor":11.0,"turns":5.0},{"damage":7.0,"enemies":"Exordium Thugs","floor":12.0,"turns":5.0},{"damage":13.0,"enemies":"3 Sentries","floor":14.0,"turns":8.0},{"damage":16.0,"enemies":"Hexaghost","floor":16.0,"turns":9.0},{"damage":0,"enemies":"3 Byrds","floor":18,"turns":2},{"damage":12,"enemies":"Spheric Guardian","floor":20,"turns":6},{"damage":4,"enemies":"Snake Plant","floor":21,"turns":5},{"damage":79,"enemies":"Gremlin Leader","floor":24,"turns":5}],"seed_played":"-7966124358249312254","potions_obtained":[{"floor":1.0,"key":"GamblersBrew"},{"floor":2.0,"key":"Weak Potion"},{"floor":12.0,"key":"Block Potion"},{"floor":18,"key":"Explosive Potion"},{"floor":20,"key":"Regen Potion"}],"is_trial":false,"path_per_floor":["M","M","$","?","?","E","R","M","T","M","E","M","R","E","R","B",null,"M","$","M","M","?","R","E"],"character_chosen":"THE_SILENT","items_purchased":["Dash","Burst"],"campfire_rested":1,"item_purchase_floors":[3,19],"current_hp_per_floor":[59,59,59,59,59,59,59,59,59,59,23,16,35,22,22,33,58,60,60,50,48,42,42,0],"gold":59,"neow_bonus":"THREE_ENEMY_KILL","is_prod":false,"is_daily":false,"chose_seed":false,"campfire_upgraded":3,"win_rate":0,"timestamp":1551012256,"path_taken":["M","M","$","?","?","E","R","?","T","M","E","M","R","E","R","BOSS","M","$","M","?","?","R","E"],"build_version":"2019-02-06","purchased_purges":1,"victory":false,"max_hp_per_floor":[66,66,66,66,66,66,66,66,66,66,66,66,66,66,66,66,66,66,66,66,66,66,66,66],"card_choices":[{"not_picked":["Outmaneuver","Bane"],"picked":"Poisoned Stab","floor":1.0},{"not_picked":["Finisher","Prepared","Riddle With Holes"],"picked":"SKIP","floor":2.0},{"not_picked":["Acrobatics","Sucker Punch"],"picked":"PiercingWail","floor":6.0},{"not_picked":["Endless Agony","Poisoned Stab"],"picked":"Dagger Spray","floor":8.0},{"not_picked":["Sucker Punch","PiercingWail"],"picked":"Backflip","floor":10.0},{"not_picked":["Sucker Punch","Choke","Finisher"],"picked":"SKIP","floor":11.0},{"not_picked":["Riddle With Holes","Heel Hook"],"picked":"Backflip","floor":12.0},{"not_picked":["Adrenaline","Underhanded Strike"],"picked":"Deadly Poison","floor":14.0},{"not_picked":["A Thousand Cuts","Envenom"],"picked":"After Image","floor":16.0},{"not_picked":["Dagger Throw","Outmaneuver"],"picked":"Deadly Poison","floor":18},{"not_picked":["Infinite Blades","Outmaneuver","Deadly Poison"],"picked":"SKIP","floor":20},{"not_picked":["Quick Slash","Escape Plan"],"picked":"Footwork","floor":21}],"player_experience":975523,"relics_obtained":[{"floor":6.0,"key":"War Paint"},{"floor":9.0,"key":"Mercury Hourglass"},{"floor":11.0,"key":"Letter Opener"},{"floor":14.0,"key":"Blood Vial"}],"event_choices":[{"damage_healed":0.0,"max_hp_gain":0.0,"max_hp_loss":0.0,"gold_gain":0.0,"event_name":"Big Fish","player_choice":"Box","floor":4.0,"gold_loss":0.0,"damage_taken":0.0,"relics_obtained":["Pantograph"],"cards_obtained":["Regret"]},{"damage_healed":0.0,"max_hp_gain":0.0,"max_hp_loss":0.0,"gold_gain":0.0,"event_name":"Match and Keep!","player_choice":"1 cards matched","floor":5.0,"gold_loss":0.0,"damage_taken":0.0,"cards_obtained":["Venomology"]},{"damage_healed":0,"gold_gain":0,"player_choice":"Joined the Cult","damage_taken":6,"max_hp_gain":0,"max_hp_loss":0,"event_name":"Nest","floor":22,"gold_loss":0,"cards_obtained":["RitualDagger"]}],"is_beta":true,"boss_relics":[{"not_picked":["Pandora\u0027s Box","Black Star"],"picked":"HoveringKite"}],"items_purged_floors":[19],"is_endless":false,"potions_floor_spawned":[1,2,12,14,18,20],"killed_by":"Gremlin Leader","ascension_level":20}