{"gold_per_floor":[111,125,125,137,163,163,179,212,212,212,228,228,228,228,228,299,299,239,239,239,164,164,164,164,164,164,164,164,164,164,164,164,164],"floor_reached":33,"playtime":1698,"items_purged":["Strike_R"],"score":530,"play_id":"4e0d02c7-dd41-4c65-89ce-2e7b7438835f","local_time":"20190116231733","is_ascension_mode":true,"campfire_choices":[{"data":"Armaments","floor":6,"key":"SMITH"},{"data":"Bludgeon","floor":10,"key":"SMITH"},{"data":"Clothesline","floor":12,"key":"SMITH"},{"data":"Bash","floor":15,"key":"SMITH"},{"floor":23,"key":"REST"},{"floor":25,"key":"REST"},{"data":"Power Through","floor":29,"key":"SMITH"},{"floor":32,"key":"REST"}],"neow_cost":"TEN_PERCENT_HP_LOSS","seed_source_timestamp":11996457740721,"circlet_count":0,"master_deck":["AscendersBane","Strike_R","Strike_R","Strike_R+1","Defend_R","Defend_R","Defend_R","Defend_R","Bash+1","Bludgeon+1","Clothesline+1","Rage+1","Armaments+1","Clash","Dark Embrace+1","Metallicize+1","Demon Form+1","Feel No Pain+1","Bloodletting+1","Power Through+1","Disarm","Evolve+1"],"relics":["Burning Blood","Ancient Tea Set","Frozen Egg 2","Ginger","Ectoplasm","GremlinMask","Red Mask","Paper Frog","Bottled Lightning"],"potions_floor_usage":[8,20,20,31,33],"damage_taken":[{"damage":1,"enemies":"Cultist","floor":1,"turns":3},{"damage":6,"enemies":"Small Slimes","floor":2,"turns":3},{"damage":11,"enemies":"Jaw Worm","floor":4,"turns":4},{"damage":15,"enemies":"Lots of Slimes","floor":7,"turns":5},{"damage":12,"enemies":"Lagavulin","floor":8,"turns":5},{"damage":11,"enemies":"3 Louse","floor":11,"turns":2},{"damage":22,"enemies":"Slime Boss","floor":16,"turns":11},{"damage":7,"enemies":"2 Thieves","floor":18,"turns":4},{"damage":14,"enemies":"3 Byrds","floor":20,"turns":6},{"damage":30,"enemies":"Masked Bandits","floor":22,"turns":5},{"damage":11,"enemies":"Snake Plant","floor":24,"turns":4},{"damage":21,"enemies":"Shelled Parasite and Fungi","floor":28,"turns":5},{"damage":13,"enemies":"Centurion and Healer","floor":30,"turns":6},{"damage":27,"enemies":"Slavers","floor":31,"turns":8},{"damage":46,"enemies":"Automaton","floor":33,"turns":8}],"seed_played":"3153022486305703934","potions_obtained":[{"floor":7,"key":"PowerPotion"},{"floor":16,"key":"Fire Potion"},{"floor":18,"key":"BloodPotion"},{"floor":28,"key":"Strength Potion"},{"floor":30,"key":"AttackPotion"},{"floor":31,"key":"SmokeBomb"}],"is_trial":false,"path_per_floor":["M","M","?","M","T","R","M","E","T","R","M","R","?","?","R","B",null,"M","?","M","$","?","R","M","R","T","?","M","R","M","E","R","B"],"character_chosen":"IRONCLAD","items_purchased":[],"campfire_rested":3,"item_purchase_floors":[],"current_hp_per_floor":[68,68,48,43,43,43,34,28,28,28,23,23,5,27,27,11,54,53,53,51,51,27,47,42,62,62,62,47,47,40,19,39,0],"gold":164,"neow_bonus":"THREE_RARE_CARDS","is_prod":false,"is_daily":false,"chose_seed":false,"campfire_upgraded":5,"win_rate":0,"timestamp":1547677053,"path_taken":["M","?","?","M","?","R","M","E","T","R","?","R","?","?","R","BOSS","M","?","?","?","?","R","M","R","T","?","M","R","M","E","R","BOSS"],"build_version":"2019-01-14v2","purchased_purges":1,"victory":false,"max_hp_per_floor":[68,68,68,68,68,68,68,68,68,68,68,68,68,68,68,68,68,68,68,68,68,68,68,68,68,68,68,68,68,68,68,68,68],"card_choices":[{"not_picked":["Reaper","Offering"],"picked":"Bludgeon","floor":0},{"not_picked":["Thunderclap","Rage"],"picked":"Clothesline","floor":1},{"not_picked":["Heavy Blade","Body Slam"],"picked":"Rage","floor":2},{"not_picked":["Entrench","Searing Blow"],"picked":"Armaments","floor":4},{"not_picked":["Searing Blow","Sever Soul"],"picked":"Clash","floor":7},{"not_picked":["Wild Strike","Clothesline"],"picked":"Dark Embrace","floor":8},{"not_picked":["Sword Boomerang","Sentinel"],"picked":"Metallicize+1","floor":11},{"not_picked":["Berserk+1","Feed"],"picked":"Demon Form+1","floor":16},{"not_picked":["Sword Boomerang","Clothesline+1","Armaments"],"picked":"SKIP","floor":18},{"not_picked":["Twin Strike","Anger"],"picked":"Feel No Pain+1","floor":20},{"not_picked":["Twin Strike","Clothesline"],"picked":"Bloodletting+1","floor":22},{"not_picked":["Limit Break","Pommel Strike","Armaments"],"picked":"SKIP","floor":24},{"not_picked":["Twin Strike+1","Thunderclap"],"picked":"Power Through","floor":28},{"not_picked":["Rupture+1","Wild Strike+1"],"picked":"Disarm","floor":30},{"not_picked":["Thunderclap","Reaper"],"picked":"Evolve+1","floor":31}],"player_experience":890945,"relics_obtained":[{"floor":5,"key":"Ancient Tea Set"},{"floor":8,"key":"Frozen Egg 2"},{"floor":9,"key":"Ginger"},{"floor":22,"key":"Red Mask"},{"floor":26,"key":"Paper Frog"},{"floor":31,"key":"Bottled Lightning"}],"event_choices":[{"damage_healed":0,"gold_gain":0,"player_choice":"Entered Light","damage_taken":20,"max_hp_gain":0,"max_hp_loss":0,"event_name":"Shining Light","floor":3,"gold_loss":0,"cards_upgraded":["Strike_R","Rage"]},{"damage_healed":0,"gold_gain":0,"player_choice":"Fled","damage_taken":18,"max_hp_gain":0,"max_hp_loss":0,"event_name":"Scrap Ooze","floor":13,"gold_loss":0},{"damage_healed":22,"gold_gain":0,"player_choice":"Banana","damage_taken":0,"max_hp_gain":0,"max_hp_loss":0,"event_name":"Big Fish","floor":14,"gold_loss":0},{"damage_healed":0,"gold_gain":0,"player_choice":"Trade","damage_taken":0,"relics_obtained":["GremlinMask"],"max_hp_gain":0,"max_hp_loss":0,"event_name":"FaceTrader","floor":19,"gold_loss":0},{"damage_healed":0,"gold_gain":0,"player_choice":"Fought Bandits","damage_taken":0,"max_hp_gain":0,"max_hp_loss":0,"event_name":"Masked Bandits","floor":22,"gold_loss":0},{"cards_removed":["Strike_R"],"damage_healed":0,"gold_gain":0,"player_choice":"Elegance","damage_taken":0,"max_hp_gain":0,"max_hp_loss":0,"event_name":"Back to Basics","floor":27,"gold_loss":0}],"is_beta":true,"boss_relics":[{"not_picked":["Runic Dome","Coffee Dripper"],"picked":"Ectoplasm"}],"items_purged_floors":[21],"is_endless":false,"potions_floor_spawned":[7,16,18,28,30,31],"killed_by":"Automaton","ascension_level":20}