{"gold_per_floor":[215,14,24,38,48,48,74,86,122,134,146,178,190,218,230,337,349,371,395,407,24,24],"floor_reached":22,"playtime":1110,"items_purged":[],"score":205,"play_id":"3a7aff5e-ac36-4d3f-95f6-046598f6f4eb","local_time":"20181224020351","is_ascension_mode":true,"campfire_choices":[{"floor":6,"key":"REST"},{"floor":10,"key":"REST"},{"data":"Storm","floor":13,"key":"SMITH"},{"floor":15,"key":"REST"}],"neow_cost":"NONE","seed_source_timestamp":280473946824384,"circlet_count":0,"master_deck":["Strike_B","Strike_B","Strike_B","Strike_B","Defend_B","Defend_B","Defend_B","Defend_B","Zap","Dualcast","FTL","Storm+1","Force Field","Conserve Battery","Ball Lightning","Chaos","Reinforced Body","White Noise","Machine Learning","Echo Form","Doom and Gloom+1","Sunder"],"relics":["Cracked Core","MawBank","Bronze Scales","Cursed Key","Vajra","Mercury Hourglass"],"potions_floor_usage":[14,16,19,22],"damage_taken":[{"damage":3,"enemies":"Small Slimes","floor":1,"turns":6},{"damage":10,"enemies":"2 Louse","floor":3,"turns":3},{"damage":1,"enemies":"Cultist","floor":4,"turns":3},{"damage":16,"enemies":"Lots of Slimes","floor":5,"turns":3},{"damage":9,"enemies":"Lagavulin","floor":7,"turns":8},{"damage":4,"enemies":"Looter","floor":12,"turns":5},{"damage":13,"enemies":"Exordium Thugs","floor":14,"turns":4},{"damage":17,"enemies":"The Guardian","floor":16,"turns":12},{"damage":7,"enemies":"Chosen","floor":18,"turns":4},{"damage":30,"enemies":"Spheric Guardian","floor":19,"turns":4},{"damage":15,"enemies":"Colosseum Slavers","floor":22,"turns":3},{"damage":28,"enemies":"Colosseum Nobs","floor":22,"turns":3}],"seed_played":"-7793815571254273447","potions_obtained":[{"floor":12,"key":"AttackPotion"},{"floor":14,"key":"Weak Potion"},{"floor":16,"key":"GamblersBrew"},{"floor":19,"key":"SkillPotion"}],"is_trial":false,"path_per_floor":["M","$","M","M","M","R","E","?","T","R","$","M","R","M","R","B",null,"M","M","?","$","?"],"character_chosen":"DEFECT","items_purchased":["Storm","Force Field","Conserve Battery","Vajra","Mercury Hourglass"],"campfire_rested":3,"item_purchase_floors":[2,2,2,21,21],"current_hp_per_floor":[72,72,62,61,45,67,58,58,58,75,75,71,71,58,75,58,75,68,38,38,38,0],"gold":24,"neow_bonus":"HUNDRED_GOLD","is_prod":false,"is_daily":false,"chose_seed":false,"campfire_upgraded":1,"win_rate":0,"timestamp":1545629631,"path_taken":["M","$","M","M","M","R","E","?","T","R","$","M","R","M","R","BOSS","M","M","?","$","?"],"build_version":"2018-12-20","purchased_purges":0,"victory":false,"max_hp_per_floor":[75,75,75,75,75,75,75,75,75,75,75,75,75,75,75,75,75,75,75,75,75,75],"card_choices":[{"not_picked":["Turbo","Stack"],"picked":"FTL","floor":1},{"not_picked":["Stack","Compile Driver"],"picked":"Ball Lightning","floor":3},{"not_picked":["Compile Driver","Conserve Battery"],"picked":"Chaos","floor":4},{"not_picked":["Steam","Gash"],"picked":"Reinforced Body","floor":5},{"not_picked":["Sweeping Beam","Beam Cell"],"picked":"White Noise","floor":7},{"not_picked":["Go for the Eyes","Turbo"],"picked":"Machine Learning","floor":12},{"not_picked":["Stack","Ball Lightning","FTL"],"picked":"SKIP","floor":14},{"not_picked":["Machine Learning","Thunder Strike"],"picked":"Echo Form","floor":16},{"not_picked":["Streamline","Consume+1"],"picked":"Doom and Gloom+1","floor":18},{"not_picked":["Fusion","Sweeping Beam"],"picked":"Sunder","floor":19}],"player_experience":531911,"relics_obtained":[{"floor":7,"key":"MawBank"},{"floor":9,"key":"Bronze Scales"}],"event_choices":[{"damage_healed":0,"gold_gain":0,"player_choice":"Ignored","damage_taken":0,"max_hp_gain":0,"max_hp_loss":0,"event_name":"Golden Wing","floor":8,"gold_loss":0},{"damage_healed":0,"gold_gain":0,"player_choice":"Ignored","damage_taken":0,"max_hp_gain":0,"max_hp_loss":0,"event_name":"Cursed Tome","floor":20,"gold_loss":0},{"damage_healed":0,"gold_gain":0,"player_choice":"Fight","damage_taken":0,"max_hp_gain":0,"max_hp_loss":0,"event_name":"Colosseum","floor":22,"gold_loss":0},{"damage_healed":0,"gold_gain":0,"player_choice":"Fought Nobs","damage_taken":0,"max_hp_gain":0,"max_hp_loss":0,"event_name":"Colosseum","floor":22,"gold_loss":0}],"is_beta":true,"boss_relics":[{"not_picked":["Coffee Dripper","Ectoplasm"],"picked":"Cursed Key"}],"items_purged_floors":[],"is_endless":false,"potions_floor_spawned":[12,14,16,19],"killed_by":"Colosseum Nobs","ascension_level":2}