{"gold_per_floor":[117,132,143,143,143,143,163,163,245,257,272,328,358,83,83,183,183,200,200,216,70,70,70,95,95,167,180,80,110,110,125,125,227,227,239,239,1238,714,714,714,714],"floor_reached":41,"playtime":2055,"items_purged":["Decay","Shame"],"score":488,"play_id":"d52fa870-c925-4c57-a88c-15433a8f2424","local_time":"20181218031528","is_ascension_mode":true,"campfire_choices":[{"data":"Dagger Spray","floor":6,"key":"SMITH"},{"data":"Accuracy","floor":8,"key":"SMITH"},{"data":"Infinite Blades","floor":15,"key":"SMITH"},{"data":"Accuracy","floor":23,"key":"SMITH"},{"floor":25,"key":"REST"},{"floor":32,"key":"REST"},{"data":"Backflip","floor":40,"key":"SMITH"}],"neow_cost":"NONE","seed_source_timestamp":375571895186763,"circlet_count":0,"master_deck":["Defend_G","Defend_G","Defend_G","Defend_G","Defend_G","Strike_G","Strike_G","Strike_G","Strike_G","Survivor","Neutralize","Backflip","Backflip+1","Dagger Spray+1","Accuracy+1","Blade Dance","Leg Sweep","Blade Dance","Cloak And Dagger","Infinite Blades+1","Decay","Backflip+1","Accuracy+1","Corpse Explosion","Tactician","PiercingWail","Storm of Steel","Normality","Normality","Discovery"],"relics":["Velvet Choker","Ninja Scroll","Bottled Lightning","Blue Candle","Odd Mushroom","OrangePellets","Calling Bell","Oddly Smooth Stone","Shuriken","Gambling Chip","Shovel","Frozen Egg 2","Regal Pillow","WristBlade","Du-Vu Doll","Juzu Bracelet"],"potions_floor_usage":[12,13,27,29,31,33],"damage_taken":[{"damage":0,"enemies":"Cultist","floor":1,"turns":4},{"damage":0,"enemies":"Small Slimes","floor":2,"turns":3},{"damage":0,"enemies":"Jaw Worm","floor":3,"turns":4},{"damage":0,"enemies":"3 Louse","floor":7,"turns":1},{"damage":0,"enemies":"Looter","floor":10,"turns":4},{"damage":0,"enemies":"Large Slime","floor":11,"turns":5},{"damage":5,"enemies":"Gremlin Nob","floor":12,"turns":4},{"damage":4,"enemies":"The Mushroom Lair","floor":13,"turns":4},{"damage":52,"enemies":"Hexaghost","floor":16,"turns":10},{"damage":1,"enemies":"Chosen","floor":18,"turns":4},{"damage":7,"enemies":"Shell Parasite","floor":20,"turns":4},{"damage":28,"enemies":"Gremlin Leader","floor":24,"turns":7},{"damage":2,"enemies":"Centurion and Healer","floor":27,"turns":5},{"damage":13,"enemies":"Book of Stabbing","floor":29,"turns":6},{"damage":13,"enemies":"Sentry and Sphere","floor":31,"turns":5},{"damage":44,"enemies":"Collector","floor":33,"turns":8},{"damage":3,"enemies":"Orb Walker","floor":35,"turns":4},{"damage":86,"enemies":"Giant Head","floor":41,"turns":7}],"seed_played":"-7296285737050685346","potions_obtained":[{"floor":1,"key":"GhostInAJar"},{"floor":11,"key":"LiquidBronze"},{"floor":16,"key":"Swift Potion"},{"floor":20,"key":"Swift Potion"},{"floor":27,"key":"PowerPotion"},{"floor":31,"key":"Fire Potion"}],"is_trial":false,"path_per_floor":["M","M","M","?","T","R","M","R","T","M","M","?","?","$","R","B",null,"M","?","M","$","?","R","E","R","T","M","$","E","?","M","R","B",null,"M","?","?","$","?","R","E"],"character_chosen":"THE_SILENT","items_purchased":["OrangePellets","Infinite Blades","Accuracy","Du-Vu Doll","Discovery","Juzu Bracelet"],"campfire_rested":2,"item_purchase_floors":[14,14,21,38,38,38],"current_hp_per_floor":[70,70,70,70,70,70,70,70,70,70,70,65,61,61,61,9,70,69,56,49,49,85,85,57,82,82,80,80,67,67,54,85,41,85,82,82,82,82,82,82,0],"gold":714,"neow_bonus":"BOSS_RELIC","is_prod":false,"is_daily":false,"chose_seed":false,"campfire_upgraded":5,"win_rate":0,"timestamp":1545115528,"path_taken":["M","M","?","?","?","R","M","R","T","M","M","?","?","$","R","BOSS","M","?","M","$","?","R","E","R","T","?","$","E","?","M","R","BOSS","M","?","?","$","?","R","E"],"build_version":"2018-12-13","purchased_purges":2,"victory":false,"max_hp_per_floor":[70,70,70,70,70,70,70,70,70,70,70,70,70,70,70,70,70,70,75,75,75,85,85,85,85,85,85,85,85,85,85,85,85,85,85,85,85,85,85,85,85],"card_choices":[{"not_picked":["Terror","PiercingWail"],"picked":"Backflip","floor":1},{"not_picked":["Masterful Stab","Bane"],"picked":"Backflip","floor":2},{"not_picked":["Quick Slash","Underhanded Strike"],"picked":"Dagger Spray","floor":3},{"not_picked":["Blade Dance","Poisoned Stab"],"picked":"Accuracy","floor":7},{"not_picked":["Slice","Bullet Time"],"picked":"Blade Dance","floor":10},{"not_picked":["Predator","Backflip"],"picked":"Leg Sweep","floor":11},{"not_picked":["Well Laid Plans","Flying Knee"],"picked":"Blade Dance","floor":12},{"not_picked":["Underhanded Strike","Leg Sweep"],"picked":"Cloak And Dagger","floor":13},{"not_picked":["Doppelganger","Bullet Time"],"picked":"Adrenaline","floor":16},{"not_picked":["Poisoned Stab","Flying Knee+1","Quick Slash"],"picked":"SKIP","floor":18},{"not_picked":["Cloak And Dagger","Backstab"],"picked":"Backflip+1","floor":20},{"not_picked":["Outmaneuver+1","Dagger Throw"],"picked":"Corpse Explosion","floor":24},{"not_picked":["Quick Slash","Acrobatics","Heel Hook"],"picked":"SKIP","floor":27},{"not_picked":["Flying Knee","Blade Dance"],"picked":"Tactician","floor":29},{"not_picked":["Blade Dance","PiercingWail","Cloak And Dagger"],"picked":"SKIP","floor":31},{"not_picked":["Phantasmal Killer","Die Die Die"],"picked":"Storm of Steel","floor":33},{"not_picked":["Underhanded Strike","Dagger Spray","Dagger Throw"],"picked":"SKIP","floor":35}],"player_experience":511770,"relics_obtained":[{"floor":5,"key":"Ninja Scroll"},{"floor":9,"key":"Bottled Lightning"},{"floor":13,"key":"Odd Mushroom"},{"floor":17,"key":"Oddly Smooth Stone"},{"floor":17,"key":"Shuriken"},{"floor":17,"key":"Gambling Chip"},{"floor":24,"key":"Shovel"},{"floor":26,"key":"Frozen Egg 2"},{"floor":29,"key":"Regal Pillow"}],"event_choices":[{"damage_healed":0,"gold_gain":0,"player_choice":"Leave","damage_taken":0,"max_hp_gain":0,"max_hp_loss":0,"event_name":"The Cleric","floor":4,"gold_loss":0},{"damage_healed":0,"gold_gain":0,"player_choice":"Searched \u00272\u0027 times","damage_taken":0,"relics_obtained":["Blue Candle"],"max_hp_gain":0,"max_hp_loss":0,"event_name":"Dead Adventurer","floor":12,"gold_loss":0},{"damage_healed":0,"gold_gain":0,"player_choice":"Fought Mushrooms","damage_taken":0,"max_hp_gain":0,"max_hp_loss":0,"event_name":"Mushrooms","floor":13,"gold_loss":0},{"damage_healed":0,"gold_gain":0,"player_choice":"Shed Blood","damage_taken":18,"max_hp_gain":5,"max_hp_loss":0,"event_name":"Forgotten Altar","floor":19,"gold_loss":0},{"cards_removed":["Adrenaline"],"damage_healed":26,"gold_gain":0,"player_choice":"Offered Rare","damage_taken":0,"max_hp_gain":10,"max_hp_loss":0,"event_name":"Bonfire Elementals","floor":22,"gold_loss":0},{"damage_healed":0,"gold_gain":0,"player_choice":"Read","damage_taken":0,"max_hp_gain":0,"max_hp_loss":0,"event_name":"The Library","floor":30,"gold_loss":0,"cards_obtained":["PiercingWail"]},{"cards_removed":["Strike_G"],"damage_healed":0,"gold_gain":0,"player_choice":"Removed Attack","damage_taken":0,"max_hp_gain":0,"max_hp_loss":0,"event_name":"Falling","floor":36,"gold_loss":0},{"damage_healed":0,"gold_gain":999,"player_choice":"Gold","damage_taken":0,"max_hp_gain":0,"max_hp_loss":0,"event_name":"MindBloom","floor":37,"gold_loss":0,"cards_obtained":["Normality","Normality"]},{"damage_healed":0,"gold_gain":0,"player_choice":"Ignored","damage_taken":0,"max_hp_gain":0,"max_hp_loss":0,"event_name":"Tomb of Lord Red Mask","floor":39,"gold_loss":0}],"is_beta":true,"boss_relics":[{"not_picked":["Sozu","Philosopher\u0027s Stone"],"picked":"Calling Bell"},{"not_picked":["Pandora\u0027s Box","HoveringKite"],"picked":"WristBlade"}],"items_purged_floors":[21,28],"is_endless":false,"potions_floor_spawned":[1,11,16,20,27,31],"killed_by":"Giant Head","ascension_level":1}