{"gold_per_floor":[109,121,121,133,146,146,181,181,181,206,206,206,233,248,248,347,347,365,160,259,49,49,49,19,19,19,19,33,33,0,34,34,139,139,151,151,111,131,131,131,150,160,160,160,160,191,210,4,4,4],"floor_reached":51,"playtime":7162,"items_purged":["Strike_G"],"score":1142,"play_id":"f06f6e07-a58f-4de8-8dc8-e38e8fcc274b","local_time":"20190105200917","is_ascension_mode":true,"campfire_choices":[{"data":"Neutralize","floor":6.0,"key":"SMITH"},{"data":"Noxious Fumes","floor":8.0,"key":"SMITH"},{"floor":11.0,"key":"REST"},{"floor":15.0,"key":"REST"},{"data":"Footwork","floor":23.0,"key":"SMITH"},{"data":"Footwork","floor":25.0,"key":"SMITH"},{"floor":27.0,"key":"REST"},{"data":"Burst","floor":32.0,"key":"SMITH"},{"floor":40.0,"key":"REST"},{"floor":49,"key":"REST"}],"neow_cost":"NONE","seed_source_timestamp":0,"circlet_count":0,"master_deck":["AscendersBane","Defend_G+1","Defend_G+1","Defend_G+1","Defend_G+1","Defend_G+1","Strike_G+1","Survivor","Neutralize+1","Quick Slash","Flying Knee","Backflip","Caltrops+1","Noxious Fumes+1","Dash+1","Flying Knee+1","Burst+1","Dodge and Roll+1","Well Laid Plans","Footwork+1","Footwork+1","Dagger Spray+1","Escape Plan","Escape Plan","Envenom+1","Catalyst+1","PiercingWail","PiercingWail+1","Footwork+1","Poisoned Stab+1","Dodge and Roll"],"special_seed":0,"relics":["Ring of the Serpent","CultistMask","Molten Egg 2","Gremlin Horn","The Courier","Singing Bowl","Bag of Marbles","Anchor","Letter Opener","Art of War","Fusion Hammer","Sundial","Tingsha","Bag of Preparation"],"potions_floor_usage":[47,50,50,50],"damage_taken":[{"damage":4.0,"enemies":"Small Slimes","floor":1.0,"turns":7.0},{"damage":0.0,"enemies":"Cultist","floor":2.0,"turns":4.0},{"damage":0.0,"enemies":"2 Louse","floor":4.0,"turns":2.0},{"damage":4.0,"enemies":"Large Slime","floor":5.0,"turns":8.0},{"damage":21.0,"enemies":"Gremlin Nob","floor":7.0,"turns":4.0},{"damage":27.0,"enemies":"3 Sentries","floor":10.0,"turns":8.0},{"damage":16.0,"enemies":"Gremlin Nob","floor":13.0,"turns":4.0},{"damage":0.0,"enemies":"3 Louse","floor":14.0,"turns":2.0},{"damage":33.0,"enemies":"Slime Boss","floor":16.0,"turns":9.0},{"damage":21.0,"enemies":"Shell Parasite","floor":18.0,"turns":6.0},{"damage":0.0,"enemies":"3 Byrds","floor":28.0,"turns":4.0},{"damage":0.0,"enemies":"Gremlin Leader","floor":31.0,"turns":7.0},{"damage":0.0,"enemies":"Champ","floor":33.0,"turns":19.0},{"damage":24.0,"enemies":"Orb Walker","floor":35.0,"turns":5.0},{"damage":4.0,"enemies":"3 Shapes","floor":38.0,"turns":6.0},{"damage":0.0,"enemies":"Writhing Mass","floor":39.0,"turns":1.0},{"damage":0.0,"enemies":"Jaw Worm Horde","floor":41.0,"turns":5.0},{"damage":17.0,"enemies":"Transient","floor":42.0,"turns":5.0},{"damage":7,"enemies":"Nemesis","floor":46,"turns":9},{"damage":0,"enemies":"Sphere and 2 Shapes","floor":47,"turns":5},{"damage":7,"enemies":"Donu and Deca","floor":50,"turns":11}],"seed_played":"4490645647517733485","potions_obtained":[{"floor":4.0,"key":"Strength Potion"},{"floor":10.0,"key":"AttackPotion"},{"floor":13.0,"key":"SteroidPotion"},{"floor":16.0,"key":"GhostInAJar"},{"floor":28.0,"key":"GamblersBrew"},{"floor":31.0,"key":"SkillPotion"},{"floor":35.0,"key":"AttackPotion"},{"floor":38.0,"key":"SmokeBomb"},{"floor":47,"key":"Block Potion"}],"is_trial":false,"path_per_floor":["M","M","?","M","M","R","E","R","T","E","R","T","E","M","R","B",null,"M","$","?","$","?","R","$","R","T","R","M","?","?","E","R","B",null,"M","?","?","M","M","R","M","M","T","?","?","E","M","$","R","B",null],"character_chosen":"THE_SILENT","items_purchased":["Well Laid Plans","Footwork","Footwork","Dagger Spray+1","Anchor","Escape Plan","Escape Plan","Bag of Preparation","Dodge and Roll","Dexterity Potion"],"campfire_rested":5,"item_purchase_floors":[19,19,19,21,21,21,24,48,48,48],"current_hp_per_floor":[59,59,59,59,55,55,34,34,34,7,28,28,12,14,35,2,55,34,34,34,34,34,34,34,34,34,55,57,57,57,59,59,59,72,48,48,48,46,46,69,69,52,52,52,52,45,45,45,68,61],"gold":4,"neow_bonus":"REMOVE_CARD","is_prod":false,"is_daily":false,"chose_seed":false,"campfire_upgraded":5,"win_rate":0,"timestamp":1546715357,"path_taken":["M","M","?","?","M","R","E","R","T","E","R","?","E","M","R","BOSS","M","$","?","$","?","R","$","R","T","R","M","?","?","E","R","BOSS","M","?","?","?","M","R","M","M","T","?","?","E","M","$","R","BOSS"],"build_version":"2019-01-03v4","purchased_purges":1,"victory":true,"max_hp_per_floor":[70,70,70,70,70,70,70,70,70,70,70,70,70,72,72,72,72,72,72,72,72,72,72,72,72,72,72,74,74,74,76,76,76,76,76,76,76,78,78,78,78,78,78,78,78,78,78,78,78,78],"card_choices":[{"not_picked":["Acrobatics","Finisher"],"picked":"Quick Slash","floor":1.0},{"not_picked":["Crippling Poison","Sucker Punch"],"picked":"Flying Knee","floor":2.0},{"not_picked":["Deadly Poison","Prepared"],"picked":"Backflip","floor":4.0},{"not_picked":["Infinite Blades","Sucker Punch"],"picked":"Caltrops","floor":5.0},{"not_picked":["Backflip","Slice"],"picked":"Noxious Fumes","floor":7.0},{"not_picked":["Catalyst","Blade Dance"],"picked":"Dash+1","floor":10.0},{"not_picked":["Venomology","PiercingWail"],"picked":"Flying Knee+1","floor":13.0},{"not_picked":["Sucker Punch+1","Quick Slash+1","Heel Hook+1"],"picked":"Singing Bowl","floor":14.0},{"not_picked":["Phantasmal Killer","Storm of Steel"],"picked":"Burst","floor":16.0},{"not_picked":["Poisoned Stab+1","Deflect+1"],"picked":"Dodge and Roll+1","floor":18.0},{"not_picked":["Underhanded Strike+1","Bane+1","Prepared"],"picked":"Singing Bowl","floor":28.0},{"not_picked":["Expertise","Doppelganger","Finisher+1"],"picked":"Singing Bowl","floor":31.0},{"not_picked":["After Image","Adrenaline"],"picked":"Envenom","floor":33.0},{"not_picked":["Leg Sweep","Dagger Spray+1"],"picked":"Catalyst+1","floor":35.0},{"not_picked":["Reflex","Dash+1","All Out Attack+1"],"picked":"Singing Bowl","floor":38.0},{"not_picked":["Prepared","Setup+1"],"picked":"PiercingWail","floor":41.0},{"not_picked":["Dagger Spray+1","Quick Slash+1"],"picked":"PiercingWail+1","floor":42.0},{"not_picked":["PiercingWail+1","Flechettes+1"],"picked":"Footwork+1","floor":46},{"not_picked":["Quick Slash+1","Well Laid Plans"],"picked":"Poisoned Stab+1","floor":47}],"player_experience":314849,"relics_obtained":[{"floor":7.0,"key":"Molten Egg 2"},{"floor":9.0,"key":"Gremlin Horn"},{"floor":10.0,"key":"The Courier"},{"floor":12.0,"key":"Singing Bowl"},{"floor":13.0,"key":"Bag of Marbles"},{"floor":26.0,"key":"Letter Opener"},{"floor":31.0,"key":"Art of War"},{"floor":43.0,"key":"Sundial"},{"floor":46,"key":"Tingsha"}],"event_choices":[{"damage_healed":0.0,"max_hp_gain":0.0,"max_hp_loss":0.0,"gold_gain":0.0,"event_name":"FaceTrader","player_choice":"Trade","floor":3.0,"gold_loss":0.0,"damage_taken":0.0,"relics_obtained":["CultistMask"]},{"damage_healed":0.0,"max_hp_gain":0.0,"max_hp_loss":0.0,"gold_gain":99.0,"event_name":"Nest","player_choice":"Stole From Cult","floor":20.0,"gold_loss":0.0,"damage_taken":0.0},{"damage_healed":0.0,"max_hp_gain":0.0,"max_hp_loss":0.0,"gold_gain":0.0,"event_name":"Back to Basics","player_choice":"Simplicity","floor":22.0,"gold_loss":0.0,"damage_taken":0.0,"cards_upgraded":["Defend_G","Defend_G","Defend_G","Defend_G","Defend_G","Strike_G","Strike_G","Strike_G"]},{"damage_healed":0.0,"max_hp_gain":0.0,"max_hp_loss":0.0,"gold_gain":0.0,"event_name":"Masked Bandits","player_choice":"Paid Fearfully","floor":30.0,"gold_loss":33.0,"damage_taken":0.0},{"cards_removed":["Strike_G"],"damage_healed":0.0,"max_hp_gain":0.0,"max_hp_loss":0.0,"gold_gain":0.0,"event_name":"Falling","player_choice":"Removed Attack","floor":36.0,"gold_loss":0.0,"damage_taken":0.0},{"damage_healed":0.0,"max_hp_gain":0.0,"max_hp_loss":0.0,"gold_gain":0.0,"event_name":"Designer","player_choice":"Upgraded Two","floor":37.0,"gold_loss":40.0,"damage_taken":0.0,"cards_upgraded":["Caltrops","Envenom"]},{"damage_healed":0,"gold_gain":0,"player_choice":"Ignored","damage_taken":0,"max_hp_gain":0,"max_hp_loss":0,"event_name":"Mysterious Sphere","floor":44,"gold_loss":0},{"cards_removed":["Strike_G"],"damage_healed":0,"gold_gain":0,"player_choice":"Purged","damage_taken":0,"max_hp_gain":0,"max_hp_loss":0,"event_name":"Purifier","floor":45,"gold_loss":0}],"is_beta":false,"boss_relics":[{"not_picked":["Runic Pyramid","Philosopher\u0027s Stone"],"picked":"Ring of the Serpent"},{"not_picked":["Calling Bell","Empty Cage"],"picked":"Fusion Hammer"}],"items_purged_floors":[19],"is_endless":false,"potions_floor_spawned":[4,10,13,16,28,31,35,38,47],"ascension_level":10}