{"path_per_floor":["M","?","M","?","?","R","M","M","T","M","?","M","M","$","R","B",null,"M","?","$","M","?","R","M","?","T","M","$","M","?","M","R","B",null,"M","?","?","?","?","R","$","R","T","M","R","M","M","?","R","B"],"character_chosen":"THE_SILENT","items_purchased":["Toxic Egg 2","Cloak And Dagger","Blur","Footwork"],"gold_per_floor":[114,114,129,304,304,304,319,334,359,374,449,464,479,101,101,201,201,216,131,51,66,66,66,81,81,81,96,22,37,37,52,52,152,152,167,167,167,167,267,267,167,167,167,182,182,197,212,212,212,212],"floor_reached":51,"campfire_rested":1,"playtime":1361,"current_hp_per_floor":[64,50,50,50,50,70,70,70,70,70,59,59,63,63,63,60,70,68,68,68,68,68,68,56,56,70,70,70,70,70,79,79,47,91,91,91,91,91,91,91,91,91,91,91,91,91,91,91,91,69],"items_purged":["Prepared","Regret"],"gold":212,"score":714,"play_id":"847481dd-fd5d-4240-8902-c0ae0c1bf779","local_time":"20180402222810","daily_mods":["Draft","Lethality","Vintage"],"is_prod":false,"is_daily":true,"is_ascension_mode":false,"campfire_upgraded":4,"timestamp":1522717090,"path_taken":["M","?","M","?","?","R","M","M","T","M","?","M","?","$","R","BOSS","M","?","$","M","?","R","M","?","T","M","$","M","?","M","R","BOSS","M","?","?","?","?","R","$","R","T","M","R","M","M","?","R","BOSS"],"build_version":"2018-03-29v2","purchased_purges":3,"victory":true,"master_deck":["Skewer+1","Deadly Poison","Dagger Spray+1","Deadly Poison+1","Flying Knee","Acrobatics+1","PiercingWail+1","Bane","Dodge and Roll+1","Poisoned Stab+1","Backstab+1","Dodge and Roll+1","Flying Knee","Sucker Punch+1","Cloak And Dagger+1","Night Terror+1","Leg Sweep+1","Blur+1","Footwork","Bullet Time+1","Parasite","Parasite"],"max_hp_per_floor":[70,70,70,70,70,70,70,70,70,70,70,70,70,70,70,70,70,70,70,70,70,70,70,70,70,84,84,84,84,84,91,91,91,91,91,91,91,91,91,91,91,91,91,91,91,91,91,91,91,91],"relics":["Ring of the Snake","Dodecahedron","Kunai","Matryoshka","Dream Catcher","Snake Skull","Anchor","Girya","Toolbox","Regal Pillow","Toxic Egg 2","Orichalcum","Orrery","Gremlin Horn","Bag of Preparation","Juzu Bracelet","Centennial Puzzle","War Paint","Mango","Bag of Marbles","Art of War","Strawberry","Bottled Flame","Calling Bell","Pen Nib","Blue Candle","Omamori","Meat on the Bone","Whetstone","Vajra","Singing Bowl","Prayer Wheel"],"card_choices":[{"not_picked":["Endless Agony","Backflip"],"picked":"Skewer","floor":0},{"not_picked":["Prepared","Slice"],"picked":"Deadly Poison","floor":0},{"not_picked":["Bane","Flying Knee"],"picked":"Dagger Spray","floor":0},{"not_picked":["Acrobatics","Cloak And Dagger"],"picked":"Deadly Poison","floor":0},{"not_picked":["Deadly Poison","Concentrate"],"picked":"Flying Knee","floor":0},{"not_picked":["Sucker Punch","Prepared"],"picked":"Acrobatics","floor":0},{"not_picked":["Quick Slash","Deflect"],"picked":"PiercingWail","floor":0},{"not_picked":["Footwork","Underhanded Strike"],"picked":"Bane","floor":0},{"not_picked":["Endless Agony","Terror"],"picked":"Prepared","floor":0},{"not_picked":["Deadly Poison","Reflex"],"picked":"Dodge and Roll","floor":0},{"not_picked":["Slice","Prepared"],"picked":"Poisoned Stab","floor":0},{"not_picked":["Sucker Punch","Quick Slash"],"picked":"Backstab","floor":0},{"not_picked":["Dagger Spray","Footwork"],"picked":"Dodge and Roll","floor":0},{"not_picked":["Deadly Poison","PiercingWail"],"picked":"Flying Knee","floor":0},{"not_picked":["Slice","Predator"],"picked":"Sucker Punch","floor":0},{"not_picked":["Tools of the Trade","Burst"],"picked":"Night Terror","floor":16},{"not_picked":["PiercingWail","Flying Knee"],"picked":"Leg Sweep","floor":17},{"not_picked":["A Thousand Cuts","Die Die Die"],"picked":"Bullet Time","floor":33}],"player_experience":289080,"potions_floor_usage":[3,13,16,31,31,33,50,50],"damage_taken":[{"damage":6,"enemies":"Jaw Worm","floor":1,"turns":2},{"damage":0,"enemies":"Small Slimes","floor":3,"turns":1},{"damage":0,"enemies":"2 Louse","floor":7,"turns":1},{"damage":0,"enemies":"Exordium Thugs","floor":8,"turns":1},{"damage":0,"enemies":"Looter","floor":10,"turns":1},{"damage":0,"enemies":"2 Fungi Beasts","floor":12,"turns":1},{"damage":0,"enemies":"Exordium Thugs","floor":13,"turns":1},{"damage":3,"enemies":"The Guardian","floor":16,"turns":7},{"damage":2,"enemies":"Shell Parasite","floor":18,"turns":2},{"damage":0,"enemies":"3 Byrds","floor":21,"turns":1},{"damage":12,"enemies":"Snake Plant","floor":24,"turns":2},{"damage":0,"enemies":"Snecko","floor":27,"turns":3},{"damage":0,"enemies":"3 Cultists","floor":29,"turns":1},{"damage":1,"enemies":"Centurion and Healer","floor":31,"turns":2},{"damage":32,"enemies":"Automaton","floor":33,"turns":8},{"damage":0,"enemies":"3 Darklings","floor":35,"turns":1},{"damage":0,"enemies":"Orb Walker","floor":44,"turns":1},{"damage":0,"enemies":"4 Shapes","floor":46,"turns":1},{"damage":0,"enemies":"3 Darklings","floor":47,"turns":1},{"damage":22,"enemies":"Time Eater","floor":50,"turns":8}],"event_choices":[{"event_name":"Shining Light","player_choice":"Entered Light","floor":2,"damage_taken":0},{"event_name":"Liars Game","player_choice":"agreed","floor":4,"damage_taken":0},{"event_name":"Fountain of Cleansing","player_choice":"Removed Curse","floor":5,"damage_taken":0},{"event_name":"World of Goop","player_choice":"Gather Gold","floor":11,"damage_taken":0},{"event_name":"Addict","player_choice":"Obtained Relic","floor":19,"damage_taken":0},{"event_name":"Ghosts","player_choice":"Ignored","floor":22,"damage_taken":0},{"event_name":"The Lab","player_choice":"Got Potions","floor":25,"damage_taken":0},{"event_name":"Drug Dealer","player_choice":"Ignored","floor":30,"damage_taken":0},{"event_name":"Mysterious Sphere","player_choice":"Ignore","floor":36,"damage_taken":0},{"event_name":"SensoryStone","player_choice":"Memory 1","floor":37,"damage_taken":0},{"event_name":"Tomb of Lord Red Mask","player_choice":"Ignored","floor":38,"damage_taken":0},{"event_name":"Golden Shrine","player_choice":"Pray","floor":39,"damage_taken":0},{"event_name":"Winding Halls","player_choice":"Writhe","floor":48,"damage_taken":0}],"boss_relics":[{"not_picked":["Pandora\u0027s Box","Ectoplasm"],"picked":"Orrery"},{"not_picked":["Runic Pyramid","Runic Dome"],"picked":"Calling Bell"}],"potions_floor_spawned":[1,8,13,21,29,44,47],"seed_played":"-1662538699464581521","ascension_level":0,"is_trial":false}