{"gold_per_floor":[15,32,52,52,52,52,77,88,88,107,124,134,134,154,154,232,232,244,115,126,126,142,142,167,167,167,179,179,193,93,124,124,198,198,212,231,11,11,11,11,11,29,76,110,122,133,133,143,143,143],"floor_reached":51,"playtime":3548,"items_purged":["Strike_B","Strike_B","Strike_B"],"score":1337,"play_id":"3a3138c5-046a-43dd-9d95-7de8ccedba2a","local_time":"20190224163520","is_ascension_mode":true,"campfire_choices":[{"data":"Zap","floor":6.0,"key":"SMITH"},{"floor":13.0,"key":"REST"},{"data":"FTL","floor":15.0,"key":"SMITH"},{"data":"Go for the Eyes","floor":23.0,"key":"SMITH"},{"floor":28.0,"key":"REST"},{"floor":32.0,"key":"REST"},{"data":"Beam Cell","floor":40,"key":"SMITH"},{"floor":49,"key":"REST"}],"neow_cost":"NO_GOLD","seed_source_timestamp":500236719114,"circlet_count":0,"master_deck":["AscendersBane","Strike_B","Defend_B","Defend_B","Defend_B+1","Defend_B","Zap+1","Dualcast+1","All For One","Gash","Gash","BootSequence","Go for the Eyes+1","Hologram+1","Compile Driver","Conserve Battery+1","All For One","Leap+1","Hologram+1","Leap+1","Conserve Battery+1","Genetic Algorithm+1","Sweeping Beam+1","Skim+1","Hyperbeam","Beam Cell+1","Gash","Finesse+1","Hologram+1","Go for the Eyes+1","Undo+1"],"special_seed":0,"relics":["Cracked Core","Mercury Hourglass","Toxic Egg 2","Philosopher\u0027s Stone","Anchor","Strawberry","Dodecahedron","Nuclear Battery","Sundial","Bag of Marbles","Omamori"],"potions_floor_usage":[42,44,50,50],"damage_taken":[{"damage":2.0,"enemies":"Cultist","floor":1.0,"turns":4.0},{"damage":10.0,"enemies":"Small Slimes","floor":2.0,"turns":3.0},{"damage":12.0,"enemies":"Jaw Worm","floor":3.0,"turns":3.0},{"damage":5.0,"enemies":"Lagavulin","floor":7.0,"turns":4.0},{"damage":5.0,"enemies":"Exordium Thugs","floor":8.0,"turns":3.0},{"damage":0.0,"enemies":"Blue Slaver","floor":10.0,"turns":2.0},{"damage":1.0,"enemies":"Exordium Wildlife","floor":11.0,"turns":3.0},{"damage":0.0,"enemies":"3 Louse","floor":12.0,"turns":2.0},{"damage":0.0,"enemies":"Blue Slaver","floor":14.0,"turns":2.0},{"damage":19.0,"enemies":"Hexaghost","floor":16.0,"turns":9.0},{"damage":8.0,"enemies":"2 Thieves","floor":18.0,"turns":3.0},{"damage":7.0,"enemies":"Shell Parasite","floor":20.0,"turns":3.0},{"damage":0.0,"enemies":"Chosen and Byrds","floor":22.0,"turns":5.0},{"damage":4.0,"enemies":"Book of Stabbing","floor":24.0,"turns":6.0},{"damage":1.0,"enemies":"Centurion and Healer","floor":27.0,"turns":7.0},{"damage":14.0,"enemies":"Cultist and Chosen","floor":29.0,"turns":6.0},{"damage":4.0,"enemies":"Slavers","floor":31.0,"turns":3.0},{"damage":52.0,"enemies":"Automaton","floor":33.0,"turns":11.0},{"damage":15.0,"enemies":"3 Darklings","floor":35.0,"turns":4.0},{"damage":0.0,"enemies":"Orb Walker","floor":36.0,"turns":3.0},{"damage":0,"enemies":"4 Shapes","floor":42,"turns":3},{"damage":15,"enemies":"Reptomancer","floor":44,"turns":4},{"damage":5,"enemies":"Writhing Mass","floor":45,"turns":5},{"damage":9,"enemies":"Jaw Worm Horde","floor":46,"turns":3},{"damage":0,"enemies":"3 Darklings","floor":48,"turns":1},{"damage":4,"enemies":"Donu and Deca","floor":50,"turns":9}],"seed_played":"7364259060266634693","potions_obtained":[{"floor":1.0,"key":"Explosive Potion"},{"floor":2.0,"key":"FearPotion"},{"floor":10.0,"key":"Strength Potion"},{"floor":11.0,"key":"Swift Potion"},{"floor":12.0,"key":"Poison Potion"},{"floor":24.0,"key":"Weak Potion"},{"floor":33.0,"key":"EntropicBrew"},{"floor":36.0,"key":"AttackPotion"},{"floor":44,"key":"SkillPotion"},{"floor":45,"key":"PowerPotion"}],"is_trial":false,"path_per_floor":["M","M","M","?","$","R","E","M","T","M","M","M","R","M","R","B",null,"M","$","M","?","M","R","E","?","T","M","R","M","$","E","R","B",null,"M","M","$","?","?","R","T","M","T","E","M","M","$","M","R","B",null],"character_chosen":"DEFECT","items_purchased":["Hologram+1","Finesse+1"],"campfire_rested":4,"item_purchase_floors":[19,37],"current_hp_per_floor":[62,52,40,19,19,19,14,9,9,9,8,8,29,29,29,10,56,48,48,41,41,41,41,37,37,44,43,66,52,52,48,71,19,63,48,48,48,48,48,48,48,48,48,33,28,19,19,19,41,37],"gold":143,"neow_bonus":"THREE_RARE_CARDS","is_prod":false,"is_daily":false,"chose_seed":false,"campfire_upgraded":4,"win_rate":0,"timestamp":1551022520,"path_taken":["M","M","?","?","?","R","E","M","T","M","M","M","R","M","R","BOSS","M","$","M","?","M","R","E","?","T","M","R","M","$","E","R","BOSS","M","M","$","?","?","R","?","M","T","E","?","M","$","M","R","BOSS"],"build_version":"2019-01-23","purchased_purges":3,"victory":true,"max_hp_per_floor":[71,71,71,71,71,71,71,71,71,71,71,71,71,71,71,71,71,71,71,71,71,71,71,71,71,78,78,78,78,78,78,78,78,78,78,78,78,74,74,74,74,74,74,74,74,74,74,74,74,74],"card_choices":[{"not_picked":["Amplify","Rainbow"],"picked":"All For One","floor":0.0},{"not_picked":["Leap","BootSequence"],"picked":"Gash","floor":1.0},{"not_picked":["Rebound","Leap"],"picked":"Gash","floor":2.0},{"not_picked":["Cold Snap","Beam Cell"],"picked":"FTL","floor":3.0},{"not_picked":["Hyperbeam","Streamline"],"picked":"BootSequence","floor":7.0},{"not_picked":["Turbo","Compile Driver","Streamline"],"picked":"SKIP","floor":8.0},{"not_picked":["Heatsinks","BootSequence+1"],"picked":"Go for the Eyes","floor":10.0},{"not_picked":["Scrape","Cold Snap"],"picked":"Hologram+1","floor":11.0},{"not_picked":["Cold Snap","Aggregate+1"],"picked":"Compile Driver","floor":12.0},{"not_picked":["Gash","Redo+1"],"picked":"Conserve Battery+1","floor":14.0},{"not_picked":["Biased Cognition","Machine Learning"],"picked":"All For One","floor":16.0},{"not_picked":["Stack+1","Cold Snap"],"picked":"Leap+1","floor":18.0},{"not_picked":["Sweeping Beam","Barrage"],"picked":"Leap+1","floor":20.0},{"not_picked":["Chill+1","Sweeping Beam+1"],"picked":"Conserve Battery+1","floor":22.0},{"not_picked":["Barrage","Scrape"],"picked":"Genetic Algorithm+1","floor":24.0},{"not_picked":["Barrage","Turbo+1"],"picked":"Sweeping Beam+1","floor":27.0},{"not_picked":["Leap+1","White Noise+1"],"picked":"Skim+1","floor":29.0},{"not_picked":["Doom and Gloom","Rebound","Self Repair"],"picked":"SKIP","floor":31.0},{"not_picked":["Echo Form","Creative AI"],"picked":"Hyperbeam","floor":33.0},{"not_picked":["Streamline","Leap+1"],"picked":"Beam Cell","floor":35.0},{"not_picked":["Hello World","Cold Snap"],"picked":"Gash","floor":36.0},{"not_picked":["Gash+1","Chill+1"],"picked":"Hologram+1","floor":42},{"not_picked":["Storm","Rebound+1"],"picked":"Go for the Eyes+1","floor":44},{"not_picked":["Lockon","Redo+1"],"picked":"Undo+1","floor":45},{"not_picked":["Tempest+1","Coolheaded+1","Leap+1"],"picked":"SKIP","floor":46},{"not_picked":["Cold Snap+1","Leap+1","Go for the Eyes+1"],"picked":"SKIP","floor":48}],"player_experience":465303,"relics_obtained":[{"floor":7.0,"key":"Mercury Hourglass"},{"floor":9.0,"key":"Toxic Egg 2"},{"floor":24.0,"key":"Anchor"},{"floor":26.0,"key":"Strawberry"},{"floor":31.0,"key":"Dodecahedron"},{"floor":41,"key":"Sundial"},{"floor":43,"key":"Bag of Marbles"},{"floor":44,"key":"Omamori"}],"event_choices":[{"damage_healed":0.0,"max_hp_gain":0.0,"max_hp_loss":0.0,"gold_gain":0.0,"event_name":"Shining Light","player_choice":"Entered Light","floor":4.0,"gold_loss":0.0,"damage_taken":21.0,"cards_upgraded":["Dualcast","Defend_B"]},{"damage_healed":0.0,"max_hp_gain":0.0,"max_hp_loss":0.0,"gold_gain":0.0,"event_name":"Vampires","player_choice":"Ignored","floor":21.0,"gold_loss":0.0,"damage_taken":0.0},{"damage_healed":0.0,"max_hp_gain":0.0,"max_hp_loss":0.0,"gold_gain":0.0,"event_name":"Ghosts","player_choice":"Ignored","floor":25.0,"gold_loss":0.0,"damage_taken":0.0},{"damage_healed":0.0,"max_hp_gain":0.0,"max_hp_loss":4.0,"gold_gain":0.0,"event_name":"Winding Halls","player_choice":"Max HP","floor":38.0,"gold_loss":0.0,"damage_taken":0.0},{"cards_removed":["FTL"],"damage_healed":0,"gold_gain":0,"player_choice":"Removed Attack","damage_taken":0,"max_hp_gain":0,"max_hp_loss":0,"event_name":"Falling","floor":39,"gold_loss":0}],"is_beta":false,"boss_relics":[{"not_picked":["Inserter","Black Star"],"picked":"Philosopher\u0027s Stone"},{"not_picked":["FrozenCore","Calling Bell"],"picked":"Nuclear Battery"}],"items_purged_floors":[19,30,37],"is_endless":false,"potions_floor_spawned":[1,2,10,11,12,18,20,24,33,36,44,45,46],"ascension_level":19}