{"path_per_floor":["M","?","M","$","?","E","R","M","T","E","M","?","M","?","R","B",null,"M"],"character_chosen":"IRONCLAD","items_purchased":["Inflame","Impervious"],"gold_per_floor":[112,287,300,75,25,58,58,70,70,97,113,113,130,130,130,231,231,245,965],"floor_reached":19,"campfire_rested":1,"playtime":648,"current_hp_per_floor":[80,80,78,78,78,71,71,75,75,56,35,19,12,12,36,43,80,68,0],"items_purged":["Doubt"],"gold":965,"score":220,"play_id":"d33af4b5-606c-408c-9086-3c50c847b5cb","local_time":"20180428235249","is_prod":false,"is_daily":false,"chose_seed":false,"is_ascension_mode":true,"campfire_upgraded":1,"timestamp":1524973969,"path_taken":["M","?","M","$","?","E","R","M","T","E","?","?","M","?","R","BOSS","M","?"],"build_version":"2018-04-28","seed_source_timestamp":61734132337876,"purchased_purges":1,"victory":false,"master_deck":["Strike_R","Strike_R","Strike_R+1","Strike_R","Strike_R","Defend_R","Defend_R","Defend_R","Bash","Inflame+1","Cleave","Inflame","Impervious","Hemokinesis","Heavy Blade+1","Infernal Blade","Regret","Feed","Headbutt"],"max_hp_per_floor":[80,80,80,80,80,80,80,80,80,80,80,80,80,80,80,80,80,83,83],"relics":["Burning Blood","Peace Pipe","Bottled Flame","Vajra","Singing Bowl","Velvet Choker"],"card_choices":[{"not_picked":["Combust","Perfected Strike"],"picked":"Inflame","floor":1},{"not_picked":["Clash","Iron Wave"],"picked":"Cleave","floor":3},{"not_picked":["True Grit","Cleave"],"picked":"Hemokinesis","floor":10},{"not_picked":["Iron Wave","Battle Trance"],"picked":"Heavy Blade","floor":11},{"not_picked":["Perfected Strike","Wild Strike"],"picked":"Infernal Blade","floor":13},{"not_picked":["Offering","Bludgeon"],"picked":"Feed","floor":16},{"not_picked":["Hemokinesis","Combust"],"picked":"Headbutt","floor":18}],"player_experience":110376,"potions_floor_usage":[6,13,16],"damage_taken":[{"damage":2,"enemies":"2 Louse","floor":1,"turns":2},{"damage":8,"enemies":"Small Slimes","floor":3,"turns":3},{"damage":13,"enemies":"Lagavulin","floor":6,"turns":6},{"damage":2,"enemies":"Jaw Worm","floor":8,"turns":4},{"damage":25,"enemies":"3 Sentries","floor":10,"turns":7},{"damage":27,"enemies":"Exordium Wildlife","floor":11,"turns":3},{"damage":13,"enemies":"Large Slime","floor":13,"turns":3},{"damage":11,"enemies":"Slime Boss","floor":16,"turns":5},{"damage":21,"enemies":"Shell Parasite","floor":18,"turns":3}],"event_choices":[{"event_name":"Liars Game","player_choice":"agreed","floor":2,"damage_taken":0},{"event_name":"The Cleric","player_choice":"Card Removal","floor":5,"damage_taken":0},{"event_name":"Shining Light","player_choice":"Entered Light","floor":12,"damage_taken":0},{"event_name":"Big Fish","player_choice":"Box","floor":14,"damage_taken":0}],"boss_relics":[{"not_picked":["Black Star","Calling Bell"],"picked":"Velvet Choker"}],"potions_floor_spawned":[1,8,11,18],"seed_played":"-1781407550389394974","ascension_level":2,"is_trial":false}