{"gold_per_floor":[114,114,129,129,144,144,159,174,174,204,204,219,234,309,309,409,409,424,349,364,364,61,76,76,76,76,76,76,91,91,106,106,206,206,221,236,236,236,236],"floor_reached":40,"playtime":1518,"items_purged":[],"score":588,"play_id":"9ecd759d-4f0f-4e4c-92a8-2f73421ad123","local_time":"20180710152659","daily_mods":["Diverse","Vintage","Hoarder"],"is_ascension_mode":false,"campfire_choices":[{"data":"Neutralize","floor":6,"key":"SMITH"},{"floor":15,"key":"REST"},{"data":"Headbutt","floor":25,"key":"SMITH"},{"data":"Headbutt","floor":27,"key":"SMITH"},{"data":"Unload","floor":32,"key":"SMITH"}],"neow_cost":"","seed_source_timestamp":265663989708922,"circlet_count":0,"master_deck":["Defend_G","Defend_G","Defend_G","Strike_G","Strike_G","Survivor","Neutralize+1","Headbutt+1","Headbutt+1","Headbutt+1","Venomology","Venomology","Venomology","Unload","Unload","Unload+1","Beam Cell","Beam Cell","Beam Cell","Tempest+1","Tempest+1","Tempest+1","Echo Form+1","Echo Form+1","Echo Form+1","Neutralize+1","Neutralize+1","Neutralize+1"],"special_seed":17722,"relics":["Ring of the Snake","Darkstone Periapt","Happy Flower","Mercury Hourglass","Bottled Flame","Orichalcum","Pen Nib","Letter Opener","Frozen Egg 2","Pantograph","Bronze Scales","Du-Vu Doll","Blood Vial","Smiling Mask","Paper Crane","The Specimen","Toxic Egg 2","Vajra","Centennial Puzzle","Tough Bandages","Potion Belt","Empty Cage","Kunai","Ornamental Fan"],"potions_floor_usage":[10,16,18,18,18,20,20,20,20,23,23,29,31,31,31,33,33,33,33,36,36,39,39,39,39,39,39,39],"damage_taken":[{"damage":3,"enemies":"Cultist","floor":1,"turns":5},{"damage":0,"enemies":"Small Slimes","floor":3,"turns":4},{"damage":0,"enemies":"Jaw Worm","floor":5,"turns":4},{"damage":0,"enemies":"Looter","floor":7,"turns":3},{"damage":0,"enemies":"3 Louse","floor":8,"turns":4},{"damage":9,"enemies":"3 Sentries","floor":10,"turns":6},{"damage":4,"enemies":"2 Fungi Beasts","floor":12,"turns":2},{"damage":0,"enemies":"Blue Slaver","floor":13,"turns":2},{"damage":25,"enemies":"The Guardian","floor":16,"turns":8},{"damage":0,"enemies":"Chosen","floor":18,"turns":4},{"damage":5,"enemies":"2 Thieves","floor":20,"turns":3},{"damage":1,"enemies":"Snake Plant","floor":23,"turns":3},{"damage":0,"enemies":"Centurion and Healer","floor":29,"turns":4},{"damage":4,"enemies":"3 Cultists","floor":31,"turns":3},{"damage":29,"enemies":"Champ","floor":33,"turns":8},{"damage":14,"enemies":"3 Shapes","floor":35,"turns":4},{"damage":23,"enemies":"3 Darklings","floor":36,"turns":4},{"damage":20,"enemies":"Time Eater","floor":39,"turns":7}],"seed_played":"-163716102511872118","potions_obtained":[{"floor":3,"key":"Energy Potion"},{"floor":7,"key":"Strength Potion"},{"floor":12,"key":"Poison Potion"},{"floor":13,"key":"Ancient Potion"},{"floor":23,"key":"FairyPotion"},{"floor":33,"key":"EssenceOfSteel"}],"is_trial":false,"path_per_floor":["M","?","M","?","M","R","M","M","T","E","?","M","M","?","R","B",null,"M","?","M","?","$","M","?","R","T","R","T","M","?","M","R","B",null,"M","M","?","?","B"],"character_chosen":"THE_SILENT","items_purchased":["Paper Crane","Beam Cell"],"campfire_rested":1,"item_purchase_floors":[22,22],"current_hp_per_floor":[67,60,60,53,53,53,53,53,53,44,44,40,40,29,50,45,70,70,70,65,65,65,66,53,53,53,53,53,55,55,53,53,46,75,61,40,40,40,47],"gold":236,"neow_bonus":"","is_prod":false,"is_daily":true,"chose_seed":false,"campfire_upgraded":4,"win_rate":0,"timestamp":1531250819,"path_taken":["M","?","M","?","M","R","M","M","T","E","?","?","M","?","R","BOSS","M","?","M","?","$","M","?","R","T","R","?","M","?","M","R","BOSS","M","?","?","?","BOSS"],"build_version":"2018-07-05","purchased_purges":0,"victory":true,"max_hp_per_floor":[70,70,70,70,70,70,70,70,70,70,70,70,70,70,70,70,70,70,70,70,70,70,70,75,75,75,75,75,75,75,75,75,75,75,75,75,75,75,75],"card_choices":[{"not_picked":["Acrobatics","Reinforced Body"],"picked":"Headbutt","floor":10},{"not_picked":["Night Terror","Demon Form+1"],"picked":"Venomology","floor":16},{"not_picked":["Adrenaline+1","Doppelganger+1"],"picked":"Echo Form+1","floor":33}],"player_experience":258803,"relics_obtained":[{"floor":1,"key":"Darkstone Periapt"},{"floor":3,"key":"Happy Flower"},{"floor":5,"key":"Bottled Flame"},{"floor":7,"key":"Orichalcum"},{"floor":8,"key":"Pen Nib"},{"floor":9,"key":"Letter Opener"},{"floor":10,"key":"Frozen Egg 2"},{"floor":12,"key":"Pantograph"},{"floor":13,"key":"Bronze Scales"},{"floor":16,"key":"Du-Vu Doll"},{"floor":18,"key":"Blood Vial"},{"floor":20,"key":"Smiling Mask"},{"floor":23,"key":"The Specimen"},{"floor":26,"key":"Toxic Egg 2"},{"floor":28,"key":"Vajra"},{"floor":29,"key":"Centennial Puzzle"},{"floor":31,"key":"Tough Bandages"},{"floor":33,"key":"Potion Belt"},{"floor":35,"key":"Kunai"},{"floor":36,"key":"Ornamental Fan"}],"event_choices":[{"event_name":"Golden Wing","player_choice":"Card Removal","floor":2,"damage_taken":0},{"event_name":"Scrap Ooze","player_choice":"success","floor":4,"damage_taken":7},{"event_name":"Accursed Blacksmith","player_choice":"Forge","floor":11,"damage_taken":0},{"event_name":"World of Goop","player_choice":"Gather Gold","floor":14,"damage_taken":0},{"event_name":"Beggar","player_choice":"Gave Gold","floor":19,"damage_taken":0},{"event_name":"Transmorgrifier","player_choice":"Transform","floor":21,"damage_taken":0},{"event_name":"Forgotten Altar","player_choice":"Shed Blood","floor":24,"damage_taken":0},{"event_name":"Match and Keep!","player_choice":"1 cards matched","floor":30,"damage_taken":0},{"event_name":"Match and Keep!","player_choice":"1 cards matched","floor":30,"damage_taken":0},{"event_name":"Duplicator","player_choice":"One dupe","floor":37,"damage_taken":0},{"event_name":"SecretPortal","player_choice":"Took Portal.","floor":38,"damage_taken":0}],"boss_relics":[{"not_picked":["Calling Bell","Philosopher\u0027s Stone","Fusion Hammer"]},{"not_picked":["Orrery","Sozu"],"picked":"Empty Cage"}],"items_purged_floors":[],"is_endless":false,"potions_floor_spawned":[3,7,12,13,23,29,33],"ascension_level":0}