{"path_per_floor":["M","M","?","$","M","R","E","R","T","M","M","M","?","M","R","B",null,"M","M","M","M","M","$","R","?","T","R","M","M","E","?","R"],"character_chosen":"THE_SILENT","items_purchased":["Infinite Blades","Blood Vial"],"gold_per_floor":[114,129,129,57,72,72,102,102,127,142,157,172,172,191,191,316,316,271,271,271,271,271,121,121,121,121,121,121,121,121,121,121],"floor_reached":33,"campfire_rested":3,"playtime":1576,"current_hp_per_floor":[68,67,66,65,64,63,61,61,60,59,58,57,43,43,54,6,52,51,36,31,21,21,21,34,34,34,34,36,38,12,12,23],"items_purged":[],"gold":121,"score":273,"play_id":"72a4be27-07a7-460d-94a1-3c554b44a468","local_time":"20180311030350","daily_mods":["Shiny","Uncertain Future","Terminal"],"is_prod":false,"is_daily":true,"is_ascension_mode":false,"campfire_upgraded":3,"timestamp":1520746430,"path_taken":["M","M","?","$","M","R","E","R","T","?","M","M","?","M","R","BOSS","M","M","M","M","M","$","R","?","T","R","M","?","E","?","R","BOSS"],"build_version":"2018-03-09","purchased_purges":0,"victory":false,"master_deck":["Defend_G+1","Defend_G+1","Defend_G+1","Defend_G+1","Defend_G+1","Strike_G+1","Strike_G+1","Strike_G+1","Strike_G+1","Strike_G+1","Survivor","Neutralize","Die Die Die+1","Skewer","Acrobatics","Infinite Blades+1","Finisher+1","Adrenaline","Accuracy","PiercingWail","Burst"],"max_hp_per_floor":[68,67,66,65,64,63,62,61,60,59,58,57,56,55,54,53,52,51,50,49,48,47,46,45,44,43,42,41,40,39,38,37],"relics":["Ring of the Snake","Anchor","Art of War","Golden Idol","Ectoplasm","Blood Vial","Mummified Hand","Snake Skull"],"card_choices":[{"not_picked":["Poisoned Stab","Backflip"],"picked":"Skewer"},{"not_picked":["Backflip","Blade Dance"],"picked":"Acrobatics"},{"not_picked":["Heel Hook","Acrobatics"],"picked":"Finisher"},{"not_picked":["Backstab","Flying Knee"],"picked":"Adrenaline"},{"not_picked":["Backflip","Flying Knee"],"picked":"Accuracy"},{"not_picked":["Riddle With Holes","Deadly Poison"],"picked":"PiercingWail"},{"not_picked":["Dagger Throw","Poisoned Stab"],"picked":"Burst"}],"player_experience":155072,"potions_floor_usage":[2,7,12,16,18,21,29,30,33],"damage_taken":[{"damage":0,"enemies":"Cultist","floor":1,"turns":4},{"damage":0,"enemies":"2 Louse","floor":2,"turns":1},{"damage":0,"enemies":"Small Slimes","floor":5,"turns":2},{"damage":2,"enemies":"Gremlin Nob","floor":7,"turns":4},{"damage":0,"enemies":"Gremlin Gang","floor":10,"turns":2},{"damage":0,"enemies":"Exordium Wildlife","floor":11,"turns":3},{"damage":0,"enemies":"Blue Slaver","floor":12,"turns":2},{"damage":0,"enemies":"Looter","floor":14,"turns":2},{"damage":48,"enemies":"Slime Boss","floor":16,"turns":13},{"damage":0,"enemies":"2 Thieves","floor":18,"turns":3},{"damage":15,"enemies":"Spheric Guardian","floor":19,"turns":4},{"damage":5,"enemies":"Centurion and Healer","floor":20,"turns":5},{"damage":10,"enemies":"Snake Plant","floor":21,"turns":7},{"damage":0,"enemies":"3 Cultists","floor":22,"turns":4},{"damage":0,"enemies":"Centurion and Healer","floor":28,"turns":4},{"damage":0,"enemies":"Snake Plant","floor":29,"turns":3},{"damage":28,"enemies":"Book of Stabbing","floor":30,"turns":6},{"damage":55,"enemies":"Automaton","floor":33,"turns":6}],"event_choices":[{"event_name":"The Cleric","player_choice":"Leave","floor":3,"damage_taken":0},{"event_name":"Golden Idol","player_choice":"Take Damage","floor":13,"damage_taken":0},{"event_name":"Back to Basics","player_choice":"Simplicity","floor":25,"damage_taken":0},{"event_name":"Drug Dealer","player_choice":"Ignored","floor":31,"damage_taken":0}],"boss_relics":[{"not_picked":["Eternal Feather","Sozu"],"picked":"Ectoplasm"}],"potions_floor_spawned":[1,5,11,12,16,20,28,29,30],"seed_played":"4792185374842203756","killed_by":"Automaton","ascension_level":0,"is_trial":false}