{"gold_per_floor":[118,44,55,55,71,100,100,100,123,123,456,473,528,558,558,558],"floor_reached":16,"playtime":488,"items_purged":[],"score":189,"play_id":"b3116748-bf60-47c4-a04d-9dc74a94068f","local_time":"20190225000813","is_ascension_mode":true,"campfire_choices":[{"floor":7,"key":"REST"},{"floor":10,"key":"REST"},{"data":"Entrench","floor":15,"key":"SMITH"}],"neow_cost":"NONE","seed_source_timestamp":739475320140998,"circlet_count":0,"master_deck":["AscendersBane","Strike_R","Strike_R+1","Strike_R+1","Strike_R+1","Defend_R","Defend_R","Defend_R","Defend_R","Bash+1","Iron Wave","Entrench+1","Searing Blow","Shrug It Off","Inflame"],"relics":["Burning Blood","PreservedInsect","Bronze Scales","Old Coin","Whetstone","Boot"],"potions_floor_usage":[6,16],"damage_taken":[{"damage":6,"enemies":"Cultist","floor":1,"turns":4},{"damage":5,"enemies":"2 Louse","floor":3,"turns":3},{"damage":2,"enemies":"Jaw Worm","floor":5,"turns":3},{"damage":52,"enemies":"Lagavulin","floor":6,"turns":7},{"damage":10,"enemies":"3 Sentries","floor":11,"turns":7},{"damage":6,"enemies":"Blue Slaver","floor":12,"turns":4},{"damage":24,"enemies":"Lagavulin","floor":14,"turns":4},{"damage":47,"enemies":"The Guardian","floor":16,"turns":9}],"seed_played":"-373135888078420690","potions_obtained":[{"floor":1,"key":"Ancient Potion"},{"floor":3,"key":"Strength Potion"},{"floor":14,"key":"AttackPotion"}],"is_trial":false,"path_per_floor":["M","$","M","?","M","E","R","?","T","R","E","M","T","E","R","B"],"character_chosen":"IRONCLAD","items_purchased":["Entrench"],"campfire_rested":2,"item_purchase_floors":[2],"current_hp_per_floor":[80,80,81,63,67,21,47,40,40,66,62,62,62,44,44,0],"gold":558,"neow_bonus":"TEN_PERCENT_HP_BONUS","is_prod":false,"is_daily":false,"chose_seed":false,"campfire_upgraded":1,"win_rate":0,"timestamp":1551046093,"path_taken":["M","$","M","?","M","E","R","?","T","R","E","M","?","E","R","BOSS"],"build_version":"2019-01-23","purchased_purges":0,"victory":false,"max_hp_per_floor":[88,88,88,88,88,88,88,88,88,88,88,88,88,88,88,88],"card_choices":[{"not_picked":["Disarm","Power Through"],"picked":"Iron Wave","floor":1},{"not_picked":["Anger","Havoc"],"picked":"Searing Blow","floor":3},{"not_picked":["Combust","Warcry","Sword Boomerang"],"picked":"SKIP","floor":5},{"not_picked":["Fire Breathing","Wild Strike"],"picked":"Shrug It Off","floor":6},{"not_picked":["Searing Blow","Blood for Blood","Battle Trance"],"picked":"SKIP","floor":11},{"not_picked":["Havoc","Pommel Strike","Warcry"],"picked":"SKIP","floor":12},{"not_picked":["Seeing Red","Exhume"],"picked":"Inflame","floor":14}],"player_experience":752445,"relics_obtained":[{"floor":6,"key":"PreservedInsect"},{"floor":9,"key":"Bronze Scales"},{"floor":11,"key":"Old Coin"},{"floor":13,"key":"Whetstone"},{"floor":14,"key":"Boot"}],"event_choices":[{"damage_healed":0,"gold_gain":0,"player_choice":"Entered Light","damage_taken":18,"max_hp_gain":0,"max_hp_loss":0,"event_name":"Shining Light","floor":4,"gold_loss":0,"cards_upgraded":["Strike_R","Strike_R"]},{"cards_removed":["Strike_R"],"damage_healed":0,"gold_gain":0,"player_choice":"Card Removal","damage_taken":7,"max_hp_gain":0,"max_hp_loss":0,"event_name":"Golden Wing","floor":8,"gold_loss":0}],"is_beta":false,"boss_relics":[],"items_purged_floors":[],"is_endless":false,"potions_floor_spawned":[1,3,14],"killed_by":"The Guardian","ascension_level":12}