{"path_per_floor":["M","M","?","M","$","R","M","R","T","R","M","M","R","M","R","B",null,"M","?","?","M","$","R","M","R","T","M","M","?","$","?","R"],"character_chosen":"DEFECT","items_purchased":["Blaster","Regen Potion","Apotheosis","Strength Potion"],"gold_per_floor":[109,121,121,135,8,8,21,21,45,45,55,72,72,91,91,191,191,205,205,205,225,29,29,46,46,46,60,74,74,25,25,25,25],"floor_reached":33,"campfire_rested":5,"playtime":2165,"current_hp_per_floor":[33,33,18,18,18,40,39,61,61,61,59,43,65,65,65,65,75,69,69,69,57,57,75,69,69,69,25,18,18,18,18,40,0],"items_purged":[],"gold":25,"score":239,"play_id":"b703844f-47ee-4e97-8102-518d530b6a5e","local_time":"20180427232016","is_prod":false,"is_daily":false,"chose_seed":false,"is_ascension_mode":false,"campfire_upgraded":3,"timestamp":1524880216,"path_taken":["M","M","?","M","$","R","M","R","T","R","M","M","R","M","R","BOSS","M","?","?","M","$","R","M","R","T","?","M","?","$","?","R","BOSS"],"build_version":"2018-04-26v2","seed_source_timestamp":241862792411195,"purchased_purges":0,"victory":false,"master_deck":["Strike_B+1","Strike_B+1","Strike_B","Strike_B","Defend_B","Defend_B","Defend_B","Defend_B","Dualcast+1","Fission","Glacier","Capacitor","Blaster","Darkness","Self Repair","Static Discharge+1","Prime","Storm+1","Self Repair+1","Impulse+1","Axe Kick+1","Decay","Reinforced Body","Sweeping Beam","Apotheosis+1"],"max_hp_per_floor":[75,75,75,75,75,75,75,75,75,75,75,75,75,75,75,75,75,75,75,75,75,75,75,75,75,75,75,75,75,75,75,75,75],"relics":["Cracked Core","Pen Nib","Astrolabe","Molten Egg 2"],"card_choices":[{"not_picked":["Redo","All For One"],"picked":"Fission","floor":0},{"not_picked":["Cold Snap","Skim"],"picked":"Glacier","floor":1},{"not_picked":["Steam Power","Hologram"],"picked":"Ball Lightning","floor":2},{"not_picked":["Heatsinks","Hello World"],"picked":"Capacitor","floor":4},{"not_picked":["Coolheaded","Capacitor"],"picked":"Darkness","floor":7},{"not_picked":["Hello World","Sweeping Beam"],"picked":"Self Repair","floor":11},{"not_picked":["Amplify","Streamline"],"picked":"Static Discharge","floor":12},{"not_picked":["Reprogram","Melter"],"picked":"Tempest","floor":14},{"not_picked":["Seek","Echo Form"],"picked":"Prime","floor":16},{"not_picked":["Impulse","Conserve Battery"],"picked":"Axe Kick","floor":18},{"not_picked":["Impulse","Ball Lightning"],"picked":"Sweeping Beam","floor":21}],"player_experience":371809,"potions_floor_usage":[12,12,14,16,21,27,33],"damage_taken":[{"damage":5,"enemies":"2 Louse","floor":1,"turns":3},{"damage":0,"enemies":"Small Slimes","floor":2,"turns":3},{"damage":0,"enemies":"Cultist","floor":4,"turns":3},{"damage":1,"enemies":"Looter","floor":7,"turns":3},{"damage":2,"enemies":"Blue Slaver","floor":11,"turns":4},{"damage":29,"enemies":"3 Louse","floor":12,"turns":3},{"damage":0,"enemies":"Gremlin Gang","floor":14,"turns":1},{"damage":22,"enemies":"The Guardian","floor":16,"turns":10},{"damage":23,"enemies":"Shell Parasite","floor":18,"turns":11},{"damage":29,"enemies":"2 Thieves","floor":21,"turns":4},{"damage":26,"enemies":"Centurion and Healer","floor":24,"turns":9},{"damage":54,"enemies":"Cultist and Chosen","floor":27,"turns":6},{"damage":24,"enemies":"Snecko","floor":28,"turns":4},{"damage":50,"enemies":"Champ","floor":33,"turns":14}],"event_choices":[{"event_name":"Shining Light","player_choice":"Entered Light","floor":3,"damage_taken":0},{"event_name":"Wheel of Change","player_choice":"Curse","floor":19,"damage_taken":0},{"event_name":"The Library","player_choice":"Read","floor":20,"damage_taken":0},{"event_name":"Beggar","player_choice":"Ignored","floor":29,"damage_taken":0},{"event_name":"Drug Dealer","player_choice":"Ignored","floor":31,"damage_taken":0}],"boss_relics":[{"not_picked":["Ectoplasm","White Beast Statue"],"picked":"Astrolabe"}],"potions_floor_spawned":[11,12,14,18,24],"seed_played":"2196051959242942901","killed_by":"Champ","ascension_level":0,"is_trial":false}