{"gold_per_floor":[119,139,156,106,106,106,137,150,150,160,160,172,142,154,154,154],"floor_reached":16,"playtime":917,"items_purged":[],"score":104,"play_id":"227b02e6-9f3f-4322-a7f5-1d5c2afad3b9","local_time":"20190222002327","is_ascension_mode":false,"campfire_choices":[{"floor":6,"key":"REST"},{"floor":11,"key":"REST"},{"floor":15,"key":"REST"}],"neow_cost":"NONE","seed_source_timestamp":695294932788965,"circlet_count":0,"master_deck":["Strike_B","Strike_B","Strike_B","Defend_B","Defend_B","Defend_B","Defend_B","Zap","Dualcast","Hello World","Fusion","Storm","Barrage","Auto Shields","Sunder"],"relics":["Runic Pyramid","Meat on the Bone","Bottled Flame","Dodecahedron"],"potions_floor_usage":[2,8,10],"damage_taken":[{"damage":7,"enemies":"2 Louse","floor":1,"turns":2},{"damage":3,"enemies":"Jaw Worm","floor":2,"turns":3},{"damage":5,"enemies":"Small Slimes","floor":3,"turns":5},{"damage":52,"enemies":"3 Sentries","floor":7,"turns":7},{"damage":13,"enemies":"Exordium Wildlife","floor":8,"turns":5},{"damage":11,"enemies":"Blue Slaver","floor":10,"turns":5},{"damage":19,"enemies":"Large Slime","floor":12,"turns":6},{"damage":0,"enemies":"Looter","floor":13,"turns":4},{"damage":28,"enemies":"Gremlin Gang","floor":14,"turns":6},{"damage":45,"enemies":"Hexaghost","floor":16,"turns":10}],"seed_played":"-218707275926935021","potions_obtained":[{"floor":1,"key":"AttackPotion"},{"floor":3,"key":"FocusPotion"},{"floor":7,"key":"Swift Potion"},{"floor":12,"key":"Weak Potion"}],"is_trial":false,"path_per_floor":["M","M","M","?","?","R","E","M","T","M","R","M","M","M","R","B"],"character_chosen":"DEFECT","items_purchased":[],"campfire_rested":3,"item_purchase_floors":[],"current_hp_per_floor":[68,65,60,60,42,64,24,23,23,24,46,39,39,23,45,0],"gold":154,"neow_bonus":"BOSS_RELIC","is_prod":false,"is_daily":false,"chose_seed":false,"campfire_upgraded":0,"win_rate":0,"timestamp":1550807607,"path_taken":["M","M","M","?","?","R","E","M","T","M","R","M","M","M","R","BOSS"],"build_version":"2019-02-06","purchased_purges":0,"victory":false,"max_hp_per_floor":[75,75,75,75,75,75,75,75,75,75,75,75,75,75,75,75],"card_choices":[{"not_picked":["Reprogram","Turbo"],"picked":"Hello World","floor":1},{"not_picked":["Heatsinks","Capacitor"],"picked":"Fusion","floor":2},{"not_picked":["Beam Cell","Scrape"],"picked":"Storm","floor":3},{"not_picked":["Stack","Compile Driver"],"picked":"Barrage","floor":7},{"not_picked":["Hologram","Gash","Reprogram"],"picked":"SKIP","floor":8},{"not_picked":["Storm","Capacitor","Undo"],"picked":"SKIP","floor":10},{"not_picked":["Ball Lightning","Doom and Gloom"],"picked":"Auto Shields","floor":12},{"not_picked":["Defragment","Skim","Cold Snap"],"picked":"SKIP","floor":13},{"not_picked":["Ball Lightning","Coolheaded"],"picked":"Sunder","floor":14}],"player_experience":645814,"relics_obtained":[{"floor":7,"key":"Bottled Flame"},{"floor":9,"key":"Dodecahedron"}],"event_choices":[{"cards_removed":["Strike_B"],"damage_healed":0,"gold_gain":0,"player_choice":"Card Removal","damage_taken":0,"max_hp_gain":0,"max_hp_loss":0,"event_name":"The Cleric","floor":4,"gold_loss":50},{"damage_healed":0,"gold_gain":0,"player_choice":"Success","damage_taken":18,"relics_obtained":["Meat on the Bone"],"max_hp_gain":0,"max_hp_loss":0,"event_name":"Scrap Ooze","floor":5,"gold_loss":0}],"is_beta":true,"boss_relics":[],"items_purged_floors":[],"is_endless":false,"potions_floor_spawned":[1,3,7,12],"killed_by":"Hexaghost","ascension_level":0}