{"gold_per_floor":[118,136,154,172,172,172,172,137,190,220,220,231,231,0,0,95,95,107,207,5,23,23,23,40,66,66,83,83,115,115,115,115,213,263,277,294,40,40,40,40,71,87,87,101,101],"floor_reached":45,"playtime":14711,"items_purged":[],"score":744,"play_id":"0920c575-f993-4ada-ad8a-2e6705c99162","local_time":"20190223155656","is_ascension_mode":true,"campfire_choices":[{"data":"Footwork","floor":6,"key":"SMITH"},{"data":"Noxious Fumes","floor":11,"key":"SMITH"},{"data":"Malaise","floor":13,"key":"SMITH"},{"data":"Footwork","floor":15,"key":"SMITH"},{"floor":23,"key":"REST"},{"data":"Choke","floor":28,"key":"SMITH"},{"floor":30,"key":"REST"},{"data":"Doppelganger","floor":32,"key":"SMITH"},{"data":"Survivor","floor":40,"key":"SMITH"}],"neow_cost":"NONE","seed_source_timestamp":128950858090702,"circlet_count":0,"master_deck":["Defend_G","Defend_G","Defend_G","Defend_G","Defend_G","Strike_G","Strike_G","Strike_G","Strike_G+1","Strike_G","Survivor+1","Neutralize","Poisoned Stab","Flying Knee","Footwork+1","Noxious Fumes+1","Malaise+1","Footwork+1","Outmaneuver+1","Choke+1","Dash+1","Terror","Finisher","Doppelganger+1","Glass Knife","Dagger Spray","Quick Slash+1","Backstab+1","Cloak And Dagger+1","Dodge and Roll"],"relics":["Runic Dome","Regal Pillow","Bronze Scales","Velvet Choker","ClockworkSouvenir","MutagenicStrength","Pen Nib","Pantograph","Happy Flower","Tiny House","Kunai","Mango"],"potions_floor_usage":[16,21,29,33,34,36,45,45],"damage_taken":[{"damage":2,"enemies":"Jaw Worm","floor":1,"turns":4},{"damage":0,"enemies":"2 Louse","floor":2,"turns":2},{"damage":0,"enemies":"Cultist","floor":3,"turns":3},{"damage":8,"enemies":"Exordium Wildlife","floor":4,"turns":4},{"damage":0,"enemies":"3 Louse","floor":12,"turns":4},{"damage":26,"enemies":"Slime Boss","floor":16,"turns":12},{"damage":18,"enemies":"3 Byrds","floor":18,"turns":3},{"damage":25,"enemies":"Spheric Guardian","floor":21,"turns":6},{"damage":22,"enemies":"Shelled Parasite and Fungi","floor":24,"turns":5},{"damage":0,"enemies":"Book of Stabbing","floor":25,"turns":6},{"damage":11,"enemies":"Centurion and Healer","floor":27,"turns":5},{"damage":17,"enemies":"Gremlin Leader","floor":29,"turns":6},{"damage":54,"enemies":"Collector","floor":33,"turns":8},{"damage":24,"enemies":"3 Darklings","floor":35,"turns":4},{"damage":0,"enemies":"Orb Walker","floor":36,"turns":2},{"damage":38,"enemies":"Nemesis","floor":41,"turns":7},{"damage":20,"enemies":"4 Shapes","floor":42,"turns":6},{"damage":28,"enemies":"Transient","floor":44,"turns":5},{"damage":13,"enemies":"Giant Head","floor":45,"turns":5}],"seed_played":"5816893277326245741","potions_obtained":[{"floor":1,"key":"GhostInAJar"},{"floor":3,"key":"Fire Potion"},{"floor":18,"key":"PowerPotion"},{"floor":25,"key":"FairyPotion"},{"floor":27,"key":"FearPotion"},{"floor":29,"key":"Fire Potion"},{"floor":34,"key":"Fruit Juice"},{"floor":35,"key":"Strength Potion"},{"floor":36,"key":"Fruit Juice"},{"floor":42,"key":"GhostInAJar"},{"floor":44,"key":"Ancient Potion"}],"is_trial":false,"path_per_floor":["M","M","M","M","?","R","?","$","T","?","R","M","R","$","R","B",null,"M","?","$","M","?","R","M","E","T","M","R","E","R","?","R","B",null,"M","M","$","?","$","R","E","M","T","M","E"],"character_chosen":"THE_SILENT","items_purchased":["Noxious Fumes","Bronze Scales","Footwork","ClockworkSouvenir","Kunai"],"campfire_rested":2,"item_purchase_floors":[8,14,14,20,37],"current_hp_per_floor":[61,61,61,53,46,46,69,69,69,69,69,69,69,69,69,43,63,45,45,45,20,20,56,34,34,34,23,23,6,42,80,80,26,77,53,58,58,58,58,58,34,14,14,10,0],"gold":101,"neow_bonus":"BOSS_RELIC","is_prod":false,"is_daily":false,"chose_seed":false,"campfire_upgraded":7,"win_rate":0,"timestamp":1550955416,"path_taken":["M","M","M","M","?","R","?","$","T","?","R","M","R","$","R","BOSS","M","?","$","?","?","R","M","E","T","M","R","E","R","?","R","BOSS","M","?","$","?","?","R","E","?","T","M","E"],"build_version":"2019-01-23","purchased_purges":0,"victory":false,"max_hp_per_floor":[70,70,70,70,70,70,70,70,70,70,70,70,70,70,70,70,70,70,70,70,70,70,70,70,70,70,70,70,70,70,80,80,80,90,90,95,95,95,95,95,109,109,109,109,109],"card_choices":[{"not_picked":["Distraction","Outmaneuver"],"picked":"Deadly Poison","floor":1},{"not_picked":["Catalyst","Underhanded Strike"],"picked":"Poisoned Stab","floor":2},{"not_picked":["Accuracy","PiercingWail"],"picked":"Flying Knee","floor":3},{"not_picked":["Dash","Flechettes"],"picked":"Footwork","floor":4},{"not_picked":["Reflex","Quick Slash"],"picked":"Malaise","floor":12},{"not_picked":["Grand Finale","Wraith Form v2"],"picked":"Bullet Time","floor":16},{"not_picked":["Underhanded Strike","Bane"],"picked":"Outmaneuver+1","floor":18},{"not_picked":["Backstab","Flying Knee"],"picked":"Choke","floor":21},{"not_picked":["Sucker Punch","Prepared"],"picked":"Dash+1","floor":24},{"not_picked":["Distraction","Acrobatics"],"picked":"Terror","floor":25},{"not_picked":["Cloak And Dagger","Accuracy"],"picked":"Finisher","floor":27},{"not_picked":["Riddle With Holes","Setup+1"],"picked":"Doppelganger","floor":29},{"not_picked":["Bullet Time","Grand Finale"],"picked":"Glass Knife","floor":33},{"not_picked":["Infinite Blades+1","Sucker Punch+1"],"picked":"Dagger Spray","floor":34},{"not_picked":["Cloak And Dagger+1","Dagger Throw"],"picked":"Quick Slash+1","floor":35},{"not_picked":["Acrobatics","Deadly Poison+1","Cloak And Dagger"],"picked":"SKIP","floor":36},{"not_picked":["Flying Knee+1","Night Terror"],"picked":"Backstab+1","floor":41},{"not_picked":["Deflect","Dagger Spray"],"picked":"Cloak And Dagger+1","floor":42},{"not_picked":["Infinite Blades","Underhanded Strike+1"],"picked":"Dodge and Roll","floor":44}],"player_experience":335339,"relics_obtained":[{"floor":9,"key":"Regal Pillow"},{"floor":25,"key":"Pen Nib"},{"floor":26,"key":"Pantograph"},{"floor":29,"key":"Happy Flower"},{"floor":41,"key":"Mango"}],"event_choices":[{"cards_removed":["Deadly Poison"],"damage_healed":0,"gold_gain":0,"player_choice":"Card Removal","damage_taken":7,"max_hp_gain":0,"max_hp_loss":0,"event_name":"Golden Wing","floor":5,"gold_loss":0},{"damage_healed":23,"gold_gain":0,"player_choice":"Banana","damage_taken":0,"max_hp_gain":0,"max_hp_loss":0,"event_name":"Big Fish","floor":7,"gold_loss":0},{"damage_healed":0,"gold_gain":30,"player_choice":"Searched \u00271\u0027 times","damage_taken":0,"max_hp_gain":0,"max_hp_loss":0,"event_name":"Dead Adventurer","floor":10,"gold_loss":0},{"damage_healed":0,"gold_gain":100,"player_choice":"Pray","damage_taken":0,"max_hp_gain":0,"max_hp_loss":0,"event_name":"Golden Shrine","floor":19,"gold_loss":0},{"damage_healed":0,"gold_gain":0,"player_choice":"Inject Mutagens","damage_taken":0,"relics_obtained":["MutagenicStrength"],"max_hp_gain":0,"max_hp_loss":0,"event_name":"Drug Dealer","floor":22,"gold_loss":0},{"cards_removed":["Bullet Time"],"damage_healed":28,"gold_gain":0,"player_choice":"Offered Rare","damage_taken":0,"max_hp_gain":10,"max_hp_loss":0,"event_name":"Bonfire Elementals","floor":31,"gold_loss":0},{"damage_healed":0,"gold_gain":0,"player_choice":"Ignored","damage_taken":0,"max_hp_gain":0,"max_hp_loss":0,"event_name":"Tomb of Lord Red Mask","floor":38,"gold_loss":0}],"is_beta":false,"boss_relics":[{"not_picked":["WristBlade","Snecko Eye"],"picked":"Velvet Choker"},{"not_picked":["HoveringKite","Philosopher\u0027s Stone"],"picked":"Tiny House"}],"items_purged_floors":[],"is_endless":false,"potions_floor_spawned":[1,3,18,25,27,29,35,36,42,44],"killed_by":"Giant Head","ascension_level":8}