{"path_per_floor":["M","$","?","M","M","R","E","R","T","?","R","M","R","M","R","B",null,"M","$","?","M","M","R","M","R","T","R","M","M","$","?","R"],"character_chosen":"THE_SILENT","items_purchased":["Acrobatics","Noxious Fumes","Sadistic Nature"],"gold_per_floor":[113,59,59,71,81,81,112,112,165,165,165,185,185,195,195,298,298,311,232,232,244,260,260,280,280,327,327,345,356,152,152,152,152],"floor_reached":33,"campfire_rested":3,"playtime":1876,"current_hp_per_floor":[67,67,67,67,67,67,48,69,69,74,74,74,74,73,73,49,75,74,74,74,72,59,75,74,74,74,74,59,31,31,17,41,0],"items_purged":[],"gold":152,"score":247,"play_id":"9c303a3e-0c1c-43f7-826e-53e53c405b53","local_time":"20180427032837","is_prod":false,"is_daily":false,"chose_seed":false,"is_ascension_mode":false,"campfire_upgraded":6,"timestamp":1524808717,"path_taken":["M","$","?","?","M","R","E","R","T","?","R","M","R","M","R","BOSS","M","$","?","?","M","R","M","R","T","R","M","?","$","?","R","BOSS"],"build_version":"2018-04-26v2","seed_source_timestamp":0,"purchased_purges":1,"victory":false,"master_deck":["Defend_G","Defend_G","Defend_G","Defend_G","Defend_G","Strike_G","Strike_G","Strike_G","Strike_G","Strike_G","Survivor+1","Neutralize+1","Blur+1","Acrobatics","Dagger Spray","Backflip+1","Predator+1","Dagger Spray","Bullet Time","Noxious Fumes+1","Unload","Poisoned Stab","Bane","Poisoned Stab","Sadistic Nature"],"max_hp_per_floor":[70,70,70,70,70,70,70,70,70,75,75,75,75,75,75,75,75,75,75,75,75,75,75,75,75,75,75,75,75,75,80,80,80],"relics":["Snecko Eye"],"card_choices":[{"not_picked":["Escape Plan","Deadly Poison"],"picked":"Blur","floor":1.0},{"not_picked":["Outmaneuver","Prepared"],"picked":"Dagger Spray","floor":4.0},{"not_picked":["Poisoned Stab","Cloak And Dagger"],"picked":"Backflip","floor":5.0},{"not_picked":["Sucker Punch","Deadly Poison"],"picked":"Predator","floor":7},{"not_picked":["Heel Hook","Deadly Poison"],"picked":"Dagger Spray","floor":12},{"not_picked":["Venomology","Burst"],"picked":"Bullet Time","floor":16},{"not_picked":["Underhanded Strike","Quick Slash"],"picked":"Poisoned Stab","floor":22},{"not_picked":["Quick Slash","Outmaneuver"],"picked":"Bane","floor":28},{"not_picked":["Prepared","Dagger Throw"],"picked":"Poisoned Stab","floor":29}],"player_experience":366771,"potions_floor_usage":[16,28,29,29,33],"damage_taken":[{"damage":3.0,"enemies":"Small Slimes","floor":1.0,"turns":4.0},{"damage":0.0,"enemies":"2 Louse","floor":4.0,"turns":3.0},{"damage":0.0,"enemies":"Cultist","floor":5.0,"turns":4.0},{"damage":19.0,"enemies":"Lagavulin","floor":7.0,"turns":11.0},{"damage":0,"enemies":"3 Louse","floor":12,"turns":3},{"damage":1,"enemies":"2 Fungi Beasts","floor":14,"turns":2},{"damage":24,"enemies":"Hexaghost","floor":16,"turns":11},{"damage":1,"enemies":"Chosen","floor":18,"turns":6},{"damage":2,"enemies":"Shell Parasite","floor":21,"turns":8},{"damage":13,"enemies":"Snake Plant","floor":22,"turns":6},{"damage":1,"enemies":"Snecko","floor":24,"turns":5},{"damage":15,"enemies":"Centurion and Healer","floor":28,"turns":4},{"damage":43,"enemies":"Slaver and Parasite","floor":29,"turns":7},{"damage":50,"enemies":"Champ","floor":33,"turns":11}],"event_choices":[{"event_name":"Golden Wing","player_choice":"Ignored","floor":3.0,"damage_taken":0.0},{"event_name":"Big Fish","player_choice":"Donut","floor":10,"damage_taken":0},{"event_name":"Match and Keep!","player_choice":"1 cards matched","floor":20,"damage_taken":0},{"event_name":"Forgotten Altar","player_choice":"Shed Blood","floor":31,"damage_taken":0}],"boss_relics":[{"not_picked":["Orrery","Runic Pyramid","Ectoplasm"]}],"potions_floor_spawned":[1,4,14,21,22,28,29],"seed_played":"-381037400122393625","killed_by":"Champ","ascension_level":0,"is_trial":false}