{"gold_per_floor":[109,127,138,148,167,167,177,177,204,204,217,235,267,267,267,368,368,382,382,370,388,125,125,125],"floor_reached":24,"playtime":1030,"items_purged":["Strike_R"],"score":348,"play_id":"48a9a283-76f9-43d1-8289-9c32ba4eba66","local_time":"20190203122939","is_ascension_mode":true,"campfire_choices":[{"data":"True Grit","floor":6,"key":"SMITH"},{"floor":8,"key":"REST"},{"data":"Bash","floor":10,"key":"SMITH"},{"data":"Shrug It Off","floor":15,"key":"SMITH"},{"data":"Armaments","floor":23,"key":"SMITH"}],"neow_cost":"PERCENT_DAMAGE","seed_source_timestamp":164247852028946,"circlet_count":0,"master_deck":["AscendersBane","Strike_R","Strike_R","Strike_R","Strike_R","Defend_R","Defend_R","Defend_R","Defend_R","Bash+1","Spot Weakness","True Grit+1","Disarm","Shrug It Off+1","Sword Boomerang","Flame Barrier","Heavy Blade","Seeing Red","Feed","True Grit+1","Armaments+1"],"relics":["Burning Blood","Ice Cream","Singing Bowl","Cursed Key","Regal Pillow"],"potions_floor_usage":[5,5,13,20],"damage_taken":[{"damage":1,"enemies":"Cultist","floor":1,"turns":4},{"damage":9,"enemies":"Jaw Worm","floor":2,"turns":5},{"damage":9,"enemies":"2 Louse","floor":3,"turns":4},{"damage":13,"enemies":"Blue Slaver","floor":4,"turns":6},{"damage":15,"enemies":"Exordium Wildlife","floor":5,"turns":5},{"damage":10,"enemies":"Large Slime","floor":7,"turns":6},{"damage":6,"enemies":"3 Louse","floor":11,"turns":3},{"damage":3,"enemies":"Blue Slaver","floor":12,"turns":6},{"damage":15,"enemies":"Lagavulin","floor":13,"turns":9},{"damage":24,"enemies":"The Guardian","floor":16,"turns":17},{"damage":12,"enemies":"Chosen","floor":18,"turns":6},{"damage":17,"enemies":"2 Thieves","floor":20,"turns":4},{"damage":15,"enemies":"Centurion and Healer","floor":21,"turns":9},{"damage":59,"enemies":"Slavers","floor":24,"turns":3}],"seed_played":"-6301168196938768070","potions_obtained":[{"floor":1,"key":"Energy Potion"},{"floor":3,"key":"SneckoOil"},{"floor":4,"key":"Strength Potion"},{"floor":5,"key":"SpeedPotion"},{"floor":16,"key":"FearPotion"}],"is_trial":false,"path_per_floor":["M","M","M","M","M","R","M","R","T","R","M","M","E","?","R","B",null,"M","?","M","M","$","R","E"],"character_chosen":"IRONCLAD","items_purchased":["Armaments","Regal Pillow"],"campfire_rested":1,"item_purchase_floors":[22,22],"current_hp_per_floor":[56,53,50,43,34,34,30,54,54,54,54,57,48,53,53,35,73,72,72,63,59,59,59,0],"gold":125,"neow_bonus":"ONE_RARE_RELIC","is_prod":false,"is_daily":false,"chose_seed":false,"campfire_upgraded":4,"win_rate":0,"timestamp":1549189779,"path_taken":["M","M","M","?","M","R","M","R","T","R","M","M","E","?","R","BOSS","M","?","M","M","$","R","E"],"build_version":"2019-01-23","purchased_purges":1,"victory":false,"max_hp_per_floor":[80,80,80,80,80,80,80,80,80,80,80,80,80,85,85,85,85,90,90,92,97,97,97,97],"card_choices":[{"not_picked":["Corruption","Sword Boomerang"],"picked":"Spot Weakness","floor":1},{"not_picked":["Combust","Twin Strike","Wild Strike"],"picked":"SKIP","floor":2},{"not_picked":["Twin Strike","Iron Wave"],"picked":"True Grit","floor":3},{"not_picked":["Anger","Havoc"],"picked":"Disarm","floor":4},{"not_picked":["Twin Strike","True Grit"],"picked":"Shrug It Off","floor":5},{"not_picked":["Spot Weakness","Searing Blow"],"picked":"Sword Boomerang","floor":7},{"not_picked":["Bludgeon","Flex"],"picked":"Flame Barrier","floor":11},{"not_picked":["Wild Strike","Havoc"],"picked":"Heavy Blade","floor":12},{"not_picked":["Sever Soul","Shockwave"],"picked":"Seeing Red","floor":13},{"not_picked":["Berserk","Bludgeon"],"picked":"Feed","floor":16},{"not_picked":["Wild Strike","Iron Wave","Body Slam"],"picked":"Singing Bowl","floor":18},{"not_picked":["Reckless Charge","Perfected Strike","Rupture"],"picked":"Singing Bowl","floor":20},{"not_picked":["Pommel Strike+1","Sword Boomerang","Warcry"],"picked":"Singing Bowl","floor":21}],"player_experience":713296,"relics_obtained":[{"floor":13,"key":"Singing Bowl"}],"event_choices":[{"damage_healed":0,"gold_gain":0,"player_choice":"Donut","damage_taken":0,"max_hp_gain":5,"max_hp_loss":0,"event_name":"Big Fish","floor":14,"gold_loss":0},{"damage_healed":0,"gold_gain":0,"player_choice":"Copied","damage_taken":0,"max_hp_gain":0,"max_hp_loss":0,"event_name":"Duplicator","floor":19,"gold_loss":0,"cards_obtained":["True Grit"]}],"is_beta":false,"boss_relics":[{"not_picked":["Calling Bell","Pandora\u0027s Box"],"picked":"Cursed Key"}],"items_purged_floors":[22],"is_endless":false,"potions_floor_spawned":[1,3,4,5,16],"killed_by":"Slavers","ascension_level":12}