{"path_per_floor":["M","?","?","?","M","R","M","M","T","R","M","T","$","M","R","B",null,"M","?","?","M","M","R","?","R","T","M","?","$","?","M","R"],"character_chosen":"IRONCLAD","items_purchased":["Juzu Bracelet","Letter Opener"],"gold_per_floor":[111,111,111,111,121,121,135,152,152,152,167,167,15,35,35,131,131,147,197,197,209,229,229,229,229,254,266,266,12,12,22,22],"floor_reached":33,"campfire_rested":3,"playtime":1205,"current_hp_per_floor":[75,75,75,75,70,70,68,58,58,80,72,72,72,72,72,46,80,60,60,80,60,58,80,80,80,80,70,70,70,70,70,80],"items_purged":[],"gold":22,"score":237,"play_id":"bd62f06e-9770-4e57-b2c3-9b2e0be21547","local_time":"20180312040806","is_prod":false,"is_daily":false,"is_ascension_mode":false,"campfire_upgraded":3,"timestamp":1520836686,"path_taken":["M","?","?","?","M","R","M","?","T","R","M","?","$","M","R","BOSS","M","?","?","M","M","R","?","R","T","M","?","$","?","M","R","BOSS"],"build_version":"2018-03-09","purchased_purges":0,"victory":false,"master_deck":["Bash","Inflame","Wild Strike","Pummel","Disarm","Twin Strike","Metallicize+1","Shrug It Off+1","Impervious","Flex+1","Thunderclap+1","Havoc+1","Rampage+1","Ghostly Armor","Havoc+1","Feel No Pain+1","Anger","Dual Wield"],"max_hp_per_floor":[80,80,80,80,80,80,80,80,80,80,80,80,80,80,80,80,80,80,80,80,80,80,80,80,80,80,80,80,80,80,80,80],"relics":["Pandora\u0027s Box","Sundial","Ancient Tea Set","Juzu Bracelet","Astrolabe","Vajra","Letter Opener"],"card_choices":[{"not_picked":["Ghostly Armor","Headbutt"],"picked":"Metallicize"},{"not_picked":["Rampage","Headbutt"],"picked":"Thunderclap"},{"not_picked":["Dropkick","Corruption"],"picked":"Shrug It Off"},{"not_picked":["Limit Break","Immolate"],"picked":"Impervious"},{"not_picked":["Sentinel","Clothesline"],"picked":"Rampage"},{"not_picked":["Cleave","Flex"],"picked":"Ghostly Armor"},{"not_picked":["Sword Boomerang","Wild Strike"],"picked":"Feel No Pain"},{"not_picked":["Anger","Headbutt"],"picked":"Dual Wield"}],"player_experience":171118,"potions_floor_usage":[5,8,8,14,16,16,22,31],"damage_taken":[{"damage":5,"enemies":"2 Louse","floor":1,"turns":2},{"damage":5,"enemies":"Jaw Worm","floor":5,"turns":2},{"damage":2,"enemies":"Cultist","floor":7,"turns":3},{"damage":10,"enemies":"Looter","floor":8,"turns":2},{"damage":8,"enemies":"2 Fungi Beasts","floor":11,"turns":3},{"damage":0,"enemies":"Lots of Slimes","floor":14,"turns":1},{"damage":26,"enemies":"Hexaghost","floor":16,"turns":8},{"damage":20,"enemies":"2 Thieves","floor":18,"turns":4},{"damage":20,"enemies":"Chosen","floor":21,"turns":5},{"damage":11,"enemies":"Snake Plant","floor":22,"turns":4},{"damage":10,"enemies":"Snecko","floor":27,"turns":5},{"damage":0,"enemies":"Centurion and Healer","floor":31,"turns":6},{"damage":81,"enemies":"Automaton","floor":33,"turns":10}],"event_choices":[{"event_name":"Living Wall","player_choice":"Change","floor":2,"damage_taken":0},{"event_name":"Purifier","player_choice":"One Purge","floor":3,"damage_taken":0},{"event_name":"The Lab","player_choice":"Got Potions","floor":4,"damage_taken":0},{"event_name":"The Joust","player_choice":"Bet on Murderer","floor":19,"damage_taken":0},{"event_name":"The Library","player_choice":"Heal","floor":20,"damage_taken":0},{"event_name":"Match and Keep!","player_choice":"1 cards matched","floor":24,"damage_taken":0},{"event_name":"Transmorgrifier","player_choice":"Transform","floor":28,"damage_taken":0},{"event_name":"Addict","player_choice":"Ignored","floor":30,"damage_taken":0}],"boss_relics":[{"not_picked":["White Beast Statue","Snecko Eye"],"picked":"Astrolabe"}],"potions_floor_spawned":[5,8,11,16,27],"seed_played":"-9079901297985309439","killed_by":"Automaton","ascension_level":0,"is_trial":false}