{"gold_per_floor":[117,117,117,135,151,151,168,5,5,25,25,44,44,59,59,132,132,144,163,178,178,192,192,192],"floor_reached":24,"playtime":842,"items_purged":[],"score":384,"play_id":"08a4041b-3110-4ba8-9cb6-ae0654cb6496","local_time":"20190210183046","is_ascension_mode":true,"campfire_choices":[{"data":"Poisoned Stab","floor":6,"key":"SMITH"},{"data":"Poisoned Stab","floor":11,"key":"SMITH"},{"data":"Neutralize","floor":13,"key":"SMITH"},{"data":"Survivor","floor":15,"key":"SMITH"},{"data":"Night Terror","floor":23,"key":"SMITH"}],"neow_cost":"NONE","seed_source_timestamp":23481031489393,"circlet_count":0,"master_deck":["AscendersBane","Defend_G","Defend_G","Defend_G","Defend_G","Defend_G","Strike_G","Strike_G","Strike_G","Strike_G","Strike_G","Survivor+1","Neutralize+1","Poisoned Stab+1","Poisoned Stab+1","Escape Plan","Calculated Gamble","Infinite Blades","After Image","Crippling Poison","Deadly Poison+1","Night Terror+1"],"relics":["Ring of the Serpent","NeowsBlessing","Mercury Hourglass","Oddly Smooth Stone","Mummified Hand"],"potions_floor_usage":[14,18,20,24,24],"damage_taken":[{"damage":0,"enemies":"Jaw Worm","floor":1,"turns":1},{"damage":0,"enemies":"Cultist","floor":4,"turns":1},{"damage":0,"enemies":"Small Slimes","floor":5,"turns":1},{"damage":20,"enemies":"Gremlin Gang","floor":7,"turns":6},{"damage":0,"enemies":"2 Fungi Beasts","floor":10,"turns":3},{"damage":6,"enemies":"Lots of Slimes","floor":12,"turns":3},{"damage":5,"enemies":"Gremlin Gang","floor":14,"turns":4},{"damage":12,"enemies":"Hexaghost","floor":16,"turns":9},{"damage":2,"enemies":"3 Byrds","floor":18,"turns":5},{"damage":11,"enemies":"Shell Parasite","floor":19,"turns":6},{"damage":2,"enemies":"Chosen and Byrds","floor":20,"turns":5},{"damage":14,"enemies":"Snake Plant","floor":22,"turns":5},{"damage":17,"enemies":"Book of Stabbing","floor":24,"turns":4}],"seed_played":"7668397587376704297","potions_obtained":[{"floor":5,"key":"EssenceOfSteel"},{"floor":10,"key":"Block Potion"},{"floor":18,"key":"Fire Potion"},{"floor":20,"key":"Strength Potion"},{"floor":21,"key":"Block Potion"},{"floor":21,"key":"AttackPotion"},{"floor":22,"key":"Energy Potion"}],"is_trial":false,"path_per_floor":["M","$","?","M","M","R","M","$","T","M","R","M","R","M","R","B",null,"M","M","M","?","M","R","E"],"character_chosen":"THE_SILENT","items_purchased":["Oddly Smooth Stone"],"campfire_rested":0,"item_purchase_floors":[8],"current_hp_per_floor":[59,59,59,59,59,59,39,39,39,39,39,33,33,28,28,16,54,52,41,39,39,25,25,8],"gold":192,"neow_bonus":"THREE_ENEMY_KILL","is_prod":false,"is_daily":false,"chose_seed":false,"campfire_upgraded":5,"win_rate":0,"timestamp":1549819846,"path_taken":["M","$","?","M","?","R","M","$","T","M","R","M","R","M","R","BOSS","M","?","M","?","M","R","E"],"build_version":"2019-02-06","purchased_purges":0,"victory":false,"max_hp_per_floor":[66,66,66,66,66,66,66,66,66,66,66,66,66,66,66,66,66,66,66,66,66,66,66,66],"card_choices":[{"not_picked":["Prepared","Bane"],"picked":"Slice","floor":1},{"not_picked":["Acrobatics","Cloak And Dagger"],"picked":"Poisoned Stab","floor":4},{"not_picked":["Skewer","Flying Knee"],"picked":"Poisoned Stab","floor":5},{"not_picked":["Slice","Poisoned Stab","Outmaneuver"],"picked":"SKIP","floor":7},{"not_picked":["Outmaneuver","Concentrate"],"picked":"Escape Plan","floor":10},{"not_picked":["Flying Knee","Escape Plan"],"picked":"Calculated Gamble","floor":12},{"not_picked":["Grand Finale","Poisoned Stab"],"picked":"Infinite Blades","floor":14},{"not_picked":["Tools of the Trade","Night Terror"],"picked":"After Image","floor":16},{"not_picked":["Slice","Prepared","Masterful Stab"],"picked":"SKIP","floor":18},{"not_picked":["Dodge and Roll","Dagger Throw"],"picked":"Crippling Poison","floor":19},{"not_picked":["Backflip","PiercingWail"],"picked":"Deadly Poison+1","floor":20},{"not_picked":["Outmaneuver","Accuracy+1"],"picked":"Night Terror","floor":22}],"player_experience":967752,"relics_obtained":[{"floor":9,"key":"Mummified Hand"}],"event_choices":[{"cards_removed":["Slice"],"damage_healed":0,"gold_gain":0,"player_choice":"Gave Card","damage_taken":0,"relics_obtained":["Mercury Hourglass"],"max_hp_gain":0,"max_hp_loss":0,"event_name":"WeMeetAgain","floor":3,"gold_loss":0},{"damage_healed":0,"gold_gain":0,"player_choice":"Got Potions","damage_taken":0,"max_hp_gain":0,"max_hp_loss":0,"event_name":"Lab","floor":21,"gold_loss":0}],"is_beta":true,"boss_relics":[{"not_picked":["Velvet Choker","Runic Dome"],"picked":"Ring of the Serpent"}],"items_purged_floors":[],"is_endless":false,"potions_floor_spawned":[5,10,12,18,20,22],"killed_by":"Book of Stabbing","ascension_level":20}