{"path_per_floor":["M","?","M","?","$","E","R","M","T","?","$","M","M","$","R","B",null,"M","M","$","?","$","R","M","R","T","?","$","?","$","M","R"],"character_chosen":"IRONCLAD","items_purchased":["Omamori","Apotheosis","Anger","Transmutation","Feel No Pain","Sever Soul"],"gold_per_floor":[218,218,237,237,91,123,123,136,136,311,311,327,345,143,143,241,241,251,269,13,13,13,13,31,31,84,84,84,84,7,26,26],"floor_reached":33,"campfire_rested":3,"playtime":1660,"current_hp_per_floor":[80,80,80,80,80,49,73,79,93,93,93,72,73,73,94,45,94,94,94,94,78,78,78,73,98,98,98,98,98,98,98,98],"items_purged":[],"gold":26,"score":268,"play_id":"de3b6b6e-c0c1-475d-9867-6eedefad2274","local_time":"20180307061522","is_prod":false,"is_daily":false,"is_ascension_mode":false,"campfire_upgraded":2,"timestamp":1520415922,"path_taken":["M","?","M","?","$","E","R","M","T","?","$","M","?","$","R","BOSS","M","M","$","?","?","R","M","R","T","?","$","?","$","M","R","BOSS"],"build_version":"2018-03-01-PROD1","purchased_purges":1,"victory":false,"master_deck":["Strike_R+1","Strike_R+1","Strike_R+1","Strike_R+1","Strike_R+1","Defend_R+1","Defend_R+1","Defend_R+1","Defend_R+1","Bash","Juggernaut","Pommel Strike","Sentinel","Armaments","Apotheosis+1","Anger","Feed","Iron Wave+1","Transmutation","Feel No Pain+1","Anger+1","Sever Soul"],"max_hp_per_floor":[80,80,80,80,80,80,80,80,94,94,94,94,94,94,94,94,94,94,94,94,94,94,94,98,98,98,98,98,98,98,98,98],"relics":["Burning Blood","Omamori","Ornamental Fan","Mango","Sozu","Nilry\u0027s Codex","Juzu Bracelet"],"card_choices":[{"not_picked":["Burning Pact","True Grit"],"picked":"Armaments"},{"not_picked":["Wild Strike","Disarm"],"picked":"Juggernaut"},{"not_picked":["Twin Strike","Pummel"],"picked":"Sentinel"},{"not_picked":["Pommel Strike","True Grit"],"picked":"Armaments"},{"not_picked":["Brutality","Double Tap"],"picked":"Feed"},{"not_picked":["Feel No Pain","Body Slam"],"picked":"Iron Wave"},{"not_picked":["Shrug It Off","Headbutt"],"picked":"Anger"}],"player_experience":131419,"potions_floor_usage":[6,16,16,18],"damage_taken":[{"damage":1,"enemies":"Jaw Worm","floor":1,"turns":6},{"damage":5,"enemies":"Cultist","floor":3,"turns":4},{"damage":37,"enemies":"3 Sentries","floor":6,"turns":10},{"damage":0,"enemies":"2 Louse","floor":8,"turns":3},{"damage":27,"enemies":"Exordium Thugs","floor":12,"turns":5},{"damage":5,"enemies":"2 Fungi Beasts","floor":13,"turns":4},{"damage":70,"enemies":"The Guardian","floor":16,"turns":17},{"damage":0,"enemies":"Shell Parasite","floor":18,"turns":5},{"damage":2,"enemies":"Chosen","floor":19,"turns":6},{"damage":15,"enemies":"Snecko","floor":24,"turns":5},{"damage":4,"enemies":"Snake Plant","floor":31,"turns":5},{"damage":121,"enemies":"Collector","floor":33,"turns":13}],"event_choices":[{"event_name":"Bonfire Elementals","player_choice":"COMMON","floor":2,"damage_taken":0},{"event_name":"Match and Keep!","player_choice":"1 cards matched","floor":4,"damage_taken":0},{"event_name":"Liars Game","player_choice":"agreed","floor":10,"damage_taken":0},{"event_name":"Cursed Tome","player_choice":"Obtained Book","floor":21,"damage_taken":0},{"event_name":"Back to Basics","player_choice":"Simplicity","floor":27,"damage_taken":0},{"event_name":"Beggar","player_choice":"Ignored","floor":29,"damage_taken":0}],"boss_relics":[{"not_picked":["White Beast Statue","Philosopher\u0027s Stone"],"picked":"Sozu"}],"potions_floor_spawned":[1,6,13,16,18,24],"seed_played":"-2704357764143906145","killed_by":"Collector","ascension_level":0,"is_trial":false}