{"gold_per_floor":[118,168,68,83,103,103,119,119,119,119,119,119,132,161,161,232,232,132,4,18,18,31,31,50,0,78,78,108,108,108],"floor_reached":30,"playtime":1370,"items_purged":["Regret","Decay"],"score":492,"play_id":"e3b62134-71fd-476c-8526-da869c6dd26d","local_time":"20181202142250","is_ascension_mode":true,"campfire_choices":[{"data":"Zap","floor":6.0,"key":"SMITH"},{"data":"Rip and Tear","floor":8.0,"key":"SMITH"},{"data":"Hologram","floor":10.0,"key":"SMITH"},{"floor":12.0,"key":"REST"},{"data":"Hologram","floor":15.0,"key":"SMITH"},{"data":"Biased Cognition","floor":23,"key":"SMITH"},{"data":"Darkness","floor":27,"key":"SMITH"}],"neow_cost":"NONE","seed_source_timestamp":0,"circlet_count":0,"master_deck":["AscendersBane","Strike_B","Strike_B","Strike_B","Strike_B","Defend_B","Defend_B","Defend_B","Defend_B","Zap+1","Dualcast","Clumsy","Rip and Tear+1","Compile Driver","Hologram+1","Glacier","Glacier","Biased Cognition+1","Hologram+1","Biased Cognition","Seek","Sweeping Beam","Cold Snap","Steam+1","Writhe","Conserve Battery+1","Darkness+1","Hologram"],"special_seed":0,"relics":["Calling Bell","Bird Faced Urn","Matryoshka","Pen Nib","Dream Catcher","Art of War","Emotion Chip","Sozu","Ancient Tea Set","Prayer Wheel","Omamori","Sundial","Juzu Bracelet"],"potions_floor_usage":[],"damage_taken":[{"damage":11.0,"enemies":"Cultist","floor":1.0,"turns":4.0},{"damage":4.0,"enemies":"Jaw Worm","floor":4.0,"turns":3.0},{"damage":10.0,"enemies":"Small Slimes","floor":5.0,"turns":3.0},{"damage":9.0,"enemies":"Looter","floor":7.0,"turns":3.0},{"damage":5.0,"enemies":"Lots of Slimes","floor":13.0,"turns":5.0},{"damage":10.0,"enemies":"Lagavulin","floor":14.0,"turns":7.0},{"damage":12.0,"enemies":"Slime Boss","floor":16.0,"turns":8.0},{"damage":2.0,"enemies":"2 Thieves","floor":18.0,"turns":5.0},{"damage":10.0,"enemies":"Shell Parasite","floor":20.0,"turns":6.0},{"damage":16,"enemies":"Centurion and Healer","floor":22,"turns":11},{"damage":10,"enemies":"Sentry and Sphere","floor":24,"turns":9},{"damage":37,"enemies":"Gremlin Leader","floor":28,"turns":8},{"damage":9,"enemies":"Snake Plant","floor":30,"turns":1}],"seed_played":"2251497378980116371","potions_obtained":[{"floor":5.0,"key":"FearPotion"},{"floor":14.0,"key":"Fire Potion"}],"is_trial":false,"path_per_floor":["M","?","$","M","M","R","M","R","T","R","?","R","M","E","R","B",null,"M","$","M","?","M","R","M","?","T","R","E","?","M"],"character_chosen":"DEFECT","items_purchased":["Compile Driver","Cold Snap"],"campfire_rested":1,"item_purchase_floors":[3,19],"current_hp_per_floor":[53,53,53,49,39,39,30,30,30,30,53,71,68,60,60,50,66,66,66,60,60,46,46,38,38,38,38,5,5,0],"gold":108,"neow_bonus":"BOSS_RELIC","is_prod":false,"is_daily":false,"chose_seed":false,"campfire_upgraded":6,"win_rate":0,"timestamp":1543756970,"path_taken":["M","?","?","?","M","R","M","R","T","R","?","R","M","E","R","BOSS","M","$","M","?","M","R","M","?","T","R","E","?","M"],"build_version":"2018-11-15","purchased_purges":2,"victory":false,"max_hp_per_floor":[71,71,71,71,71,71,71,71,71,71,71,71,71,71,71,71,71,71,71,71,71,71,71,71,71,71,71,71,71,71],"card_choices":[{"not_picked":["Tempest","Compile Driver"],"picked":"Rip and Tear","floor":1.0},{"not_picked":["Reprogram","Rebound"],"picked":"Hologram","floor":4.0},{"not_picked":["BootSequence","Tempest"],"picked":"Glacier","floor":5.0},{"not_picked":["Scrape","Double Energy"],"picked":"Glacier","floor":7.0},{"not_picked":["Coolheaded","Rebound"],"picked":"Biased Cognition","floor":12.0},{"not_picked":["Self Repair","Streamline"],"picked":"Hologram","floor":13.0},{"not_picked":["Reprogram","Streamline"],"picked":"Biased Cognition","floor":14.0},{"not_picked":["Multi-Cast","Reboot"],"picked":"Seek","floor":16.0},{"not_picked":["Beam Cell","Streamline"],"picked":"Sweeping Beam","floor":18.0},{"not_picked":["BootSequence","Static Discharge"],"picked":"Steam+1","floor":20.0},{"not_picked":["Stack","Turbo"],"picked":"Conserve Battery+1","floor":22},{"not_picked":["Seek","Barrage"],"picked":"Darkness","floor":24},{"not_picked":["Chill","Go for the Eyes"],"picked":"Hologram","floor":28}],"player_experience":840557,"relics_obtained":[{"floor":0.0,"key":"Bird Faced Urn"},{"floor":0.0,"key":"Matryoshka"},{"floor":0.0,"key":"Pen Nib"},{"floor":9.0,"key":"Dream Catcher"},{"floor":9.0,"key":"Art of War"},{"floor":14.0,"key":"Emotion Chip"},{"floor":26,"key":"Omamori"},{"floor":26,"key":"Sundial"},{"floor":28,"key":"Juzu Bracelet"}],"event_choices":[{"damage_healed":0.0,"max_hp_gain":0.0,"max_hp_loss":0.0,"gold_gain":50.0,"event_name":"Golden Shrine","player_choice":"Pray","floor":2.0,"gold_loss":0.0,"damage_taken":0.0},{"damage_healed":23.0,"max_hp_gain":0.0,"max_hp_loss":0.0,"gold_gain":0.0,"event_name":"Big Fish","player_choice":"Banana","floor":11.0,"gold_loss":0.0,"damage_taken":0.0},{"damage_healed":0.0,"max_hp_gain":0.0,"max_hp_loss":0.0,"gold_gain":0.0,"event_name":"The Mausoleum","player_choice":"Opened","floor":21.0,"gold_loss":0.0,"damage_taken":0.0,"relics_obtained":["Ancient Tea Set"],"cards_obtained":["Writhe"]},{"damage_healed":0,"gold_gain":0,"player_choice":"Paid Gold","damage_taken":0,"relics_obtained":["Prayer Wheel"],"max_hp_gain":0,"max_hp_loss":0,"event_name":"WeMeetAgain","floor":25,"gold_loss":50},{"damage_healed":0,"gold_gain":0,"player_choice":"Ignored","damage_taken":0,"max_hp_gain":0,"max_hp_loss":0,"event_name":"Ghosts","floor":29,"gold_loss":0}],"is_beta":true,"boss_relics":[{"not_picked":["Black Star","Astrolabe"],"picked":"Sozu"}],"items_purged_floors":[3,19],"is_endless":false,"potions_floor_spawned":[5,14,22,24],"killed_by":"Snake Plant","ascension_level":20}