{"gold_per_floor":[117,117,134,134,134,167,167,185,260,260,275,303,323,382,382,453,453,471,471,483,483,502,502,531,531,531,194,194,264,291,305,305,378,378,396,408,418,177,177,177,191,223,248,53,68,68,80,93,93,93],"floor_reached":51,"playtime":4291,"items_purged":["Strike_G","Strike_G"],"score":1413,"play_id":"61269fc1-1847-4bb3-a3e1-40eaa8f3f326","local_time":"20190128181145","is_ascension_mode":true,"campfire_choices":[{"data":"Neutralize","floor":7.0,"key":"SMITH"},{"data":"Footwork","floor":10.0,"key":"SMITH"},{"floor":15.0,"key":"REST"},{"data":"Noxious Fumes","floor":23.0,"key":"SMITH"},{"data":"Glass Knife","floor":25.0,"key":"SMITH"},{"data":"Well Laid Plans","floor":32,"key":"SMITH"},{"floor":40,"key":"REST"},{"floor":46,"key":"REST"},{"floor":49,"key":"REST"}],"neow_cost":"NONE","seed_source_timestamp":0,"circlet_count":0,"master_deck":["AscendersBane","Defend_G","Defend_G","Defend_G+1","Defend_G+1","Defend_G","Survivor","Neutralize+1","Footwork+1","Well Laid Plans+1","Flying Knee","Noxious Fumes+1","Poisoned Stab","PiercingWail+1","PiercingWail+1","Dodge and Roll+1","Glass Knife+1","Grand Finale+1","Escape Plan+1","Escape Plan+1","Dagger Spray","Dodge and Roll+1","Deadly Poison+1","Predator","Acrobatics+1","After Image","Footwork","Cloak And Dagger+1","Catalyst+1","Caltrops","Skewer","Dodge and Roll+1","Crippling Poison+1","Deflect+1","Dodge and Roll+1","PiercingWail+1"],"special_seed":0,"relics":["Ring of the Snake","NeowsBlessing","Smiling Mask","Toxic Egg 2","Ice Cream","Singing Bowl","War Paint","Tiny Chest","Astrolabe","Pear","Meat on the Bone","Mummified Hand","Calipers","Dodecahedron","PreservedInsect","Fusion Hammer","Art of War","Centennial Puzzle","Anchor"],"potions_floor_usage":[45,48,50,50],"damage_taken":[{"damage":0.0,"enemies":"2 Louse","floor":1.0,"turns":1.0},{"damage":0.0,"enemies":"Cultist","floor":3.0,"turns":1.0},{"damage":0.0,"enemies":"Gremlin Nob","floor":6.0,"turns":1.0},{"damage":7.0,"enemies":"Small Slimes","floor":8.0,"turns":3.0},{"damage":3.0,"enemies":"2 Fungi Beasts","floor":11.0,"turns":5.0},{"damage":13.0,"enemies":"3 Sentries","floor":12.0,"turns":9.0},{"damage":5.0,"enemies":"Lots of Slimes","floor":13.0,"turns":6.0},{"damage":23.0,"enemies":"Gremlin Nob","floor":14.0,"turns":6.0},{"damage":16.0,"enemies":"The Guardian","floor":16.0,"turns":13.0},{"damage":10.0,"enemies":"Spheric Guardian","floor":18.0,"turns":6.0},{"damage":1.0,"enemies":"Shell Parasite","floor":20.0,"turns":7.0},{"damage":0.0,"enemies":"3 Cultists","floor":22.0,"turns":4.0},{"damage":15.0,"enemies":"Book of Stabbing","floor":24.0,"turns":9.0},{"damage":0.0,"enemies":"Gremlin Leader","floor":30.0,"turns":6.0},{"damage":0.0,"enemies":"Snecko","floor":31.0,"turns":5.0},{"damage":24,"enemies":"Collector","floor":33,"turns":10},{"damage":14,"enemies":"Orb Walker","floor":35,"turns":5},{"damage":1,"enemies":"3 Darklings","floor":36,"turns":7},{"damage":5,"enemies":"Sphere and 2 Shapes","floor":37,"turns":7},{"damage":0,"enemies":"Writhing Mass","floor":41,"turns":5},{"damage":6,"enemies":"Nemesis","floor":42,"turns":7},{"damage":7,"enemies":"Transient","floor":45,"turns":5},{"damage":2,"enemies":"Spire Growth","floor":47,"turns":7},{"damage":4,"enemies":"4 Shapes","floor":48,"turns":5},{"damage":0,"enemies":"Donu and Deca","floor":50,"turns":10}],"seed_played":"3700801259720084553","potions_obtained":[{"floor":1.0,"key":"Poison Potion"},{"floor":8.0,"key":"GhostInAJar"},{"floor":11.0,"key":"SpeedPotion"},{"floor":22.0,"key":"EntropicBrew"},{"floor":24.0,"key":"Explosive Potion"},{"floor":31.0,"key":"SkillPotion"},{"floor":45,"key":"Swift Potion"}],"is_trial":false,"path_per_floor":["M","?","M","T","?","E","R","M","T","R","M","E","M","E","R","B",null,"M","?","M","?","M","R","E","R","T","$","T","T","E","M","R","B",null,"M","M","M","$","?","R","M","E","T","$","M","R","M","M","R","B",null],"character_chosen":"THE_SILENT","items_purchased":["Mummified Hand","Deadly Poison+1","Catalyst+1","Caltrops","Skewer","Anchor","Deflect+1"],"campfire_rested":4,"item_purchase_floors":[27,27,38,38,38,44,44],"current_hp_per_floor":[59,59,59,59,64,64,64,57,57,57,54,41,36,13,34,18,58,48,48,49,73,75,75,70,70,70,70,70,70,70,70,70,46,75,61,62,57,57,57,81,81,75,75,75,68,83,81,79,85,85],"gold":93,"neow_bonus":"THREE_ENEMY_KILL","is_prod":false,"is_daily":false,"chose_seed":false,"campfire_upgraded":5,"win_rate":0,"timestamp":1548695505,"path_taken":["M","?","?","?","?","E","R","M","T","R","M","E","M","E","R","BOSS","M","?","?","?","M","R","E","R","T","$","?","?","E","M","R","BOSS","M","M","M","$","?","R","M","E","T","$","M","R","M","M","R","BOSS"],"build_version":"2019-01-23","purchased_purges":2,"victory":true,"max_hp_per_floor":[66,66,66,66,71,71,71,71,71,71,71,71,71,71,71,71,71,71,71,73,73,75,75,85,85,85,85,85,85,85,85,85,85,85,85,87,87,87,83,83,83,83,83,83,83,83,83,85,85,85],"card_choices":[{"not_picked":["Deadly Poison","Slice"],"picked":"Footwork","floor":1.0},{"not_picked":["Sucker Punch","Poisoned Stab"],"picked":"Well Laid Plans","floor":3.0},{"not_picked":["Dagger Spray","Finisher"],"picked":"Flying Knee","floor":6.0},{"not_picked":["Bane","Flying Knee"],"picked":"Noxious Fumes","floor":8.0},{"not_picked":["Quick Slash","Bane"],"picked":"Poisoned Stab","floor":11.0},{"not_picked":["Backflip+1","Unload"],"picked":"PiercingWail+1","floor":12.0},{"not_picked":["Dagger Throw","Blade Dance+1"],"picked":"PiercingWail+1","floor":13.0},{"not_picked":["Prepared+1","Endless Agony"],"picked":"Dodge and Roll+1","floor":14.0},{"not_picked":["Bullet Time+1","Grand Finale"],"picked":"Glass Knife","floor":16.0},{"not_picked":["Tactician+1","Slice"],"picked":"Escape Plan+1","floor":18.0},{"not_picked":["Noxious Fumes","Accuracy","Prepared+1"],"picked":"Singing Bowl","floor":20.0},{"not_picked":["All Out Attack","Catalyst+1","Concentrate+1"],"picked":"Singing Bowl","floor":22.0},{"not_picked":["Flechettes","Burst+1"],"picked":"Dodge and Roll+1","floor":24.0},{"not_picked":["Reflex+1","Finisher"],"picked":"Predator","floor":30.0},{"not_picked":["Slice","Backstab"],"picked":"Acrobatics+1","floor":31.0},{"not_picked":["Envenom","Tools of the Trade"],"picked":"After Image","floor":33},{"not_picked":["Quick Slash","Backflip+1"],"picked":"Footwork","floor":35},{"not_picked":["Accuracy+1","Concentrate+1","Underhanded Strike"],"picked":"Singing Bowl","floor":36},{"not_picked":["Heel Hook","Acrobatics+1"],"picked":"Cloak And Dagger+1","floor":37},{"not_picked":["Blade Dance+1","Slice"],"picked":"Dodge and Roll+1","floor":41},{"not_picked":["Prepared+1","Accuracy"],"picked":"Crippling Poison+1","floor":42},{"not_picked":["Quick Slash","Bane+1"],"picked":"Dodge and Roll+1","floor":45},{"not_picked":["Well Laid Plans+1","Outmaneuver+1"],"picked":"PiercingWail+1","floor":47},{"not_picked":["Slice","Flechettes","Deflect+1"],"picked":"Singing Bowl","floor":48}],"player_experience":393990,"relics_obtained":[{"floor":4.0,"key":"Toxic Egg 2"},{"floor":6.0,"key":"Ice Cream"},{"floor":9.0,"key":"Singing Bowl"},{"floor":12.0,"key":"War Paint"},{"floor":14.0,"key":"Tiny Chest"},{"floor":24.0,"key":"Pear"},{"floor":26.0,"key":"Meat on the Bone"},{"floor":28.0,"key":"Calipers"},{"floor":29.0,"key":"Dodecahedron"},{"floor":30.0,"key":"PreservedInsect"},{"floor":42,"key":"Art of War"},{"floor":43,"key":"Centennial Puzzle"}],"event_choices":[{"damage_healed":0.0,"max_hp_gain":0.0,"max_hp_loss":0.0,"gold_gain":0.0,"event_name":"WeMeetAgain","player_choice":"Gave Potion","floor":2.0,"gold_loss":0.0,"damage_taken":0.0,"relics_obtained":["Smiling Mask"]},{"damage_healed":0.0,"max_hp_gain":5.0,"max_hp_loss":0.0,"gold_gain":0.0,"event_name":"Big Fish","player_choice":"Donut","floor":5.0,"gold_loss":0.0,"damage_taken":0.0},{"damage_healed":0.0,"max_hp_gain":0.0,"max_hp_loss":0.0,"gold_gain":0.0,"cards_transformed":["Accuracy"],"event_name":"Transmorgrifier","player_choice":"Transformed","floor":19.0,"gold_loss":0.0,"damage_taken":0.0,"cards_obtained":["Dagger Spray"]},{"damage_healed":24.0,"max_hp_gain":0.0,"max_hp_loss":0.0,"gold_gain":0.0,"event_name":"Wheel of Change","player_choice":"Full Heal","floor":21.0,"gold_loss":0.0,"damage_taken":0.0},{"damage_healed":0,"gold_gain":0,"player_choice":"Max HP","damage_taken":0,"max_hp_gain":0,"max_hp_loss":4,"event_name":"Winding Halls","floor":39,"gold_loss":0}],"is_beta":false,"boss_relics":[{"not_picked":["Coffee Dripper","Calling Bell"],"picked":"Astrolabe"},{"not_picked":["Orrery","WristBlade"],"picked":"Fusion Hammer"}],"items_purged_floors":[27,38],"is_endless":false,"potions_floor_spawned":[1,8,11,22,24,31,35,41,42,45],"ascension_level":14}