{"gold_per_floor":[111,122,122,297,316,316,329,341,387,32,46,62,79,91,91,192,192,162,162,177,177,196,196,227,227,227,238,258,258,258,143,143,143],"floor_reached":33,"playtime":12787,"items_purged":["Shame"],"score":276,"play_id":"24e7c759-2c6f-458c-b314-2598de34200e","local_time":"20181126012934","is_ascension_mode":true,"campfire_choices":[{"data":"Sucker Punch","floor":6.0,"key":"SMITH"},{"floor":15,"key":"REST"},{"floor":23,"key":"REST"},{"floor":25,"key":"REST"},{"floor":30,"key":"REST"},{"data":"Calculated Gamble","floor":32,"key":"SMITH"}],"neow_cost":"NONE","seed_source_timestamp":0,"circlet_count":0,"master_deck":["Defend_G","Defend_G","Defend_G","Defend_G","Defend_G","Strike_G","Strike_G","Strike_G","Strike_G","Strike_G","Survivor","Neutralize","Parasite","Masterful Stab","Sucker Punch+1","Outmaneuver","Unload","Metamorphosis","Discovery","Dagger Spray","Dash","Footwork","Venomology","Dagger Spray","Die Die Die","Tactician","Backflip","Neutralize","Blur","Calculated Gamble+1","Distraction","Sucker Punch+1","Deep Breath","Flying Knee"],"special_seed":0,"relics":["Calling Bell","Oddly Smooth Stone","Pantograph","Ginger","Orichalcum","Empty Cage","Dodecahedron","Smiling Mask"],"potions_floor_usage":[14,16,18,18,20,22,22,24,24,27,27,28,28,33],"damage_taken":[{"damage":0.0,"enemies":"Jaw Worm","floor":1.0,"turns":5.0},{"damage":9.0,"enemies":"Small Slimes","floor":2.0,"turns":4.0},{"damage":0.0,"enemies":"2 Louse","floor":5.0,"turns":2.0},{"damage":8.0,"enemies":"Large Slime","floor":7.0,"turns":7.0},{"damage":16,"enemies":"Lots of Slimes","floor":8,"turns":7},{"damage":1,"enemies":"Blue Slaver","floor":11,"turns":4},{"damage":8,"enemies":"Gremlin Gang","floor":12,"turns":3},{"damage":0,"enemies":"Lots of Slimes","floor":13,"turns":3},{"damage":2,"enemies":"Looter","floor":14,"turns":2},{"damage":52,"enemies":"The Guardian","floor":16,"turns":17},{"damage":12,"enemies":"2 Thieves","floor":18,"turns":2},{"damage":16,"enemies":"Spheric Guardian","floor":20,"turns":6},{"damage":9,"enemies":"Chosen and Byrds","floor":22,"turns":7},{"damage":35,"enemies":"Slavers","floor":24,"turns":7},{"damage":24,"enemies":"Centurion and Healer","floor":27,"turns":19},{"damage":17,"enemies":"Cultist and Chosen","floor":28,"turns":6},{"damage":61,"enemies":"Collector","floor":33,"turns":6}],"seed_played":"817452022848129403","potions_obtained":[{"floor":1.0,"key":"Block Potion"},{"floor":11,"key":"AttackPotion"},{"floor":16,"key":"Energy Potion"},{"floor":20,"key":"EssenceOfSteel"},{"floor":24,"key":"Fruit Juice"},{"floor":27,"key":"Strength Potion"}],"is_trial":false,"path_per_floor":["M","M","?","?","M","R","M","M","T","$","M","M","M","M","R","B",null,"M","?","M","?","M","R","E","R","T","M","M","?","R","$","R","B"],"character_chosen":"THE_SILENT","items_purchased":["Metamorphosis","Discovery","Dagger Spray","Deep Breath","Flying Knee"],"campfire_rested":4,"item_purchase_floors":[10,10,10,31,31],"current_hp_per_floor":[70,61,66,66,66,66,58,42,42,42,41,33,33,31,53,23,75,63,63,47,47,38,60,25,47,47,28,11,11,35,35,35,0],"gold":143,"neow_bonus":"BOSS_RELIC","is_prod":false,"is_daily":false,"chose_seed":false,"campfire_upgraded":2,"win_rate":0,"timestamp":1543208374,"path_taken":["M","M","?","?","M","R","?","M","T","$","M","M","M","?","R","BOSS","M","?","M","?","?","R","E","R","T","M","?","?","R","$","R","BOSS"],"build_version":"2018-11-15","purchased_purges":1,"victory":false,"max_hp_per_floor":[70,70,75,75,75,75,75,75,75,75,75,75,75,75,75,75,75,75,75,75,75,75,75,75,75,75,80,80,80,80,80,80,80],"card_choices":[{"not_picked":["Heel Hook","Eviscerate"],"picked":"Masterful Stab","floor":1.0},{"not_picked":["Backflip","Reflex"],"picked":"Sucker Punch","floor":2.0},{"not_picked":["Heel Hook","Dodge and Roll","Underhanded Strike"],"picked":"SKIP","floor":5.0},{"not_picked":["PiercingWail","Underhanded Strike"],"picked":"Outmaneuver","floor":7},{"not_picked":["Quick Slash","Dagger Throw"],"picked":"Unload","floor":8},{"not_picked":["Prepared","Flying Knee"],"picked":"Dash","floor":11},{"not_picked":["Cloak And Dagger","Underhanded Strike"],"picked":"Footwork","floor":12},{"not_picked":["Escape Plan","Finisher"],"picked":"Venomology","floor":13},{"not_picked":["Deadly Poison","Heel Hook"],"picked":"Dagger Spray","floor":14},{"not_picked":["Unload","Malaise"],"picked":"Die Die Die","floor":16},{"not_picked":["Sucker Punch","Heel Hook"],"picked":"Backflip","floor":20},{"not_picked":["Skewer+1","Sucker Punch"],"picked":"Blur","floor":22},{"not_picked":["Dagger Throw","Accuracy"],"picked":"Calculated Gamble","floor":24},{"not_picked":["Infinite Blades+1","All Out Attack"],"picked":"Distraction","floor":27},{"not_picked":["Tactician+1","Masterful Stab"],"picked":"Sucker Punch+1","floor":28}],"player_experience":478274,"relics_obtained":[{"floor":0.0,"key":"Oddly Smooth Stone"},{"floor":0.0,"key":"Pantograph"},{"floor":0.0,"key":"Ginger"},{"floor":9,"key":"Orichalcum"},{"floor":24,"key":"Dodecahedron"},{"floor":26,"key":"Smiling Mask"}],"event_choices":[{"damage_healed":0.0,"max_hp_gain":5.0,"max_hp_loss":0.0,"gold_gain":0.0,"event_name":"Big Fish","player_choice":"Donut","floor":3.0,"gold_loss":0.0,"damage_taken":0.0},{"damage_healed":0.0,"max_hp_gain":0.0,"max_hp_loss":0.0,"gold_gain":175.0,"event_name":"Liars Game","player_choice":"AGREE","floor":4.0,"gold_loss":0.0,"damage_taken":0.0,"cards_obtained":["Doubt"]},{"damage_healed":0,"gold_gain":0,"player_choice":"Read","damage_taken":0,"max_hp_gain":0,"max_hp_loss":0,"event_name":"The Library","floor":19,"gold_loss":0,"cards_obtained":["Tactician"]},{"damage_healed":0,"gold_gain":0,"player_choice":"1 cards matched","damage_taken":0,"max_hp_gain":0,"max_hp_loss":0,"event_name":"Match and Keep!","floor":21,"gold_loss":0,"cards_obtained":["Neutralize"]},{"damage_healed":0,"gold_gain":0,"player_choice":"Ignored","damage_taken":0,"max_hp_gain":0,"max_hp_loss":0,"event_name":"Ghosts","floor":29,"gold_loss":0}],"is_beta":true,"boss_relics":[{"not_picked":["Runic Dome","Astrolabe"],"picked":"Empty Cage"}],"items_purged_floors":[10],"is_endless":false,"potions_floor_spawned":[1,11,16,20,24,27],"killed_by":"Collector","ascension_level":1}