{"gold_per_floor":[118,134,146,221,237,237,237,237,287,305,148,180,196,196,196,298,298,308,101,118,218,231,231,261,278,278,278,46,46,62,95,95,195,195,207,221,37,50,95,95,124,124,151,151,251,251,277,277,277,277],"floor_reached":51,"playtime":3330,"items_purged":["Decay"],"score":1080,"play_id":"77f79af3-4447-4f2e-851e-ebbe6ec94361","local_time":"20190224125626","is_ascension_mode":true,"campfire_choices":[{"data":"Noxious Fumes","floor":6.0,"key":"SMITH"},{"data":"Neutralize","floor":8.0,"key":"SMITH"},{"data":"Envenom","floor":15.0,"key":"SMITH"},{"floor":23.0,"key":"REST"},{"data":"1","floor":27.0,"key":"LIFT"},{"data":"2","floor":29.0,"key":"LIFT"},{"floor":32.0,"key":"REST"},{"floor":40.0,"key":"REST"},{"data":"3","floor":42.0,"key":"LIFT"},{"floor":44.0,"key":"REST"},{"floor":46.0,"key":"DIG"},{"floor":49.0,"key":"REST"}],"neow_cost":"NONE","seed_source_timestamp":241021345821122,"circlet_count":0,"master_deck":["Defend_G","Defend_G","Defend_G","Defend_G","Defend_G","Strike_G","Strike_G","Strike_G","Strike_G","Strike_G+1","Survivor","Neutralize+1","Noxious Fumes+1","Quick Slash","Blur","Dagger Throw","Cloak And Dagger","Backstab+1","Envenom+1","Backstab","After Image","Well Laid Plans","Dagger Spray","Backflip+1","Burst+1","Finisher","Prepared+1","Deflect+1","Corpse Explosion+1","Skewer+1","Slice+1","Bouncing Flask+1","Predator","Caltrops","Tactician+1","Doubt","PiercingWail+1"],"special_seed":0,"relics":["Ring of the Snake","Strawberry","Vajra","Whetstone","Cursed Key","Sling","Ice Cream","Toxic Egg 2","Potion Belt","Girya","Anchor","PreservedInsect","Lizard Tail","Bronze Scales","Gambling Chip","Kunai","Centennial Puzzle","Shovel","Juzu Bracelet","The Specimen"],"potions_floor_usage":[50,50,50],"damage_taken":[{"damage":1.0,"enemies":"Small Slimes","floor":1.0,"turns":4.0},{"damage":1.0,"enemies":"2 Louse","floor":2.0,"turns":3.0},{"damage":0.0,"enemies":"Jaw Worm","floor":3.0,"turns":4.0},{"damage":0.0,"enemies":"2 Fungi Beasts","floor":5.0,"turns":5.0},{"damage":0.0,"enemies":"Blue Slaver","floor":10.0,"turns":5.0},{"damage":5.0,"enemies":"Lagavulin","floor":12.0,"turns":5.0},{"damage":3.0,"enemies":"Exordium Thugs","floor":13.0,"turns":4.0},{"damage":24.0,"enemies":"Hexaghost","floor":16.0,"turns":10.0},{"damage":0.0,"enemies":"3 Byrds","floor":18.0,"turns":5.0},{"damage":20.0,"enemies":"2 Thieves","floor":20.0,"turns":5.0},{"damage":9.0,"enemies":"Colosseum Slavers","floor":21.0,"turns":4.0},{"damage":2.0,"enemies":"Colosseum Nobs","floor":21.0,"turns":4.0},{"damage":1.0,"enemies":"3 Cultists","floor":22.0,"turns":6.0},{"damage":5.0,"enemies":"Book of Stabbing","floor":24.0,"turns":4.0},{"damage":3.0,"enemies":"Centurion and Healer","floor":25.0,"turns":7.0},{"damage":0.0,"enemies":"Shelled Parasite and Fungi","floor":30.0,"turns":1.0},{"damage":2.0,"enemies":"Slavers","floor":31.0,"turns":2.0},{"damage":29.0,"enemies":"Automaton","floor":33.0,"turns":11.0},{"damage":0.0,"enemies":"Orb Walker","floor":35.0,"turns":3.0},{"damage":11.0,"enemies":"3 Darklings","floor":36.0,"turns":3.0},{"damage":25.0,"enemies":"Spire Growth","floor":38.0,"turns":5.0},{"damage":1.0,"enemies":"2 Orb Walkers","floor":39.0,"turns":3.0},{"damage":26.0,"enemies":"Reptomancer","floor":41.0,"turns":4.0},{"damage":7.0,"enemies":"Mind Bloom Boss Battle","floor":45.0,"turns":6.0},{"damage":2.0,"enemies":"Giant Head","floor":47.0,"turns":5.0},{"damage":68,"enemies":"Time Eater","floor":50,"turns":8}],"seed_played":"-7240242083941754017","potions_obtained":[{"floor":2.0,"key":"Poison Potion"},{"floor":5.0,"key":"Energy Potion"},{"floor":12.0,"key":"GhostInAJar"},{"floor":16.0,"key":"Swift Potion"},{"floor":21.0,"key":"GamblersBrew"},{"floor":22.0,"key":"Strength Potion"},{"floor":25.0,"key":"Fruit Juice"},{"floor":30.0,"key":"EssenceOfSteel"},{"floor":31.0,"key":"GhostInAJar"},{"floor":36.0,"key":"Strength Potion"},{"floor":38.0,"key":"FearPotion"},{"floor":41.0,"key":"GhostInAJar"},{"floor":45.0,"key":"SpeedPotion"}],"is_trial":false,"path_per_floor":["M","M","M","?","M","R","?","R","T","M","$","E","M","?","R","B",null,"M","$","M","?","M","R","E","M","T","R","$","R","M","E","R","B",null,"M","M","$","M","?","R","E","R","T","R","?","R","E","?","R","B",null],"character_chosen":"THE_SILENT","items_purchased":["Vajra","Sling","Anchor","Bronze Scales","Bouncing Flask+1"],"campfire_rested":5,"item_purchase_floors":[11,19,28,37,37],"current_hp_per_floor":[62,61,61,50,50,50,50,50,57,57,57,52,49,49,49,25,64,64,64,44,33,32,55,50,47,47,47,47,52,52,50,74,45,73,73,62,62,37,36,60,34,34,34,58,51,51,49,49,73,5],"gold":277,"neow_bonus":"THREE_CARDS","is_prod":false,"is_daily":false,"chose_seed":false,"campfire_upgraded":3,"win_rate":0,"timestamp":1551009386,"path_taken":["M","M","M","?","M","R","?","R","T","M","$","E","M","?","R","BOSS","M","$","M","?","M","R","E","M","T","R","$","R","M","E","R","BOSS","M","M","$","M","?","R","E","R","T","R","?","R","E","?","R","BOSS"],"build_version":"2019-01-23","purchased_purges":1,"victory":true,"max_hp_per_floor":[70,70,70,70,70,70,70,70,77,77,77,77,77,77,77,77,77,77,77,77,77,77,77,77,77,77,77,77,82,82,82,82,82,82,82,82,82,82,82,82,82,82,82,82,82,82,82,82,82,82],"card_choices":[{"not_picked":["Deadly Poison","Underhanded Strike"],"picked":"Noxious Fumes","floor":0.0},{"not_picked":["Underhanded Strike","Dodge and Roll"],"picked":"Quick Slash","floor":1.0},{"not_picked":["Underhanded Strike","Poisoned Stab"],"picked":"Blur","floor":2.0},{"not_picked":["Bouncing Flask","Concentrate"],"picked":"Dagger Throw","floor":3.0},{"not_picked":["Sucker Punch","Heel Hook"],"picked":"Cloak And Dagger","floor":5.0},{"not_picked":["Flechettes","Concentrate"],"picked":"Backstab","floor":10.0},{"not_picked":["Quick Slash","All Out Attack"],"picked":"Envenom","floor":12.0},{"not_picked":["Masterful Stab","Endless Agony"],"picked":"Backstab","floor":13.0},{"not_picked":["Wraith Form v2","A Thousand Cuts"],"picked":"After Image","floor":16.0},{"not_picked":["Noxious Fumes","Cloak And Dagger"],"picked":"Well Laid Plans","floor":18.0},{"not_picked":["Outmaneuver","Predator"],"picked":"Dagger Spray","floor":20.0},{"not_picked":["Dagger Throw","Riddle With Holes+1"],"picked":"Backflip","floor":21.0},{"not_picked":["Expertise+1","Deadly Poison+1","Dagger Spray"],"picked":"SKIP","floor":22.0},{"not_picked":["Terror+1","Well Laid Plans+1"],"picked":"Burst+1","floor":24.0},{"not_picked":["Poisoned Stab","Slice"],"picked":"Finisher","floor":25.0},{"not_picked":["Caltrops","Accuracy"],"picked":"Prepared+1","floor":30.0},{"not_picked":["Sucker Punch","Dagger Spray"],"picked":"Deflect+1","floor":31.0},{"not_picked":["A Thousand Cuts","Burst+1"],"picked":"Corpse Explosion+1","floor":33.0},{"not_picked":["Deflect+1","Heel Hook"],"picked":"Skewer+1","floor":35.0},{"not_picked":["Poisoned Stab+1","Acrobatics+1"],"picked":"Slice+1","floor":36.0},{"not_picked":["Tactician+1","Heel Hook"],"picked":"Predator","floor":38.0},{"not_picked":["Underhanded Strike","Infinite Blades"],"picked":"Caltrops","floor":39.0},{"not_picked":["Blade Dance+1","Unload"],"picked":"Tactician+1","floor":41.0},{"not_picked":["Blade Dance+1","Prepared+1"],"picked":"PiercingWail+1","floor":47.0}],"player_experience":486628,"relics_obtained":[{"floor":9.0,"key":"Strawberry"},{"floor":12.0,"key":"Whetstone"},{"floor":21.0,"key":"Ice Cream"},{"floor":21.0,"key":"Toxic Egg 2"},{"floor":24.0,"key":"Potion Belt"},{"floor":26.0,"key":"Girya"},{"floor":31.0,"key":"PreservedInsect"},{"floor":39.0,"key":"Gambling Chip"},{"floor":41.0,"key":"Kunai"},{"floor":43.0,"key":"Centennial Puzzle"},{"floor":45.0,"key":"Shovel"},{"floor":46.0,"key":"Juzu Bracelet"},{"floor":47.0,"key":"The Specimen"}],"event_choices":[{"damage_healed":0.0,"max_hp_gain":0.0,"max_hp_loss":0.0,"gold_gain":75.0,"event_name":"World of Goop","player_choice":"Gather Gold","floor":4.0,"gold_loss":0.0,"damage_taken":11.0},{"damage_healed":0.0,"max_hp_gain":0.0,"max_hp_loss":0.0,"gold_gain":0.0,"event_name":"Golden Wing","player_choice":"Ignored","floor":7.0,"gold_loss":0.0,"damage_taken":0.0},{"damage_healed":0.0,"max_hp_gain":0.0,"max_hp_loss":0.0,"gold_gain":0.0,"event_name":"The Cleric","player_choice":"Leave","floor":14.0,"gold_loss":0.0,"damage_taken":0.0},{"damage_healed":0.0,"max_hp_gain":0.0,"max_hp_loss":0.0,"gold_gain":0.0,"event_name":"Colosseum","player_choice":"Fight","floor":21.0,"gold_loss":0.0,"damage_taken":0.0},{"damage_healed":0.0,"max_hp_gain":0.0,"max_hp_loss":0.0,"gold_gain":0.0,"event_name":"Colosseum","player_choice":"Fought Nobs","floor":21.0,"gold_loss":0.0,"damage_taken":0.0},{"damage_healed":0.0,"max_hp_gain":0.0,"max_hp_loss":0.0,"gold_gain":0.0,"event_name":"Mysterious Sphere","player_choice":"Fight","floor":39.0,"gold_loss":0.0,"damage_taken":0.0},{"damage_healed":0.0,"max_hp_gain":0.0,"max_hp_loss":0.0,"gold_gain":0.0,"event_name":"MindBloom","player_choice":"Fight","floor":45.0,"gold_loss":0.0,"damage_taken":0.0},{"damage_healed":0.0,"max_hp_gain":0.0,"max_hp_loss":0.0,"gold_gain":0.0,"event_name":"SecretPortal","player_choice":"Ignored","floor":48.0,"gold_loss":0.0,"damage_taken":0.0}],"is_beta":false,"boss_relics":[{"not_picked":["Empty Cage","Coffee Dripper"],"picked":"Cursed Key"},{"not_picked":["Runic Dome","Velvet Choker"],"picked":"Lizard Tail"}],"items_purged_floors":[28],"is_endless":false,"potions_floor_spawned":[2,5,12,16,21,22,25,30,31,36,38,41,45],"ascension_level":8}