{"path_per_floor":["M","M","?","$","M","R","E","?","T","?","M","M","$","M","R"],"character_chosen":"IRONCLAD","items_purchased":["Flex","Armaments","Entrench","Dexterity Potion"],"gold_per_floor":[114,124,124,74,84,84,145,320,320,345,359,373,136,154,154],"floor_reached":16,"campfire_rested":2,"playtime":865,"current_hp_per_floor":[80,80,62,62,63,80,72,72,72,57,59,58,58,54,78],"items_purged":["Doubt"],"gold":154,"score":102,"play_id":"de92d131-ac50-4309-aa35-cd8cdaaa70bb","local_time":"20180309042039","is_prod":false,"is_daily":false,"is_ascension_mode":false,"campfire_upgraded":0,"timestamp":1520581839,"path_taken":["M","M","?","$","M","R","E","?","T","?","M","M","$","M","R","BOSS"],"build_version":"2018-03-01-PROD1","purchased_purges":1,"victory":false,"master_deck":["Strike_R","Strike_R","Strike_R","Strike_R","Strike_R","Defend_R","Defend_R","Defend_R","Defend_R","Bash","Cleave","Perfected Strike","Wild Strike","Flex","Shrug It Off","Iron Wave","Infernal Blade","Armaments","Entrench","Anger"],"max_hp_per_floor":[80,80,80,80,80,80,80,80,80,80,80,80,80,83,83],"relics":["Burning Blood","Pen Nib","Tiny Chest","Dead Branch","Odd Mushroom"],"card_choices":[{"not_picked":["Power Through","Pummel"],"picked":"Cleave"},{"not_picked":["Battle Trance","Pommel Strike"],"picked":"Perfected Strike"},{"not_picked":["Seeing Red","Clothesline"],"picked":"Wild Strike"},{"not_picked":["Clothesline","Disarm"],"picked":"Shrug It Off"},{"not_picked":["Evolve","Second Wind"],"picked":"Iron Wave"},{"not_picked":["Shrug It Off","Heavy Blade"],"picked":"Infernal Blade"},{"not_picked":["Inflame","Heavy Blade"],"picked":"Anger"}],"player_experience":148102,"potions_floor_usage":[7,14,16],"damage_taken":[{"damage":1,"enemies":"2 Louse","floor":1,"turns":2},{"damage":6,"enemies":"Jaw Worm","floor":2,"turns":3},{"damage":5,"enemies":"Small Slimes","floor":5,"turns":2},{"damage":14,"enemies":"Lagavulin","floor":7,"turns":5},{"damage":21,"enemies":"The Mushroom Lair","floor":10,"turns":4},{"damage":4,"enemies":"3 Louse","floor":11,"turns":4},{"damage":7,"enemies":"Exordium Wildlife","floor":12,"turns":3},{"damage":25,"enemies":"Gremlin Gang","floor":14,"turns":5},{"damage":86,"enemies":"Hexaghost","floor":16,"turns":15}],"event_choices":[{"event_name":"Scrap Ooze","player_choice":"success","floor":3,"damage_taken":18},{"event_name":"Liars Game","player_choice":"agreed","floor":8,"damage_taken":0},{"event_name":"Mushrooms","player_choice":"Fought Mushrooms","floor":10,"damage_taken":0}],"boss_relics":[],"potions_floor_spawned":[5,12],"seed_played":"805022846025627666","killed_by":"Hexaghost","ascension_level":0,"is_trial":false}