{"path_per_floor":["M","$","?","M","$","R","?","?","T","M","R","M","M","?","R","B",null,"M","$","?","M","M","R","$","?","T","E","?","$"],"character_chosen":"IRONCLAD","items_purchased":["Clash","Perfected Strike","Apotheosis","Flame Barrier","Sentinel"],"gold_per_floor":[113,35,210,228,20,20,95,95,122,134,134,148,166,193,193,289,289,304,147,147,162,179,179,142,65,143,174,174,174,174],"floor_reached":30,"campfire_rested":3,"playtime":930,"current_hp_per_floor":[80,80,80,69,69,69,58,42,42,42,66,62,50,37,61,37,80,71,71,71,48,26,50,50,50,50,16,16,16,0],"items_purged":["Doubt"],"gold":174,"score":236,"play_id":"a7636d7b-b23a-47d6-b54b-760ef9087286","local_time":"20180421025047","is_prod":false,"is_daily":false,"chose_seed":false,"is_ascension_mode":false,"campfire_upgraded":1,"timestamp":1524288047,"path_taken":["M","$","?","M","$","R","?","?","T","M","R","?","M","?","R","BOSS","M","$","?","M","M","R","?","?","T","E","?","$","M"],"build_version":"2018-04-19","seed_source_timestamp":24772543393255,"purchased_purges":1,"victory":false,"master_deck":["Strike_R","Strike_R","Strike_R","Strike_R","Strike_R","Defend_R+1","Defend_R","Defend_R","Defend_R","Bash+1","Cleave","Clash","Perfected Strike","Infernal Blade","Apotheosis+1","Pummel","Flame Barrier","True Grit","Exhume","Uppercut","Flame Barrier","True Grit","Sentinel","J.A.X.","Barricade"],"max_hp_per_floor":[80,80,80,80,80,80,80,80,80,80,80,80,80,80,80,80,80,80,80,80,80,80,80,80,80,80,80,80,80,80],"relics":["Mark of Pain"],"card_choices":[{"not_picked":["Iron Wave","Flex"],"picked":"Cleave","floor":1},{"not_picked":["Thunderclap","Heavy Blade"],"picked":"Infernal Blade","floor":4},{"not_picked":["Pommel Strike","Perfected Strike"],"picked":"Pummel","floor":12},{"not_picked":["Metallicize","Perfected Strike"],"picked":"Flame Barrier","floor":13},{"not_picked":["Ghostly Armor","Shrug It Off"],"picked":"True Grit","floor":14},{"not_picked":["Limit Break","Berserk"],"picked":"Exhume","floor":16},{"not_picked":["Sword Boomerang","Armaments"],"picked":"Uppercut","floor":18},{"not_picked":["Iron Wave","Twin Strike"],"picked":"True Grit","floor":22},{"not_picked":["Perfected Strike","Clothesline"],"picked":"Barricade","floor":27}],"player_experience":362809,"potions_floor_usage":[14,16,21,22,27,30],"damage_taken":[{"damage":0,"enemies":"Small Slimes","floor":1,"turns":3},{"damage":11,"enemies":"Jaw Worm","floor":4,"turns":3},{"damage":0,"enemies":"2 Louse","floor":10,"turns":2},{"damage":4,"enemies":"Blue Slaver","floor":12,"turns":3},{"damage":12,"enemies":"Gremlin Gang","floor":13,"turns":3},{"damage":13,"enemies":"The Mushroom Lair","floor":14,"turns":3},{"damage":39,"enemies":"The Guardian","floor":16,"turns":12},{"damage":9,"enemies":"Chosen","floor":18,"turns":4},{"damage":23,"enemies":"Spheric Guardian","floor":21,"turns":5},{"damage":22,"enemies":"Centurion and Healer","floor":22,"turns":8},{"damage":34,"enemies":"Slavers","floor":27,"turns":6},{"damage":21,"enemies":"Snake Plant","floor":30,"turns":2}],"event_choices":[{"event_name":"Liars Game","player_choice":"agreed","floor":3,"damage_taken":0},{"event_name":"World of Goop","player_choice":"Gather Gold","floor":7,"damage_taken":0},{"event_name":"Shining Light","player_choice":"Entered Light","floor":8,"damage_taken":0},{"event_name":"Mushrooms","player_choice":"Fought Mushrooms","floor":14,"damage_taken":0},{"event_name":"Beggar","player_choice":"Ignored","floor":20,"damage_taken":0},{"event_name":"Drug Dealer","player_choice":"Got JAXXED","floor":25,"damage_taken":0},{"event_name":"Vampires","player_choice":"Ignored","floor":28,"damage_taken":0}],"boss_relics":[{"not_picked":["Black Star","Philosopher\u0027s Stone","White Beast Statue"]}],"potions_floor_spawned":[13,14,16,21,22,27],"seed_played":"5416548244977453710","killed_by":"Snake Plant","ascension_level":0,"is_trial":false}