{"gold_per_floor":[116,116,170,95,95,95,111,122,122,122,122,122,197,197],"floor_reached":14,"playtime":250,"items_purged":["Grand Finale"],"score":152,"play_id":"c9c0464c-74e3-4e1b-bc13-5c258948c839","local_time":"20190122232414","is_ascension_mode":true,"campfire_choices":[{"data":"Glass Knife","floor":6,"key":"SMITH"},{"data":"Dagger Spray","floor":10,"key":"SMITH"}],"neow_cost":"CURSE","seed_source_timestamp":12461266617794,"circlet_count":0,"master_deck":["AscendersBane","Defend_G","Defend_G","Defend_G+1","Defend_G","Defend_G+1","Strike_G","Strike_G","Strike_G","Survivor","Neutralize","Glass Knife+1","PiercingWail","Dagger Spray+1"],"relics":["Ring of the Snake","Snake Skull","Mercury Hourglass","Pantograph","Golden Idol","Frozen Egg 2"],"potions_floor_usage":[14],"damage_taken":[{"damage":2,"enemies":"Small Slimes","floor":1,"turns":4},{"damage":0,"enemies":"Jaw Worm","floor":7,"turns":5},{"damage":0,"enemies":"2 Louse","floor":8,"turns":2},{"damage":20,"enemies":"Lagavulin","floor":14,"turns":4}],"seed_played":"-7028781770214249090","potions_obtained":[{"floor":7,"key":"Fire Potion"}],"is_trial":false,"path_per_floor":["?","T","?","?","?","T"],"character_chosen":"THE_SILENT","items_purchased":[],"campfire_rested":0,"item_purchase_floors":[],"current_hp_per_floor":[57,57,57,57,37,37,37,37,37,37,2,2,2,0],"gold":197,"neow_bonus":"TRANSFORM_TWO_CARDS","is_prod":false,"is_daily":false,"chose_seed":false,"campfire_upgraded":2,"win_rate":0,"timestamp":1548195854,"path_taken":["M","?","?","$","?","R","M","M","T","R","?","?","?","E"],"build_version":"2019-01-20","purchased_purges":1,"victory":false,"max_hp_per_floor":[66,66,66,66,66,66,66,66,66,66,66,60,60,60],"card_choices":[{"not_picked":["Underhanded Strike","Prepared"],"picked":"PiercingWail","floor":1},{"not_picked":["Underhanded Strike","Infinite Blades"],"picked":"Dagger Spray","floor":7},{"not_picked":["Reflex","Flechettes","Outmaneuver"],"picked":"SKIP","floor":8}],"player_experience":903951,"relics_obtained":[{"floor":3,"key":"Snake Skull"},{"floor":9,"key":"Mercury Hourglass"},{"floor":13,"key":"Frozen Egg 2"}],"event_choices":[{"cards_removed":["Regret"],"damage_healed":0,"gold_gain":0,"player_choice":"Forget","damage_taken":0,"max_hp_gain":0,"max_hp_loss":0,"event_name":"Living Wall","floor":2,"gold_loss":0},{"damage_healed":0,"gold_gain":0,"player_choice":"Entered Light","damage_taken":20,"max_hp_gain":0,"max_hp_loss":0,"event_name":"Shining Light","floor":5,"gold_loss":0,"cards_upgraded":["Defend_G","Defend_G"]},{"damage_healed":0,"gold_gain":0,"player_choice":"Success","damage_taken":35,"relics_obtained":["Pantograph"],"max_hp_gain":0,"max_hp_loss":0,"event_name":"Scrap Ooze","floor":11,"gold_loss":0},{"damage_healed":0,"gold_gain":0,"player_choice":"Lose Max HP","damage_taken":0,"relics_obtained":["Golden Idol"],"max_hp_gain":0,"max_hp_loss":6,"event_name":"Golden Idol","floor":12,"gold_loss":0}],"is_beta":true,"boss_relics":[],"items_purged_floors":[4],"is_endless":false,"potions_floor_spawned":[7],"killed_by":"Lagavulin","ascension_level":20}