{"gold_per_floor":[212,227,48,60,80,108,108,119,119,119,134,134,146,180,180,275,275,287,29,29,29,89,89],"floor_reached":23,"playtime":818,"items_purged":["Strike_R","Parasite"],"score":325,"play_id":"cd277a4e-a77f-4450-872e-d6101f032f11","local_time":"20190215180703","is_ascension_mode":true,"campfire_choices":[{"data":"Armaments","floor":15,"key":"SMITH"}],"neow_cost":"NONE","seed_source_timestamp":174645716137567,"circlet_count":0,"master_deck":["AscendersBane","Strike_R","Strike_R","Strike_R","Strike_R","Defend_R","Defend_R","Defend_R","Defend_R","Bash","Inflame","Shrug It Off","Armaments+1","Spot Weakness","Seeing Red","Offering","Uppercut+1","True Grit","Headbutt+1","Fiend Fire+1","Sword Boomerang+1","Feed+1","Writhe"],"relics":["Burning Blood","Molten Egg 2","Regal Pillow","Pantograph","Paper Frog","Velvet Choker","Dodecahedron","SsserpentHead"],"potions_floor_usage":[6,6,14,16,23,23],"damage_taken":[{"damage":3,"enemies":"Jaw Worm","floor":1,"turns":5},{"damage":4,"enemies":"Small Slimes","floor":2,"turns":3},{"damage":3,"enemies":"2 Louse","floor":4,"turns":4},{"damage":11,"enemies":"2 Fungi Beasts","floor":5,"turns":5},{"damage":33,"enemies":"Gremlin Nob","floor":6,"turns":5},{"damage":16,"enemies":"Red Slaver","floor":8,"turns":4},{"damage":16,"enemies":"Exordium Thugs","floor":11,"turns":3},{"damage":0,"enemies":"Large Slime","floor":13,"turns":6},{"damage":31,"enemies":"3 Sentries","floor":14,"turns":8},{"damage":36,"enemies":"Slime Boss","floor":16,"turns":6},{"damage":22,"enemies":"3 Byrds","floor":18,"turns":5},{"damage":23,"enemies":"Spheric Guardian","floor":22,"turns":4},{"damage":40,"enemies":"Slavers","floor":23,"turns":2}],"seed_played":"5471894474302512475","potions_obtained":[{"floor":1,"key":"SkillPotion"},{"floor":4,"key":"BloodPotion"},{"floor":11,"key":"Energy Potion"},{"floor":13,"key":"BloodPotion"},{"floor":16,"key":"Ancient Potion"},{"floor":18,"key":"EssenceOfSteel"}],"is_trial":false,"path_per_floor":["M","M","$","M","M","E","?","M","T","?","M","?","M","E","R","B",null,"M","$","?","?","M","E"],"character_chosen":"IRONCLAD","items_purchased":["Armaments","Spot Weakness","Feed+1"],"campfire_rested":0,"item_purchase_floors":[3,3,19],"current_hp_per_floor":[75,77,77,80,75,56,56,46,46,46,36,56,62,45,45,40,70,54,54,54,54,37,0],"gold":89,"neow_bonus":"HUNDRED_GOLD","is_prod":false,"is_daily":false,"chose_seed":false,"campfire_upgraded":1,"win_rate":0,"timestamp":1550246823,"path_taken":["M","M","$","M","M","E","?","M","T","?","M","?","M","E","R","BOSS","M","$","?","?","?","E"],"build_version":"2019-01-23","purchased_purges":2,"victory":false,"max_hp_per_floor":[80,80,80,80,80,80,80,80,80,80,80,80,80,80,80,80,80,80,77,77,77,77,77],"card_choices":[{"not_picked":["Headbutt","Twin Strike"],"picked":"Inflame","floor":1},{"not_picked":["Reckless Charge","Blood for Blood"],"picked":"Shrug It Off","floor":2},{"not_picked":["Perfected Strike","Pommel Strike","Havoc"],"picked":"SKIP","floor":4},{"not_picked":["Perfected Strike","Corruption"],"picked":"Seeing Red","floor":5},{"not_picked":["Seeing Red","Flex"],"picked":"Offering","floor":6},{"not_picked":["Flex","Power Through"],"picked":"Uppercut+1","floor":8},{"not_picked":["Thunderclap+1","Rampage+1"],"picked":"True Grit","floor":11},{"not_picked":["Second Wind","Body Slam+1","Disarm"],"picked":"SKIP","floor":13},{"not_picked":["Flex","Reckless Charge+1"],"picked":"Headbutt+1","floor":14},{"not_picked":["Dark Embrace","Offering"],"picked":"Fiend Fire+1","floor":16},{"not_picked":["Headbutt+1","True Grit"],"picked":"Sword Boomerang+1","floor":18},{"not_picked":["Pommel Strike+1","Body Slam+1","Twin Strike+1"],"picked":"SKIP","floor":22}],"player_experience":740082,"relics_obtained":[{"floor":6,"key":"Molten Egg 2"},{"floor":9,"key":"Pantograph"},{"floor":14,"key":"Paper Frog"}],"event_choices":[{"damage_healed":0,"gold_gain":0,"player_choice":"Searched \u00272\u0027 times","damage_taken":0,"relics_obtained":["Regal Pillow"],"max_hp_gain":0,"max_hp_loss":0,"event_name":"Dead Adventurer","floor":7,"gold_loss":0},{"damage_healed":0,"gold_gain":0,"player_choice":"Ignored","damage_taken":0,"max_hp_gain":0,"max_hp_loss":0,"event_name":"Liars Game","floor":10,"gold_loss":0},{"damage_healed":20,"gold_gain":0,"player_choice":"Healed and dodged fight","damage_taken":0,"max_hp_gain":0,"max_hp_loss":0,"event_name":"Mushrooms","floor":12,"gold_loss":0,"cards_obtained":["Parasite"]},{"damage_healed":0,"gold_gain":0,"player_choice":"Opened","damage_taken":0,"relics_obtained":["Dodecahedron"],"max_hp_gain":0,"max_hp_loss":0,"event_name":"The Mausoleum","floor":20,"gold_loss":0,"cards_obtained":["Writhe"]},{"damage_healed":0,"gold_gain":0,"player_choice":"Trade","damage_taken":0,"relics_obtained":["SsserpentHead"],"max_hp_gain":0,"max_hp_loss":0,"event_name":"FaceTrader","floor":21,"gold_loss":0}],"is_beta":false,"boss_relics":[{"not_picked":["Black Blood","Runic Pyramid"],"picked":"Velvet Choker"}],"items_purged_floors":[3,19],"is_endless":false,"potions_floor_spawned":[1,4,11,13,16,18],"killed_by":"Slavers","ascension_level":12}