{"path_per_floor":["M","?","M","$","?","E","R","M","T","?","M","R","M","M","R","B",null,"M","?","?","$","M","R","E","M","T","?","?","M","R","M","R","B",null,"M","?","$","M","$","M","M","M","T","R","M","M","R","M","R"],"character_chosen":"THE_SILENT","items_purchased":["Caltrops","Block Potion","Kunai","PiercingWail"],"gold_per_floor":[119,119,133,53,228,253,253,265,265,265,282,282,302,322,322,423,423,363,363,363,363,363,363,363,363,363,363,363,363,363,363,363,363,363,363,363,313,313,22,22,22,22,22,22,22,22,22,22,22],"floor_reached":50,"campfire_rested":7,"playtime":5481,"current_hp_per_floor":[70,70,68,68,68,4,25,25,25,25,22,43,39,37,58,24,70,59,59,59,59,55,55,48,32,32,55,39,41,62,52,52,35,70,54,54,54,56,56,66,43,30,30,51,55,34,55,45,66],"items_purged":[],"gold":22,"score":443,"play_id":"65abab6a-4cf5-443b-aa36-04c494d12527","local_time":"20180304003401","is_prod":false,"is_daily":false,"is_ascension_mode":false,"campfire_upgraded":1,"timestamp":1520136241,"path_taken":["M","?","?","$","?","E","R","M","T","?","M","R","M","M","R","BOSS","M","?","?","$","M","R","E","?","T","?","?","M","R","M","R","BOSS","M","?","$","M","?","M","M","M","T","R","M","?","R","M","R","BOSS"],"build_version":"2018-03-01-PROD1","purchased_purges":1,"victory":false,"master_deck":["Defend_G","Defend_G","Defend_G","Defend_G","Defend_G","Strike_G","Strike_G","Strike_G","Strike_G","Strike_G","Survivor","Neutralize","Acrobatics","Skewer+1","Caltrops","Adrenaline","PiercingWail","Cloak And Dagger","Dash","Dagger Throw","Venomology","Dagger Spray+1","Dash+1","Distraction","Necronomicurse","Reflex+1","Prepared+1","Doppelganger","Escape Plan+1","Dagger Throw+1","PiercingWail","Bouncing Flask+1","Bouncing Flask+1","Dagger Spray+1","Venomology+1"],"max_hp_per_floor":[70,70,70,70,70,70,70,70,70,70,70,70,70,70,70,70,70,70,70,70,70,70,70,70,70,70,70,70,70,70,70,70,70,70,70,70,70,70,70,70,70,70,70,70,70,70,70,70,70],"relics":["Lizard Tail","Bronze Scales","Shovel","Ectoplasm","Dream Catcher","Bird Faced Urn","Necronomicon","Girya","Runic Pyramid","Happy Flower","Kunai","Toxic Egg 2"],"card_choices":[{"not_picked":["Dodge and Roll","Outmaneuver"],"picked":"Acrobatics"},{"not_picked":["Deflect","Underhanded Strike"],"picked":"Skewer"},{"not_picked":["Escape Plan","Malaise"],"picked":"Adrenaline"},{"not_picked":["Dodge and Roll","Prepared"],"picked":"PiercingWail"},{"not_picked":["Poisoned Stab","Blur"],"picked":"Cloak And Dagger"},{"not_picked":["Poisoned Stab","Sucker Punch"],"picked":"Dash"},{"not_picked":["Dodge and Roll","Catalyst"],"picked":"Dagger Throw"},{"not_picked":["Night Terror","Envenom"],"picked":"Venomology"},{"not_picked":["Poisoned Stab","PiercingWail"],"picked":"Dagger Spray"},{"not_picked":["Catalyst","Heel Hook"],"picked":"Dash"},{"not_picked":["Bane","Flechettes"],"picked":"Distraction"},{"not_picked":["Slice","Dagger Throw"],"picked":"Reflex"},{"not_picked":["PiercingWail","Dodge and Roll"],"picked":"Prepared"},{"not_picked":["Glass Knife","Phantasmal Killer"],"picked":"Doppelganger"},{"not_picked":["Finisher","Deflect"],"picked":"Escape Plan"},{"not_picked":["Deadly Poison","Footwork"],"picked":"Dagger Throw"},{"not_picked":["Deflect","Dagger Throw"],"picked":"Bouncing Flask"},{"not_picked":["Bane","Flying Knee"],"picked":"Bouncing Flask"},{"not_picked":["Quick Slash","Choke"],"picked":"Dagger Spray"},{"not_picked":["Calculated Gamble","All Out Attack"],"picked":"Venomology"}],"player_experience":87551,"potions_floor_usage":[13,14,16,24,24,24,29,29,31,33,33,40,40,42,42,42,45,46,48,50,50],"damage_taken":[{"damage":0,"enemies":"2 Louse","floor":1,"turns":3},{"damage":2,"enemies":"Jaw Worm","floor":3,"turns":5},{"damage":64,"enemies":"Lagavulin","floor":6,"turns":13},{"damage":0,"enemies":"Small Slimes","floor":8,"turns":3},{"damage":3,"enemies":"3 Louse","floor":11,"turns":4},{"damage":4,"enemies":"Blue Slaver","floor":13,"turns":4},{"damage":2,"enemies":"Exordium Thugs","floor":14,"turns":5},{"damage":34,"enemies":"The Guardian","floor":16,"turns":13},{"damage":11,"enemies":"2 Thieves","floor":18,"turns":4},{"damage":4,"enemies":"3 Byrds","floor":22,"turns":3},{"damage":7,"enemies":"Gremlin Leader","floor":24,"turns":7},{"damage":16,"enemies":"Centurion and Healer","floor":25,"turns":9},{"damage":0,"enemies":"3 Cultists","floor":29,"turns":5},{"damage":12,"enemies":"Snake Plant","floor":31,"turns":3},{"damage":62,"enemies":"Automaton","floor":33,"turns":10},{"damage":18,"enemies":"3 Shapes","floor":35,"turns":5},{"damage":0,"enemies":"3 Darklings","floor":38,"turns":6},{"damage":6,"enemies":"Maw","floor":40,"turns":11},{"damage":25,"enemies":"4 Shapes","floor":41,"turns":4},{"damage":24,"enemies":"Sphere and 2 Shapes","floor":42,"turns":6},{"damage":13,"enemies":"Maw","floor":45,"turns":9},{"damage":23,"enemies":"4 Shapes","floor":46,"turns":6},{"damage":12,"enemies":"3 Darklings","floor":48,"turns":4},{"damage":87,"enemies":"Donu and Deca","floor":50,"turns":7}],"event_choices":[{"event_name":"Golden Wing","player_choice":"Ignored","floor":2,"damage_taken":0},{"event_name":"Liars Game","player_choice":"agreed","floor":5,"damage_taken":0},{"event_name":"Living Wall","player_choice":"Forget","floor":10,"damage_taken":0},{"event_name":"Vampires","player_choice":"Ignored","floor":19,"damage_taken":0},{"event_name":"N\u0027loth","player_choice":"Ignored","floor":20,"damage_taken":0},{"event_name":"The Library","player_choice":"Heal","floor":27,"damage_taken":0},{"event_name":"Cursed Tome","player_choice":"Obtained Book","floor":28,"damage_taken":0},{"event_name":"Wheel of Change","player_choice":"Relic","floor":36,"damage_taken":0}],"boss_relics":[{"not_picked":["Calling Bell","Question Card"],"picked":"Ectoplasm"},{"not_picked":["White Beast Statue","Cursed Key"],"picked":"Runic Pyramid"}],"potions_floor_spawned":[6,11,14,22,25,31,40,41,46],"seed_played":"4714569403914688957","killed_by":"Donu and Deca","ascension_level":0,"is_trial":false}