{"path_per_floor":["M","$","?","M","M","E","R","$","T","M","M","M","R","M","R","B",null,"M","M","?","M","M","T","?"],"character_chosen":"IRONCLAD","items_purchased":["Whirlwind"],"gold_per_floor":[114,36,36,55,74,142,142,142,192,211,230,249,249,268,268,393,393,412,401,401,420,439,439,439,439],"floor_reached":25,"campfire_rested":0,"playtime":1080,"current_hp_per_floor":[80,80,60,63,69,72,72,72,72,74,69,75,75,79,79,25,80,54,50,76,71,39,39,23,0],"items_purged":[],"gold":439,"score":207,"play_id":"50c6e382-728e-4580-8f4f-e6b4f008db11","local_time":"20180328022803","daily_mods":["Allstar","Uncertain Future","Binary"],"is_prod":false,"is_daily":true,"is_ascension_mode":false,"campfire_upgraded":3,"timestamp":1522213083,"path_taken":["M","$","?","M","M","E","R","?","T","M","M","?","R","M","R","BOSS","M","M","?","M","M","?","?","E"],"build_version":"2018-03-22v2","purchased_purges":0,"victory":false,"master_deck":["Strike_R","Strike_R","Strike_R","Strike_R","Strike_R","Defend_R","Defend_R","Defend_R","Defend_R","Bash","Blind","Apotheosis+1","Flame Barrier","Whirlwind+1","Pommel Strike","Flex+1","Thunderclap+1","Metallicize","Sever Soul+1"],"max_hp_per_floor":[80,80,80,80,80,80,80,80,80,80,80,80,80,80,80,80,80,80,80,80,80,80,80,80,80],"relics":["Burning Blood","Golden Idol","Tiny Chest","Dream Catcher","Runic Pyramid","Ice Cream","Enchiridion"],"card_choices":[{"not_picked":["Iron Wave"],"picked":"Flame Barrier","floor":1},{"not_picked":["Headbutt"],"picked":"Pommel Strike","floor":4},{"not_picked":["Fire Breathing"],"picked":"Flex","floor":10},{"not_picked":["Pommel Strike"],"picked":"Thunderclap","floor":18},{"not_picked":["Havoc"],"picked":"Metallicize","floor":19},{"not_picked":["Juggernaut"],"picked":"Sever Soul","floor":21}],"player_experience":256368,"potions_floor_usage":[6,10,14,16,16,16,19,22],"damage_taken":[{"damage":0,"enemies":"Small Slimes","floor":1,"turns":4},{"damage":3,"enemies":"Jaw Worm","floor":4,"turns":4},{"damage":0,"enemies":"2 Louse","floor":5,"turns":2},{"damage":3,"enemies":"3 Sentries","floor":6,"turns":6},{"damage":4,"enemies":"Looter","floor":10,"turns":4},{"damage":11,"enemies":"Exordium Wildlife","floor":11,"turns":2},{"damage":0,"enemies":"2 Fungi Beasts","floor":12,"turns":3},{"damage":2,"enemies":"Blue Slaver","floor":14,"turns":3},{"damage":60,"enemies":"Hexaghost","floor":16,"turns":14},{"damage":32,"enemies":"3 Byrds","floor":18,"turns":5},{"damage":10,"enemies":"2 Thieves","floor":19,"turns":4},{"damage":11,"enemies":"Centurion and Healer","floor":21,"turns":10},{"damage":38,"enemies":"Slaver and Parasite","floor":22,"turns":8},{"damage":25,"enemies":"Gremlin Leader","floor":25,"turns":7}],"event_choices":[{"event_name":"Golden Idol","player_choice":"Take Damage","floor":3,"damage_taken":0},{"event_name":"The Library","player_choice":"Heal","floor":20,"damage_taken":0},{"event_name":"Cursed Tome","player_choice":"Obtained Book","floor":24,"damage_taken":0}],"boss_relics":[{"not_picked":["Question Card","Ectoplasm"],"picked":"Runic Pyramid"}],"potions_floor_spawned":[4,5,6,11,12,14,18,19],"seed_played":"-186306444568268159","killed_by":"Gremlin Leader","ascension_level":0,"is_trial":false}