{"gold_per_floor":[112,125,145,145,157,157,157,157,157,157,174,192,207,27,27,132,132,151,151,76,76,76],"floor_reached":22,"playtime":1129,"items_purged":[],"score":246,"play_id":"95d89150-12ce-4b04-8f38-0b9e4413c6d7","local_time":"20190224115228","is_ascension_mode":true,"campfire_choices":[{"data":"Mayhem","floor":6,"key":"SMITH"},{"floor":8,"key":"REST"},{"floor":15,"key":"REST"}],"neow_cost":"TEN_PERCENT_HP_LOSS","seed_source_timestamp":214201964575120,"circlet_count":0,"master_deck":["Defend_G","Defend_G","Defend_G","Defend_G","Defend_G","Strike_G","Strike_G","Strike_G+1","Strike_G+1","Survivor","Neutralize","Mayhem+1","Deep Breath","Dodge and Roll","Caltrops","Dagger Spray","Dodge and Roll","After Image","Dagger Throw","Backflip","Caltrops","Corpse Explosion"],"relics":["Ring of the Serpent","Pen Nib","Whetstone"],"potions_floor_usage":[16,16,19,19,22],"damage_taken":[{"damage":2,"enemies":"Cultist","floor":1,"turns":5},{"damage":0,"enemies":"Small Slimes","floor":2,"turns":4},{"damage":4,"enemies":"Jaw Worm","floor":3,"turns":6},{"damage":49,"enemies":"Exordium Thugs","floor":5,"turns":8},{"damage":20,"enemies":"Exordium Wildlife","floor":11,"turns":5},{"damage":3,"enemies":"Looter","floor":12,"turns":4},{"damage":0,"enemies":"Blue Slaver","floor":13,"turns":4},{"damage":13,"enemies":"Hexaghost","floor":16,"turns":9},{"damage":12,"enemies":"Shell Parasite","floor":18,"turns":7},{"damage":39,"enemies":"Colosseum Slavers","floor":19,"turns":4},{"damage":4,"enemies":"Chosen","floor":22,"turns":1}],"seed_played":"-3805628610447469942","potions_obtained":[{"floor":5,"key":"Strength Potion"},{"floor":11,"key":"SkillPotion"},{"floor":13,"key":"LiquidBronze"},{"floor":16,"key":"Weak Potion"},{"floor":18,"key":"Poison Potion"}],"is_trial":false,"path_per_floor":["M","M","M","?","M","R","?","R","T","?","M","M","M","$","R","B",null,"M","?","?","$","M"],"character_chosen":"THE_SILENT","items_purchased":["Caltrops","Whetstone"],"campfire_rested":2,"item_purchase_floors":[14,14],"current_hp_per_floor":[61,61,57,57,8,8,8,26,26,47,27,24,24,24,42,29,55,43,4,4,4,0],"gold":76,"neow_bonus":"RANDOM_COLORLESS_2","is_prod":false,"is_daily":false,"chose_seed":false,"campfire_upgraded":1,"win_rate":0,"timestamp":1551027148,"path_taken":["M","M","M","?","M","R","?","R","T","?","?","M","M","$","R","BOSS","M","?","?","$","M"],"build_version":"2019-01-23","purchased_purges":0,"victory":false,"max_hp_per_floor":[63,63,63,63,63,63,63,63,63,63,63,63,63,63,63,63,63,63,63,63,63,63],"card_choices":[{"not_picked":["Expertise","Acrobatics"],"picked":"Dodge and Roll","floor":1},{"not_picked":["Cloak And Dagger","Dagger Throw"],"picked":"Caltrops","floor":2},{"not_picked":["Dodge and Roll","Blur"],"picked":"Dagger Spray","floor":3},{"not_picked":["Blade Dance","Expertise"],"picked":"Dodge and Roll","floor":5},{"not_picked":["Poisoned Stab","Flechettes"],"picked":"After Image","floor":11},{"not_picked":["Infinite Blades","Poisoned Stab"],"picked":"Dagger Throw","floor":12},{"not_picked":["PiercingWail","Sucker Punch"],"picked":"Backflip","floor":13},{"not_picked":["Night Terror","Doppelganger"],"picked":"Corpse Explosion","floor":16},{"not_picked":["Choke","Slice","Heel Hook+1"],"picked":"SKIP","floor":18}],"player_experience":360049,"relics_obtained":[{"floor":9,"key":"Pen Nib"}],"event_choices":[{"damage_healed":0,"gold_gain":0,"player_choice":"Ignored","damage_taken":0,"max_hp_gain":0,"max_hp_loss":0,"event_name":"Liars Game","floor":4,"gold_loss":0},{"damage_healed":0,"gold_gain":0,"player_choice":"Ignored","damage_taken":0,"max_hp_gain":0,"max_hp_loss":0,"event_name":"Golden Idol","floor":7,"gold_loss":0},{"damage_healed":21,"gold_gain":0,"player_choice":"Banana","damage_taken":0,"max_hp_gain":0,"max_hp_loss":0,"event_name":"Big Fish","floor":10,"gold_loss":0},{"damage_healed":0,"gold_gain":0,"player_choice":"Fight","damage_taken":0,"max_hp_gain":0,"max_hp_loss":0,"event_name":"Colosseum","floor":19,"gold_loss":0},{"damage_healed":0,"gold_gain":0,"player_choice":"Fled From Nobs","damage_taken":0,"max_hp_gain":0,"max_hp_loss":0,"event_name":"Colosseum","floor":19,"gold_loss":0},{"cards_removed":["Strike_G"],"damage_healed":0,"gold_gain":0,"player_choice":"Gave Gold","damage_taken":0,"max_hp_gain":0,"max_hp_loss":0,"event_name":"Beggar","floor":20,"gold_loss":75}],"is_beta":false,"boss_relics":[{"not_picked":["Coffee Dripper","Cursed Key"],"picked":"Ring of the Serpent"}],"items_purged_floors":[],"is_endless":false,"potions_floor_spawned":[5,11,13,16,18,19],"killed_by":"Chosen","ascension_level":8}