{"gold_per_floor":[109,129,129,13,13,13,40,57,82,82,82,82,95,123,123,197,197,212,127,139,139,0,25,25,39,39,39,66,85,10,35,35,108,108,128,128,141,157,107,107,119,9,9,9,25,25,25,44,44,44],"floor_reached":51,"playtime":4736,"items_purged":["Strike_R","Defend_R"],"score":1452,"play_id":"75f52c30-6478-46b2-9601-29a322d362c3","local_time":"20190219200759","is_ascension_mode":true,"campfire_choices":[{"data":"Feed","floor":6.0,"key":"SMITH"},{"data":"Iron Wave","floor":10.0,"key":"SMITH"},{"data":"Feel No Pain","floor":12.0,"key":"SMITH"},{"data":"Strike_R","floor":15.0,"key":"PURGE"},{"floor":24.0,"key":"REST"},{"floor":27.0,"key":"REST"},{"floor":32.0,"key":"DIG"},{"data":"True Grit","floor":40.0,"key":"SMITH"},{"data":"Corruption","floor":46.0,"key":"SMITH"},{"floor":49.0,"key":"REST"}],"neow_cost":"TEN_PERCENT_HP_LOSS","seed_source_timestamp":0,"circlet_count":0,"master_deck":["AscendersBane","Defend_R+1","Defend_R+1","Feed+1","Iron Wave+1","Uppercut+1","Feel No Pain+1","Battle Trance","Cleave","Ghostly Armor","Exhume","Shrug It Off+1","True Grit+1","Limit Break+1","Shrug It Off","Infernal Blade","Havoc+1","Dropkick","Reaper","Shrug It Off+1","Disarm+1","Rampage+1","Disarm+1","True Grit+1","Battle Trance","Corruption+1","Headbutt"],"special_seed":0,"relics":["Burning Blood","PreservedInsect","Ice Cream","Centennial Puzzle","Peace Pipe","Mark of Pain","Shovel","Calipers","Lantern","War Paint","Smiling Mask","Mummified Hand","Astrolabe","Incense Burner"],"potions_floor_usage":[50,50],"damage_taken":[{"damage":6.0,"enemies":"Cultist","floor":1.0,"turns":4.0},{"damage":21.0,"enemies":"Jaw Worm","floor":2.0,"turns":5.0},{"damage":20.0,"enemies":"Lagavulin","floor":7.0,"turns":6.0},{"damage":0.0,"enemies":"2 Louse","floor":8.0,"turns":1.0},{"damage":1.0,"enemies":"Blue Slaver","floor":13.0,"turns":6.0},{"damage":10.0,"enemies":"3 Sentries","floor":14.0,"turns":7.0},{"damage":76.0,"enemies":"Hexaghost","floor":16.0,"turns":14.0},{"damage":20.0,"enemies":"2 Thieves","floor":18.0,"turns":4.0},{"damage":35.0,"enemies":"3 Byrds","floor":20.0,"turns":10.0},{"damage":47.0,"enemies":"Book of Stabbing","floor":23.0,"turns":7.0},{"damage":29.0,"enemies":"Shelled Parasite and Fungi","floor":25.0,"turns":11.0},{"damage":15.0,"enemies":"Gremlin Leader","floor":28.0,"turns":4.0},{"damage":15.0,"enemies":"Snake Plant","floor":29.0,"turns":6.0},{"damage":0.0,"enemies":"Book of Stabbing","floor":31.0,"turns":5.0},{"damage":33.0,"enemies":"Champ","floor":33.0,"turns":21.0},{"damage":1.0,"enemies":"3 Shapes","floor":35.0,"turns":8.0},{"damage":46.0,"enemies":"3 Darklings","floor":37.0,"turns":8.0},{"damage":25.0,"enemies":"Maw","floor":38.0,"turns":10.0},{"damage":10.0,"enemies":"Spire Growth","floor":41.0,"turns":8.0},{"damage":9.0,"enemies":"4 Shapes","floor":45.0,"turns":13.0},{"damage":25.0,"enemies":"Jaw Worm Horde","floor":48.0,"turns":7.0},{"damage":49,"enemies":"Time Eater","floor":50,"turns":10}],"seed_played":"-9082624412180196504","potions_obtained":[{"floor":2.0,"key":"Regen Potion"},{"floor":7.0,"key":"EssenceOfSteel"},{"floor":16.0,"key":"Ancient Potion"},{"floor":28.0,"key":"SkillPotion"},{"floor":31.0,"key":"Fire Potion"},{"floor":35.0,"key":"Weak Potion"},{"floor":48.0,"key":"SteroidPotion"}],"is_trial":false,"path_per_floor":["M","M","?","$","?","R","E","M","T","R","?","R","M","E","R","B",null,"M","?","M","?","$","E","R","M","T","R","E","M","?","E","R","B",null,"M","?","M","M","$","R","M","?","T","$","M","R","$","M","R","B",null],"character_chosen":"IRONCLAD","items_purchased":["Feel No Pain","Limit Break","Shrug It Off"],"campfire_rested":3,"item_purchase_floors":[4,22,22],"current_hp_per_floor":[71,59,59,59,54,54,44,54,54,54,59,59,68,68,68,17,79,73,73,48,48,48,7,40,25,25,60,51,46,46,56,56,29,103,120,120,92,76,76,76,82,82,82,82,99,99,99,91,136,117],"gold":44,"neow_bonus":"THREE_RARE_CARDS","is_prod":false,"is_daily":false,"chose_seed":false,"campfire_upgraded":5,"win_rate":0,"timestamp":1550603279,"path_taken":["M","M","?","?","?","R","E","M","T","R","?","R","?","E","R","BOSS","M","?","M","?","$","E","R","M","T","R","E","?","?","E","R","BOSS","M","?","?","M","$","R","M","?","T","$","M","R","$","M","R","BOSS"],"build_version":"2019-01-23","purchased_purges":2,"victory":true,"max_hp_per_floor":[71,74,74,74,74,74,78,82,82,82,87,87,91,95,95,99,99,107,107,111,111,111,111,111,119,119,119,119,123,123,127,127,127,127,135,135,135,135,135,135,139,139,139,139,147,147,147,151,151,151],"card_choices":[{"not_picked":["Juggernaut","Fiend Fire"],"picked":"Feed","floor":0.0},{"not_picked":["Perfected Strike","Sentinel"],"picked":"Iron Wave","floor":1.0},{"not_picked":["Thunderclap","Corruption"],"picked":"Uppercut","floor":2.0},{"not_picked":["Thunderclap","Wild Strike"],"picked":"Battle Trance","floor":7.0},{"not_picked":["Armaments","Warcry","Perfected Strike"],"picked":"SKIP","floor":8.0},{"not_picked":["Thunderclap","Clothesline"],"picked":"Cleave","floor":13.0},{"not_picked":["Anger","Rage"],"picked":"Ghostly Armor","floor":14.0},{"not_picked":["Immolate","Demon Form"],"picked":"Exhume","floor":16.0},{"not_picked":["Rage","Sword Boomerang"],"picked":"Shrug It Off+1","floor":18.0},{"not_picked":["Headbutt","Wild Strike"],"picked":"True Grit","floor":20.0},{"not_picked":["Flex","Uppercut","Clash"],"picked":"SKIP","floor":23.0},{"not_picked":["Headbutt","Clash"],"picked":"Infernal Blade","floor":25.0},{"not_picked":["Clothesline","Bludgeon","Iron Wave"],"picked":"SKIP","floor":28.0},{"not_picked":["Thunderclap","Uppercut"],"picked":"Havoc+1","floor":29.0},{"not_picked":["Rage","Berserk"],"picked":"Dropkick","floor":31.0},{"not_picked":["Immolate","Berserk"],"picked":"Reaper","floor":33.0},{"not_picked":["Headbutt","Cleave"],"picked":"Disarm+1","floor":35.0},{"not_picked":["Twin Strike+1","Warcry+1"],"picked":"True Grit","floor":37.0},{"not_picked":["Shrug It Off","Thunderclap"],"picked":"Battle Trance","floor":38.0},{"not_picked":["Blood for Blood","Heavy Blade+1","Pummel"],"picked":"SKIP","floor":41.0},{"not_picked":["Disarm","Offering"],"picked":"Corruption","floor":45.0},{"not_picked":["Iron Wave","Dual Wield"],"picked":"Headbutt","floor":48.0}],"player_experience":451554,"relics_obtained":[{"floor":7.0,"key":"Ice Cream"},{"floor":9.0,"key":"Centennial Puzzle"},{"floor":14.0,"key":"Peace Pipe"},{"floor":23.0,"key":"Calipers"},{"floor":26.0,"key":"Lantern"},{"floor":28.0,"key":"War Paint"},{"floor":31.0,"key":"Smiling Mask"},{"floor":32.0,"key":"Mummified Hand"},{"floor":43.0,"key":"Incense Burner"}],"event_choices":[{"damage_healed":0.0,"max_hp_gain":0.0,"max_hp_loss":0.0,"gold_gain":0.0,"event_name":"Upgrade Shrine","player_choice":"Upgraded","floor":3.0,"gold_loss":0.0,"damage_taken":0.0,"cards_upgraded":["Uppercut"]},{"damage_healed":0.0,"max_hp_gain":0.0,"max_hp_loss":0.0,"gold_gain":0.0,"event_name":"Scrap Ooze","player_choice":"Success","floor":5.0,"gold_loss":0.0,"damage_taken":5.0,"relics_obtained":["PreservedInsect"]},{"damage_healed":0.0,"max_hp_gain":5.0,"max_hp_loss":0.0,"gold_gain":0.0,"event_name":"Big Fish","player_choice":"Donut","floor":11.0,"gold_loss":0.0,"damage_taken":0.0},{"damage_healed":0.0,"max_hp_gain":0.0,"max_hp_loss":0.0,"gold_gain":0.0,"event_name":"Addict","player_choice":"Obtained Relic","floor":19.0,"gold_loss":85.0,"damage_taken":0.0,"relics_obtained":["Shovel"]},{"damage_healed":0.0,"max_hp_gain":0.0,"max_hp_loss":0.0,"gold_gain":0.0,"event_name":"Upgrade Shrine","player_choice":"Upgraded","floor":21.0,"gold_loss":0.0,"damage_taken":0.0,"cards_upgraded":["True Grit"]},{"cards_removed":["Strike_R"],"damage_healed":0.0,"max_hp_gain":0.0,"max_hp_loss":0.0,"gold_gain":0.0,"event_name":"Beggar","player_choice":"Gave Gold","floor":30.0,"gold_loss":75.0,"damage_taken":0.0},{"damage_healed":0.0,"max_hp_gain":0.0,"max_hp_loss":0.0,"gold_gain":0.0,"event_name":"SecretPortal","player_choice":"Ignored","floor":36.0,"gold_loss":0.0,"damage_taken":0.0},{"cards_removed":["Bash"],"damage_healed":0.0,"max_hp_gain":0.0,"max_hp_loss":0.0,"gold_gain":0.0,"event_name":"Designer","player_choice":"Upgrade and Remove","floor":42.0,"gold_loss":110.0,"damage_taken":0.0,"cards_upgraded":["Limit Break"]}],"is_beta":false,"boss_relics":[{"not_picked":["Empty Cage","Black Blood"],"picked":"Mark of Pain"},{"not_picked":["Runic Dome","Philosopher\u0027s Stone"],"picked":"Astrolabe"}],"items_purged_floors":[4,39],"is_endless":false,"potions_floor_spawned":[2,7,16,28,31,35,48],"ascension_level":18}