{"gold_per_floor":[114,15,15,25,25,52,52,52,75,75,75,87,105,105,105,205,205,223,207,207,220,220],"floor_reached":22,"playtime":1261,"items_purged":["Regret"],"score":276,"play_id":"1cf55cf8-2aca-4866-9c1d-bfa16f67526f","local_time":"20190105164730","is_ascension_mode":true,"campfire_choices":[{"floor":7.0,"key":"REST"},{"data":"Deadly Poison","floor":11.0,"key":"SMITH"},{"floor":15.0,"key":"REST"}],"neow_cost":"CURSE","seed_source_timestamp":83762848725736,"circlet_count":0,"master_deck":["AscendersBane","Defend_G","Defend_G","Defend_G","Defend_G","Defend_G","Strike_G","Strike_G","Strike_G","Strike_G","Survivor","Neutralize+1","Flying Knee","Dagger Spray","Deadly Poison+1","Finisher","Flying Knee","Escape Plan","Concentrate","Wraith Form v2+1","Terror+1","Backflip","Cloak And Dagger"],"special_seed":0,"relics":["Ring of the Snake","Thread and Needle","Juzu Bracelet","Bag of Marbles","Philosopher\u0027s Stone"],"potions_floor_usage":[22],"damage_taken":[{"damage":6.0,"enemies":"Jaw Worm","floor":1.0,"turns":6.0},{"damage":1.0,"enemies":"2 Louse","floor":4.0,"turns":3.0},{"damage":50.0,"enemies":"Lagavulin","floor":6.0,"turns":9.0},{"damage":0.0,"enemies":"Cultist","floor":12.0,"turns":3.0},{"damage":0.0,"enemies":"Large Slime","floor":13.0,"turns":3.0},{"damage":29.0,"enemies":"Slime Boss","floor":16.0,"turns":13.0},{"damage":0.0,"enemies":"3 Byrds","floor":18.0,"turns":5.0},{"damage":8.0,"enemies":"2 Thieves","floor":19.0,"turns":4.0},{"damage":47,"enemies":"Sentry and Sphere","floor":21,"turns":10},{"damage":3,"enemies":"Centurion and Healer","floor":22,"turns":2}],"seed_played":"6063955736519900995","potions_obtained":[{"floor":12.0,"key":"SpeedPotion"},{"floor":13.0,"key":"Block Potion"},{"floor":19.0,"key":"Explosive Potion"}],"is_trial":false,"path_per_floor":["M","$","?","M","?","E","R","?","T","$","R","M","M","?","R","B",null,"M","M","?","M","M"],"character_chosen":"THE_SILENT","items_purchased":["Dagger Spray"],"campfire_rested":2,"item_purchase_floors":[2],"current_hp_per_floor":[57,57,57,56,56,6,27,27,27,27,27,27,27,27,48,19,57,57,49,49,2,0],"gold":220,"neow_bonus":"ONE_RARE_RELIC","is_prod":false,"is_daily":false,"chose_seed":false,"campfire_upgraded":1,"win_rate":0,"timestamp":1546703250,"path_taken":["M","$","?","M","?","E","R","?","T","$","R","M","M","?","R","BOSS","M","M","?","M","M"],"build_version":"2019-01-03v4","purchased_purges":1,"victory":false,"max_hp_per_floor":[70,70,70,70,70,70,70,70,70,70,70,70,70,70,70,70,70,70,70,70,70,70],"card_choices":[{"not_picked":["Heel Hook","Escape Plan"],"picked":"Flying Knee","floor":1.0},{"not_picked":["Choke","Dagger Throw"],"picked":"Deadly Poison","floor":4.0},{"not_picked":["Burst","Bouncing Flask"],"picked":"Finisher","floor":6.0},{"not_picked":["Underhanded Strike","Dagger Throw"],"picked":"Flying Knee","floor":12.0},{"not_picked":["Dagger Throw","Blade Dance"],"picked":"Escape Plan","floor":13.0},{"not_picked":["Storm of Steel","A Thousand Cuts"],"picked":"Wraith Form v2","floor":16.0},{"not_picked":["Dodge and Roll","Blade Dance"],"picked":"Terror+1","floor":18.0},{"not_picked":["Flying Knee","Deflect"],"picked":"Backflip","floor":19.0},{"not_picked":["Skewer","Quick Slash"],"picked":"Cloak And Dagger","floor":21}],"player_experience":313588,"relics_obtained":[{"floor":6.0,"key":"Juzu Bracelet"},{"floor":9.0,"key":"Bag of Marbles"}],"event_choices":[{"damage_healed":0.0,"max_hp_gain":0.0,"max_hp_loss":0.0,"gold_gain":0.0,"event_name":"The Cleric","player_choice":"Leave","floor":3.0,"gold_loss":0.0,"damage_taken":0.0},{"damage_healed":0.0,"max_hp_gain":0.0,"max_hp_loss":0.0,"gold_gain":0.0,"event_name":"WeMeetAgain","player_choice":"Ignored","floor":5.0,"gold_loss":0.0,"damage_taken":0.0},{"damage_healed":0.0,"max_hp_gain":0.0,"max_hp_loss":0.0,"gold_gain":0.0,"event_name":"Living Wall","player_choice":"Grow","floor":8.0,"gold_loss":0.0,"damage_taken":0.0,"cards_upgraded":["Neutralize"]},{"damage_healed":0.0,"max_hp_gain":0.0,"max_hp_loss":0.0,"gold_gain":0.0,"cards_transformed":["Strike_G"],"event_name":"Transmorgrifier","player_choice":"Transformed","floor":14.0,"gold_loss":0.0,"damage_taken":0.0,"cards_obtained":["Concentrate"]},{"damage_healed":0.0,"max_hp_gain":0.0,"max_hp_loss":0.0,"gold_gain":0.0,"event_name":"Upgrade Shrine","player_choice":"Upgraded","floor":20.0,"gold_loss":0.0,"damage_taken":0.0,"cards_upgraded":["Wraith Form v2"]}],"is_beta":false,"boss_relics":[{"not_picked":["Runic Pyramid","Eternal Feather"],"picked":"Philosopher\u0027s Stone"}],"items_purged_floors":[2],"is_endless":false,"potions_floor_spawned":[12,13,19],"killed_by":"Centurion and Healer","ascension_level":10}