{"gold_per_floor":[109,109,128,53,128,128,156,156,181,194,194,194,194,221,221,296,296,314,314,328,58,58,58,58],"floor_reached":24,"playtime":634,"items_purged":["Strike_B"],"score":450,"play_id":"892dcb9f-70ef-435b-b70e-fc7cf041e127","local_time":"20190202175703","is_ascension_mode":true,"campfire_choices":[{"data":"Go for the Eyes","floor":6,"key":"SMITH"},{"data":"Beam Cell","floor":8,"key":"SMITH"},{"data":"Dualcast","floor":12,"key":"SMITH"},{"data":"Loop","floor":15,"key":"SMITH"},{"data":"Buffer","floor":23,"key":"SMITH"}],"neow_cost":"NONE","seed_source_timestamp":18505825896327,"circlet_count":0,"master_deck":["AscendersBane","Strike_B","Strike_B","Defend_B","Defend_B","Defend_B","Defend_B","Zap+1","Dualcast+1","Sunder+1","Go for the Eyes+1","Beam Cell+1","Loop+1","Buffer+1","RitualDagger","Gash","Shame"],"relics":["FrozenCore","NeowsBlessing","Torii","DataDisk","Matryoshka","Molten Egg 2","Letter Opener"],"potions_floor_usage":[14,20,24],"damage_taken":[{"damage":0,"enemies":"Jaw Worm","floor":1,"turns":1},{"damage":0,"enemies":"2 Louse","floor":3,"turns":1},{"damage":0,"enemies":"3 Sentries","floor":7,"turns":1},{"damage":0,"enemies":"Small Slimes","floor":10,"turns":2},{"damage":1,"enemies":"Lagavulin","floor":14,"turns":3},{"damage":18,"enemies":"The Guardian","floor":16,"turns":9},{"damage":0,"enemies":"Spheric Guardian","floor":18,"turns":5},{"damage":0,"enemies":"Shell Parasite","floor":20,"turns":7},{"damage":62,"enemies":"Gremlin Leader","floor":24,"turns":9}],"seed_played":"5310910690742346746","potions_obtained":[{"floor":3,"key":"Weak Potion"},{"floor":14,"key":"Block Potion"},{"floor":20,"key":"Dexterity Potion"}],"is_trial":false,"path_per_floor":["M","?","M","$","?","R","E","R","T","M","?","R","?","E","R","B",null,"M","?","M","$","?","R","E"],"character_chosen":"DEFECT","items_purchased":["Molten Egg 2"],"campfire_rested":0,"item_purchase_floors":[21],"current_hp_per_floor":[64,43,43,43,32,32,32,32,32,32,32,32,37,36,36,18,62,62,56,56,56,56,56,0],"gold":58,"neow_bonus":"THREE_ENEMY_KILL","is_prod":false,"is_daily":false,"chose_seed":false,"campfire_upgraded":5,"win_rate":0,"timestamp":1549126623,"path_taken":["M","?","M","$","?","R","E","R","T","M","?","R","?","E","R","BOSS","M","?","M","$","?","R","E"],"build_version":"2019-01-23","purchased_purges":1,"victory":false,"max_hp_per_floor":[71,71,71,71,71,71,71,71,71,71,71,71,76,76,76,76,76,76,76,76,76,76,76,76],"card_choices":[{"not_picked":["Compile Driver","Stack"],"picked":"Sunder","floor":1},{"not_picked":["Compile Driver","Streamline"],"picked":"Go for the Eyes","floor":3},{"not_picked":["Rebound","Auto Shields"],"picked":"Beam Cell","floor":7},{"not_picked":["Double Energy","Turbo","Barrage"],"picked":"SKIP","floor":10},{"not_picked":["Sweeping Beam","Aggregate"],"picked":"Loop","floor":14},{"not_picked":["Machine Learning","Rainbow"],"picked":"Buffer","floor":16},{"not_picked":["Streamline","Lockon","Consume"],"picked":"SKIP","floor":18},{"not_picked":["Reprogram","Compile Driver"],"picked":"Gash","floor":20}],"player_experience":944937,"relics_obtained":[{"floor":7,"key":"Torii"},{"floor":9,"key":"DataDisk"},{"floor":14,"key":"Matryoshka"}],"event_choices":[{"damage_healed":0,"gold_gain":0,"player_choice":"Entered Light","damage_taken":21,"max_hp_gain":0,"max_hp_loss":0,"event_name":"Shining Light","floor":2,"gold_loss":0,"cards_upgraded":["Sunder","Zap"]},{"damage_healed":0,"gold_gain":75,"player_choice":"Gather Gold","damage_taken":11,"max_hp_gain":0,"max_hp_loss":0,"event_name":"World of Goop","floor":5,"gold_loss":0},{"cards_removed":["Strike_B"],"damage_healed":0,"gold_gain":0,"player_choice":"Forget","damage_taken":0,"max_hp_gain":0,"max_hp_loss":0,"event_name":"Living Wall","floor":11,"gold_loss":0},{"damage_healed":0,"gold_gain":0,"player_choice":"Donut","damage_taken":0,"max_hp_gain":5,"max_hp_loss":0,"event_name":"Big Fish","floor":13,"gold_loss":0},{"damage_healed":0,"gold_gain":0,"player_choice":"Joined the Cult","damage_taken":6,"max_hp_gain":0,"max_hp_loss":0,"event_name":"Nest","floor":19,"gold_loss":0,"cards_obtained":["RitualDagger"]},{"damage_healed":0,"gold_gain":0,"player_choice":"Stole Relic","damage_taken":0,"relics_obtained":["Letter Opener"],"max_hp_gain":0,"max_hp_loss":0,"event_name":"Addict","floor":22,"gold_loss":0,"cards_obtained":["Shame"]}],"is_beta":true,"boss_relics":[{"not_picked":["Eternal Feather","Empty Cage"],"picked":"FrozenCore"}],"items_purged_floors":[4],"is_endless":false,"potions_floor_spawned":[3,14,20],"killed_by":"Gremlin Leader","ascension_level":20}