{"gold_per_floor":[418,418,18,36,48,48,48,76,99,99,99,113,34,52,52,151,151,169,245,7,282,301,301,56,56],"floor_reached":25,"playtime":1212,"items_purged":["Doubt"],"score":229,"play_id":"b35cc344-6222-4de7-af4f-5f25c5608b69","local_time":"20181231012447","is_ascension_mode":true,"campfire_choices":[{"data":"Conserve Battery","floor":7,"key":"SMITH"},{"floor":10,"key":"REST"},{"data":"Buffer","floor":15,"key":"SMITH"},{"data":"Rainbow","floor":23,"key":"SMITH"}],"neow_cost":"TEN_PERCENT_HP_LOSS","seed_source_timestamp":282221480229781,"circlet_count":0,"master_deck":["Strike_B","Strike_B","Strike_B","Strike_B","Defend_B","Defend_B","Defend_B","Defend_B","Zap","Dualcast","BootSequence","Zap","Self Repair","Heatsinks","Conserve Battery+1","Conserve Battery","Sweeping Beam","Loop","Buffer+1","Rainbow+1"],"relics":["Cracked Core","Old Coin","Pocketwatch","Omamori","Vajra","Darkstone Periapt","Black Star","Singing Bowl","Pear","Gremlin Horn"],"potions_floor_usage":[8,16,18,25],"damage_taken":[{"damage":3,"enemies":"Small Slimes","floor":1,"turns":3},{"damage":1,"enemies":"Cultist","floor":4,"turns":3},{"damage":0,"enemies":"2 Louse","floor":5,"turns":2},{"damage":31,"enemies":"Lagavulin","floor":8,"turns":7},{"damage":2,"enemies":"Exordium Wildlife","floor":12,"turns":5},{"damage":2,"enemies":"Red Slaver","floor":14,"turns":3},{"damage":32,"enemies":"The Guardian","floor":16,"turns":12},{"damage":33,"enemies":"3 Byrds","floor":18,"turns":5},{"damage":0,"enemies":"Chosen","floor":22,"turns":6},{"damage":69,"enemies":"Slavers","floor":25,"turns":6}],"seed_played":"-5036865332199486389","potions_obtained":[{"floor":5,"key":"Fire Potion"},{"floor":14,"key":"AttackPotion"},{"floor":16,"key":"Block Potion"},{"floor":22,"key":"AttackPotion"}],"is_trial":false,"path_per_floor":["M","?","$","M","M","?","R","E","T","R","T","M","$","M","R","B",null,"M","T","$","?","M","R","$","E"],"character_chosen":"DEFECT","items_purchased":["Pocketwatch","Self Repair","Loop","Pear","Gremlin Horn"],"campfire_rested":1,"item_purchase_floors":[3,3,13,20,24],"current_hp_per_floor":[65,65,65,64,68,68,68,44,44,64,64,68,68,66,66,41,68,42,42,52,52,61,61,61,0],"gold":56,"neow_bonus":"ONE_RARE_RELIC","is_prod":false,"is_daily":false,"chose_seed":false,"campfire_upgraded":3,"win_rate":0,"timestamp":1546232087,"path_taken":["M","?","$","M","?","?","R","E","T","R","?","M","$","M","R","BOSS","M","?","$","?","?","R","$","E"],"build_version":"2018-12-25","purchased_purges":1,"victory":false,"max_hp_per_floor":[68,68,68,68,68,68,68,68,68,68,68,68,68,68,68,68,68,68,68,78,78,80,80,80,80],"card_choices":[{"not_picked":["Redo","Ball Lightning"],"picked":"BootSequence","floor":1},{"not_picked":["Go for the Eyes","Steam"],"picked":"Heatsinks","floor":4},{"not_picked":["Stack","Streamline"],"picked":"Conserve Battery","floor":5},{"not_picked":["Reprogram","Stack"],"picked":"Conserve Battery","floor":8},{"not_picked":["Glacier","Rip and Tear"],"picked":"Sweeping Beam","floor":12},{"not_picked":["Heatsinks","Glacier"],"picked":"Buffer","floor":14},{"not_picked":["Multi-Cast","Biased Cognition"],"picked":"Rainbow","floor":16},{"not_picked":["Skim","Capacitor","Redo"],"picked":"SKIP","floor":18},{"not_picked":["Cold Snap","Consume","Barrage"],"picked":"Singing Bowl","floor":22}],"player_experience":557645,"relics_obtained":[{"floor":8,"key":"Omamori"},{"floor":9,"key":"Vajra"},{"floor":11,"key":"Darkstone Periapt"},{"floor":19,"key":"Singing Bowl"}],"event_choices":[{"damage_healed":0,"gold_gain":0,"player_choice":"2 cards matched","damage_taken":0,"max_hp_gain":0,"max_hp_loss":0,"event_name":"Match and Keep!","floor":2,"gold_loss":0,"cards_obtained":["Doubt","Zap"]},{"damage_healed":0,"gold_gain":0,"player_choice":"Leave","damage_taken":0,"max_hp_gain":0,"max_hp_loss":0,"event_name":"The Cleric","floor":6,"gold_loss":0},{"damage_healed":0,"gold_gain":275,"player_choice":"Desecrate","damage_taken":0,"max_hp_gain":0,"max_hp_loss":0,"event_name":"Golden Shrine","floor":21,"gold_loss":0,"cards_obtained":["Regret"]}],"is_beta":true,"boss_relics":[{"not_picked":["Runic Pyramid","Runic Dome"],"picked":"Black Star"}],"items_purged_floors":[3],"is_endless":false,"potions_floor_spawned":[5,14,16,22],"killed_by":"Slavers","ascension_level":3}