{"path_per_floor":["M","$","M","M","M","R","M","$","T","R","?","M","R","?","R","B",null,"M","?","M","$","M","R","M","M","T"],"character_chosen":"THE_SILENT","items_purchased":["Deadly Poison","Medical Kit","PiercingWail","Prepared"],"gold_per_floor":[115,69,82,96,114,114,127,127,127,127,190,206,206,206,206,302,332,352,352,369,25,42,42,54,65,92,92],"floor_reached":27,"campfire_rested":3,"playtime":2429,"current_hp_per_floor":[70,70,65,64,55,70,66,66,66,66,50,47,68,68,68,33,75,48,32,23,23,12,34,22,12,12,0],"items_purged":["Writhe"],"gold":92,"score":217,"play_id":"a658f277-fb6a-4067-81c9-0241e883f2c8","local_time":"20180407041152","is_prod":false,"is_daily":false,"is_ascension_mode":true,"campfire_upgraded":2,"timestamp":1523083312,"path_taken":["M","$","M","M","M","R","M","$","T","R","?","M","R","?","R","BOSS","M","?","M","$","?","R","M","M","T","M"],"build_version":"2018-04-05v2","purchased_purges":1,"victory":false,"master_deck":["Defend_G","Defend_G","Defend_G","Defend_G","Defend_G","Strike_G","Strike_G","Strike_G","Strike_G","Strike_G","Survivor+1","Neutralize","Escape Plan","Deadly Poison+1","Quick Slash","Corpse Explosion+1","Quick Slash","Dagger Spray+1","Bane","Bouncing Flask","Phantasmal Killer","Choke","Deflect+1","Finesse","Dodge and Roll","PiercingWail","Prepared","Dagger Spray","Die Die Die","Writhe"],"max_hp_per_floor":[70,70,70,70,70,70,70,70,70,70,70,70,70,70,70,70,75,75,75,75,75,75,75,75,75,75,75],"relics":["Cursed Key","Ornamental Fan","Gremlin Horn","Tiny House","Medical Kit","Orichalcum"],"card_choices":[{"not_picked":["Dagger Throw","Malaise"],"picked":"Escape Plan","floor":1},{"not_picked":["Setup","Cloak And Dagger"],"picked":"Quick Slash","floor":3},{"not_picked":["Eviscerate","Slice"],"picked":"Corpse Explosion","floor":4},{"not_picked":["Terror","Eviscerate"],"picked":"Quick Slash","floor":5},{"not_picked":["Slice","Caltrops"],"picked":"Dagger Spray","floor":7},{"not_picked":["Quick Slash","Acrobatics"],"picked":"Bane","floor":11},{"not_picked":["Dagger Throw","Bane"],"picked":"Bouncing Flask","floor":12},{"not_picked":["Storm of Steel","Doppelganger"],"picked":"Phantasmal Killer","floor":16},{"not_picked":["Flying Knee","Escape Plan"],"picked":"Choke","floor":17},{"not_picked":["Poisoned Stab","Infinite Blades"],"picked":"Deflect","floor":18},{"not_picked":["Slice","Cloak And Dagger"],"picked":"Dodge and Roll","floor":20},{"not_picked":["Prepared","Finisher"],"picked":"Dagger Spray","floor":24},{"not_picked":["Dagger Spray","Deadly Poison"],"picked":"Die Die Die","floor":25}],"player_experience":315169,"potions_floor_usage":[16,16,16,18,20,27],"damage_taken":[{"damage":0,"enemies":"Small Slimes","floor":1,"turns":4},{"damage":5,"enemies":"Jaw Worm","floor":3,"turns":4},{"damage":1,"enemies":"Cultist","floor":4,"turns":4},{"damage":9,"enemies":"3 Louse","floor":5,"turns":3},{"damage":4,"enemies":"2 Fungi Beasts","floor":7,"turns":3},{"damage":16,"enemies":"3 Sentries","floor":11,"turns":8},{"damage":3,"enemies":"Blue Slaver","floor":12,"turns":3},{"damage":35,"enemies":"The Guardian","floor":16,"turns":10},{"damage":27,"enemies":"Shell Parasite","floor":18,"turns":5},{"damage":9,"enemies":"3 Byrds","floor":20,"turns":4},{"damage":11,"enemies":"Centurion and Healer","floor":22,"turns":8},{"damage":12,"enemies":"Snake Plant","floor":24,"turns":4},{"damage":10,"enemies":"Chosen and Byrds","floor":25,"turns":5},{"damage":20,"enemies":"Cultist and Chosen","floor":27,"turns":7}],"event_choices":[{"event_name":"Dead Adventurer","player_choice":"Searched \u00272\u0027 times","floor":11,"damage_taken":0},{"event_name":"Living Wall","player_choice":"Grow","floor":14,"damage_taken":0},{"event_name":"Knowing Skull","player_choice":"CARD ","floor":19,"damage_taken":0}],"boss_relics":[{"not_picked":["White Beast Statue","Orrery"],"picked":"Tiny House"}],"potions_floor_spawned":[3,4,12,18,25],"seed_played":"5863382728448407715","killed_by":"Cultist and Chosen","ascension_level":1,"is_trial":false}