{"path_per_floor":["M","M","M","?","M","R","E","R","T","?","$","R","M","$","R"],"character_chosen":"IRONCLAD","items_purchased":["Whirlwind","Clothesline"],"gold_per_floor":[14,26,41,41,51,51,83,83,107,107,39,39,51,24,24,24],"floor_reached":16,"campfire_rested":1,"playtime":513,"current_hp_per_floor":[77,76,73,73,61,61,35,35,35,23,23,47,47,47,47,0],"items_purged":[],"gold":24,"score":135,"play_id":"d7acb4b0-6004-4bcf-ae5c-89e1b1f60ef3","local_time":"20180520132549","is_prod":false,"is_daily":false,"chose_seed":false,"is_ascension_mode":true,"campfire_upgraded":3,"timestamp":1526837149,"campfire_choices":[{"data":"Bash","floor":6,"key":"SMITH"},{"data":"Intimidate","floor":8,"key":"SMITH"},{"floor":12,"key":"REST"},{"data":"Body Slam","floor":15,"key":"SMITH"}],"path_taken":["M","M","?","?","M","R","E","R","T","?","?","R","?","$","R","BOSS"],"build_version":"2018-05-17","seed_source_timestamp":13228664247282,"purchased_purges":0,"victory":false,"master_deck":["Strike_R","Strike_R","Strike_R","Strike_R","Defend_R","Defend_R","Defend_R","Bash+1","Metallicize+1","Bloodletting","Intimidate+1","Twin Strike","Whirlwind","Warcry","Body Slam+1","Clothesline"],"max_hp_per_floor":[80,80,80,80,80,80,80,80,80,80,80,80,80,80,80,80],"relics":["Burning Blood","Bag of Marbles","Pen Nib","Dream Catcher"],"card_choices":[{"not_picked":["Havoc","Anger","Clash"],"picked":"SKIP","floor":1},{"not_picked":["Body Slam","Perfected Strike"],"picked":"Metallicize","floor":2},{"not_picked":["Clash","Entrench"],"picked":"Bloodletting","floor":3},{"not_picked":["True Grit","Dual Wield"],"picked":"Intimidate","floor":5},{"not_picked":["Searing Blow","Dual Wield"],"picked":"Twin Strike","floor":7},{"not_picked":["Dual Wield","Anger"],"picked":"Warcry","floor":12},{"not_picked":["Warcry","Cleave"],"picked":"Body Slam","floor":13}],"player_experience":202249,"potions_floor_usage":[7,16,16],"damage_taken":[{"damage":1,"enemies":"Cultist","floor":1,"turns":4},{"damage":7,"enemies":"2 Louse","floor":2,"turns":4},{"damage":9,"enemies":"Small Slimes","floor":3,"turns":4},{"damage":18,"enemies":"2 Fungi Beasts","floor":5,"turns":3},{"damage":32,"enemies":"Lagavulin","floor":7,"turns":8},{"damage":6,"enemies":"Looter","floor":13,"turns":3},{"damage":47,"enemies":"The Guardian","floor":16,"turns":14}],"relics_obtained":[{"floor":7,"key":"Bag of Marbles"},{"floor":9,"key":"Pen Nib"}],"event_choices":[{"event_name":"Living Wall","player_choice":"Grow","floor":4,"damage_taken":0},{"event_name":"Scrap Ooze","player_choice":"success","floor":10,"damage_taken":12}],"boss_relics":[],"potions_floor_spawned":[3,5,7],"seed_played":"-7921605989813582959","killed_by":"The Guardian","ascension_level":7,"potions_obtained":[{"floor":3,"key":"GamblersBrew"},{"floor":5,"key":"Explosive Potion"},{"floor":7,"key":"Swift Potion"}],"is_trial":false}