{"gold_per_floor":[119,42,54,54,0,0,17,34,34,34,34,44,44,59,59,164,164,178,190,150,150,65,121,121,121,121,121,82,82,37,64,64,164,164,177,99,109,109,86,86,134,60,83,83,96,96],"floor_reached":46,"playtime":1999,"items_purged":[],"score":541,"play_id":"2d98c7b4-9a90-432c-ba9d-3b60df9201d8","local_time":"20181224023850","is_ascension_mode":true,"campfire_choices":[{"floor":6,"key":"REST"},{"floor":10,"key":"REST"},{"data":"Storm","floor":13,"key":"SMITH"},{"data":"Defend_B","floor":15,"key":"SMITH"},{"floor":24,"key":"REST"},{"data":"1","floor":27,"key":"LIFT"},{"data":"2","floor":29,"key":"LIFT"},{"floor":32,"key":"REST"},{"floor":40,"key":"REST"},{"floor":44,"key":"REST"}],"neow_cost":"NONE","seed_source_timestamp":281683132064984,"circlet_count":0,"master_deck":["Strike_B+1","Strike_B+1","Strike_B+1","Strike_B+1","Defend_B+1","Defend_B+1","Defend_B+1","Defend_B+1","Zap","Dualcast","Leap","Doom and Gloom+1","White Noise+1","Leap","Recycle","Storm+1","Electrodynamics","Darkness","Sunder","Melter","Hello World","Conserve Battery+1","Meteor Strike","Darkness+1","Sunder+1","Consume+1","Bandage Up+1","Conserve Battery+1","Genetic Algorithm+1","Stack+1"],"relics":["Snecko Eye","Dead Branch","Busted Crown","Girya","Tiny Chest","Toxic Egg 2","Art of War","Orrery","Ginger","Bag of Marbles"],"potions_floor_usage":[7,8,16,31,37,41],"damage_taken":[{"damage":2,"enemies":"Jaw Worm","floor":1,"turns":4},{"damage":8,"enemies":"2 Louse","floor":3,"turns":2},{"damage":15,"enemies":"Small Slimes","floor":7,"turns":4},{"damage":6,"enemies":"3 Louse","floor":8,"turns":2},{"damage":0,"enemies":"Large Slime","floor":12,"turns":3},{"damage":4,"enemies":"Exordium Wildlife","floor":14,"turns":2},{"damage":0,"enemies":"Slime Boss","floor":16,"turns":6},{"damage":3,"enemies":"Spheric Guardian","floor":18,"turns":3},{"damage":0,"enemies":"3 Byrds","floor":19,"turns":2},{"damage":28,"enemies":"Gremlin Leader","floor":23,"turns":6},{"damage":25,"enemies":"Book of Stabbing","floor":31,"turns":5},{"damage":21,"enemies":"Collector","floor":33,"turns":9},{"damage":14,"enemies":"3 Shapes","floor":35,"turns":5},{"damage":9,"enemies":"3 Darklings","floor":37,"turns":3},{"damage":16,"enemies":"2 Orb Walkers","floor":41,"turns":3},{"damage":18,"enemies":"Spire Growth","floor":45,"turns":2},{"damage":69,"enemies":"Giant Head","floor":46,"turns":8}],"seed_played":"3477913484650650626","potions_obtained":[{"floor":3,"key":"LiquidBronze"},{"floor":7,"key":"Explosive Potion"},{"floor":14,"key":"Fire Potion"},{"floor":23,"key":"SkillPotion"},{"floor":35,"key":"Swift Potion"},{"floor":37,"key":"PowerPotion"}],"is_trial":false,"path_per_floor":["M","$","M","?","$","R","M","M","T","R","?","M","R","M","R","B",null,"M","M","$","?","?","E","R","?","T","R","$","R","$","E","R","B",null,"M","$","M","?","$","R","?","$","T","R","M","E"],"character_chosen":"DEFECT","items_purchased":["Doom and Gloom","Leap","Sunder","Hello World","Conserve Battery+1","Consume+1","Conserve Battery+1","Genetic Algorithm+1"],"campfire_rested":6,"item_purchase_floors":[2,5,20,28,30,36,39,42],"current_hp_per_floor":[73,73,65,50,50,72,57,51,51,73,73,73,73,69,69,69,75,72,72,72,72,72,44,66,66,66,66,66,66,66,41,63,42,75,61,61,52,47,47,69,53,53,53,75,57,0],"gold":96,"neow_bonus":"BOSS_RELIC","is_prod":false,"is_daily":false,"chose_seed":false,"campfire_upgraded":2,"win_rate":0,"timestamp":1545631730,"path_taken":["M","$","M","?","$","R","M","M","T","R","?","M","R","M","R","BOSS","M","M","$","?","?","E","R","?","T","R","$","R","$","E","R","BOSS","M","$","M","?","$","R","?","?","T","R","M","E"],"build_version":"2018-12-20","purchased_purges":0,"victory":false,"max_hp_per_floor":[75,75,75,75,75,75,75,75,75,75,75,75,75,75,75,75,75,75,75,75,75,75,75,75,75,75,75,75,75,75,75,75,75,75,75,75,75,75,75,75,75,75,75,75,75,75],"card_choices":[{"not_picked":["Cold Snap","Stack"],"picked":"Leap","floor":1},{"not_picked":["Stack","Sweeping Beam"],"picked":"White Noise","floor":3},{"not_picked":["Sweeping Beam","Hologram"],"picked":"Recycle","floor":7},{"not_picked":["Blizzard","Glacier","Gash"],"picked":"SKIP","floor":8},{"not_picked":["Streamline","Auto Shields"],"picked":"Storm","floor":12},{"not_picked":["Gash","Redo","Capacitor"],"picked":"SKIP","floor":14},{"not_picked":["Reboot","All For One"],"picked":"Electrodynamics","floor":16},{"not_picked":["Leap"],"picked":"SKIP","floor":18},{"not_picked":[],"picked":"Darkness","floor":19},{"not_picked":[],"picked":"Melter","floor":23},{"not_picked":["Consume+1"],"picked":"SKIP","floor":31},{"not_picked":[],"picked":"Meteor Strike","floor":33},{"not_picked":[],"picked":"Darkness+1","floor":34},{"not_picked":[],"picked":"Sunder+1","floor":35},{"not_picked":["Barrage"],"picked":"SKIP","floor":37},{"not_picked":[],"picked":"Bandage Up+1","floor":38},{"not_picked":[],"picked":"Stack+1","floor":45}],"player_experience":533021,"relics_obtained":[{"floor":9,"key":"Dead Branch"},{"floor":23,"key":"Tiny Chest"},{"floor":26,"key":"Toxic Egg 2"},{"floor":31,"key":"Art of War"},{"floor":41,"key":"Ginger"},{"floor":43,"key":"Bag of Marbles"}],"event_choices":[{"damage_healed":0,"gold_gain":0,"player_choice":"Entered Light","damage_taken":15,"max_hp_gain":0,"max_hp_loss":0,"event_name":"Shining Light","floor":4,"gold_loss":0,"cards_upgraded":["Defend_B","White Noise"]},{"damage_healed":0,"gold_gain":0,"player_choice":"Grow","damage_taken":0,"max_hp_gain":0,"max_hp_loss":0,"event_name":"Living Wall","floor":11,"gold_loss":0,"cards_upgraded":["Doom and Gloom"]},{"damage_healed":0,"gold_gain":0,"player_choice":"Simplicity","damage_taken":0,"max_hp_gain":0,"max_hp_loss":0,"event_name":"Back to Basics","floor":21,"gold_loss":0,"cards_upgraded":["Strike_B","Strike_B","Strike_B","Strike_B","Defend_B","Defend_B"]},{"damage_healed":0,"gold_gain":0,"player_choice":"Obtained Relic","damage_taken":0,"relics_obtained":["Girya"],"max_hp_gain":0,"max_hp_loss":0,"event_name":"Addict","floor":22,"gold_loss":85},{"damage_healed":0,"gold_gain":0,"player_choice":"Ignored","damage_taken":0,"max_hp_gain":0,"max_hp_loss":0,"event_name":"Beggar","floor":25,"gold_loss":0},{"damage_healed":0,"gold_gain":0,"player_choice":"Memory 2","damage_taken":5,"max_hp_gain":0,"max_hp_loss":0,"event_name":"SensoryStone","floor":38,"gold_loss":0},{"damage_healed":0,"gold_gain":0,"player_choice":"Fight","damage_taken":0,"max_hp_gain":0,"max_hp_loss":0,"event_name":"Mysterious Sphere","floor":41,"gold_loss":0}],"is_beta":true,"boss_relics":[{"not_picked":["Empty Cage","Astrolabe"],"picked":"Busted Crown"},{"not_picked":["Philosopher\u0027s Stone","Pandora\u0027s Box"],"picked":"Orrery"}],"items_purged_floors":[],"is_endless":false,"potions_floor_spawned":[3,7,14,23,35,37],"killed_by":"Giant Head","ascension_level":2}