{"path_per_floor":["M","M","$","?","?","R","E","M","T","?","T","R","M","M","R","B",null,"M","M"],"character_chosen":"IRONCLAD","items_purchased":["Flame Barrier","Heavy Blade"],"gold_per_floor":[110,123,27,27,102,102,130,148,148,148,203,203,214,233,233,328,328,348,361,361],"floor_reached":20,"campfire_rested":1,"playtime":575,"current_hp_per_floor":[67,66,66,66,55,55,53,44,54,36,36,36,28,34,61,65,84,90,58,0],"items_purged":[],"gold":361,"score":235,"play_id":"d88aceef-5da0-48cf-8881-b0dae39681b3","local_time":"20180520131706","is_prod":false,"is_daily":false,"chose_seed":false,"is_ascension_mode":true,"campfire_upgraded":2,"timestamp":1526836626,"campfire_choices":[{"data":"Inflame","floor":6,"key":"SMITH"},{"data":"Flame Barrier","floor":12,"key":"SMITH"},{"floor":15,"key":"REST"}],"path_taken":["M","M","?","?","?","R","E","?","T","?","?","R","M","M","R","BOSS","M","M","?"],"build_version":"2018-05-17","seed_source_timestamp":12643037363954,"purchased_purges":0,"victory":false,"master_deck":["Strike_R","Strike_R","Strike_R","Defend_R","Defend_R","Defend_R","Bash","Inflame+1","Pummel","Flame Barrier+1","Heavy Blade+1","Battle Trance+1","Thunderclap","Brutality","Feel No Pain+1","Body Slam+1","Wild Strike+1","Pommel Strike+1"],"max_hp_per_floor":[80,80,80,80,80,80,80,80,90,90,90,90,90,90,90,90,90,90,90,90],"relics":["Burning Blood","Gremlin Horn","Pear","Oddly Smooth Stone","Astrolabe"],"card_choices":[{"not_picked":["Anger","Armaments"],"picked":"Inflame","floor":1},{"not_picked":["Evolve","Wild Strike"],"picked":"Pummel","floor":2},{"not_picked":["Sword Boomerang","Rampage"],"picked":"Battle Trance","floor":7},{"not_picked":["Rampage","Clash"],"picked":"Thunderclap","floor":8},{"not_picked":["Perfected Strike","Anger","Searing Blow"],"picked":"SKIP","floor":13},{"not_picked":["Sentinel","Perfected Strike","Metallicize"],"picked":"SKIP","floor":14},{"not_picked":["Barricade","Exhume"],"picked":"Brutality","floor":16},{"not_picked":["Shockwave","Body Slam"],"picked":"Pommel Strike+1","floor":18},{"not_picked":["Shockwave","Rage","Perfected Strike"],"picked":"SKIP","floor":19}],"player_experience":201674,"potions_floor_usage":[14,16,16,16],"damage_taken":[{"damage":11,"enemies":"Cultist","floor":1,"turns":4},{"damage":7,"enemies":"Small Slimes","floor":2,"turns":4},{"damage":8,"enemies":"Gremlin Nob","floor":7,"turns":3},{"damage":15,"enemies":"2 Louse","floor":8,"turns":2},{"damage":14,"enemies":"Exordium Wildlife","floor":13,"turns":4},{"damage":0,"enemies":"Blue Slaver","floor":14,"turns":4},{"damage":11,"enemies":"The Guardian","floor":16,"turns":7},{"damage":0,"enemies":"Chosen","floor":18,"turns":6},{"damage":38,"enemies":"Shell Parasite","floor":19,"turns":5},{"damage":62,"enemies":"Masked Bandits","floor":20,"turns":3}],"relics_obtained":[{"floor":7,"key":"Gremlin Horn"},{"floor":9,"key":"Pear"},{"floor":11,"key":"Oddly Smooth Stone"}],"event_choices":[{"event_name":"The Cleric","player_choice":"Leave","floor":4,"damage_taken":0},{"event_name":"World of Goop","player_choice":"Gather Gold","floor":5,"damage_taken":0},{"event_name":"Shining Light","player_choice":"Entered Light","floor":10,"damage_taken":0},{"event_name":"Masked Bandits","player_choice":"Fought over 361 gold","floor":20,"damage_taken":0}],"boss_relics":[{"not_picked":["Calling Bell","Lizard Tail"],"picked":"Astrolabe"}],"potions_floor_spawned":[2,8,13,14],"seed_played":"6421305457153263528","killed_by":"Masked Bandits","ascension_level":7,"potions_obtained":[{"floor":2,"key":"Energy Potion"},{"floor":8,"key":"Weak Potion"},{"floor":13,"key":"SteroidPotion"},{"floor":14,"key":"BloodPotion"}],"is_trial":false}