{"gold_per_floor":[117,117,127,141,156,191,191,191,191,203,203,232,134,149,149,252,252,233,233,251,251,60,60,60],"floor_reached":24,"playtime":1022,"items_purged":["Strike_B","Strike_B"],"score":288,"play_id":"7e4e7aee-b1a7-498d-b0b7-1ae3ae68f6c1","local_time":"20190119155717","is_ascension_mode":true,"campfire_choices":[{"data":"Zap","floor":8,"key":"SMITH"},{"data":"Zap","floor":11,"key":"SMITH"},{"data":"Go for the Eyes","floor":15,"key":"SMITH"},{"data":"Flash of Steel","floor":23,"key":"SMITH"}],"neow_cost":"NONE","seed_source_timestamp":468535803190835,"circlet_count":0,"master_deck":["Strike_B","Strike_B","Defend_B","Defend_B","Defend_B","Defend_B","Zap+1","Dualcast","Go for the Eyes+1","Zap+1","Self Repair+1","Chill","Cold Snap","Glacier+1","Leap+1","Chaos+1","Core Surge","Coolheaded+1","Hologram+1","Conserve Battery+1","Flash of Steel+1"],"special_seed":0,"relics":["Cracked Core","Oddly Smooth Stone","Mummified Hand","Toxic Egg 2","Dodecahedron","Eternal Feather"],"potions_floor_usage":[12],"damage_taken":[{"damage":7.0,"enemies":"Jaw Worm","floor":1.0,"turns":4.0},{"damage":0,"enemies":"Cultist","floor":3,"turns":3},{"damage":2,"enemies":"Small Slimes","floor":4,"turns":3},{"damage":5,"enemies":"Blue Slaver","floor":5,"turns":3},{"damage":26,"enemies":"3 Sentries","floor":6,"turns":9},{"damage":9,"enemies":"2 Fungi Beasts","floor":10,"turns":4},{"damage":4,"enemies":"Lagavulin","floor":12,"turns":7},{"damage":0,"enemies":"Exordium Wildlife","floor":14,"turns":3},{"damage":34,"enemies":"Hexaghost","floor":16,"turns":15},{"damage":16,"enemies":"2 Thieves","floor":18,"turns":4},{"damage":0,"enemies":"Shell Parasite","floor":20,"turns":10},{"damage":77,"enemies":"Gremlin Leader","floor":24,"turns":9}],"seed_played":"8872915461832924703","potions_obtained":[{"floor":1.0,"key":"Strength Potion"},{"floor":6,"key":"GamblersBrew"},{"floor":14,"key":"Dexterity Potion"},{"floor":18,"key":"FearPotion"}],"is_trial":false,"path_per_floor":["M","?","M","M","M","E","?","R","T","M","R","E","$","M","R","B",null,"M","?","M","?","$","R","E"],"character_chosen":"DEFECT","items_purchased":["Leap+1","Flash of Steel"],"campfire_rested":0,"item_purchase_floors":[13,22],"current_hp_per_floor":[61,61,61,66,68,49,49,49,49,47,47,50,50,57,57,30,64,55,55,62,62,62,74,0],"gold":60,"neow_bonus":"RANDOM_COMMON_RELIC","is_prod":false,"is_daily":false,"chose_seed":false,"campfire_upgraded":4,"win_rate":0,"timestamp":1547931437,"path_taken":["M","?","?","M","M","E","?","R","T","M","R","E","$","?","R","BOSS","M","?","M","?","$","R","E"],"build_version":"2019-01-17v2","purchased_purges":2,"victory":false,"max_hp_per_floor":[75,75,75,75,75,75,75,75,75,75,75,75,75,75,75,75,75,75,75,75,75,75,75,75],"card_choices":[{"not_picked":["White Noise","Hologram"],"picked":"Go for the Eyes","floor":1.0},{"not_picked":["Darkness","Steam Power"],"picked":"Self Repair","floor":3},{"not_picked":["Darkness","Static Discharge"],"picked":"Chill","floor":4},{"not_picked":["Barrage","Beam Cell","Ball Lightning"],"picked":"SKIP","floor":5},{"not_picked":["Barrage","Beam Cell","Ball Lightning"],"picked":"SKIP","floor":5},{"not_picked":["Rebound","Doom and Gloom","Beam Cell"],"picked":"SKIP","floor":6},{"not_picked":["Auto Shields+1","Barrage"],"picked":"Cold Snap","floor":10},{"not_picked":["Doom and Gloom","Streamline"],"picked":"Glacier+1","floor":12},{"not_picked":["Turbo+1","Force Field+1"],"picked":"Chaos+1","floor":14},{"not_picked":["Electrodynamics","Rainbow+1"],"picked":"Core Surge","floor":16},{"not_picked":["Ball Lightning","Go for the Eyes"],"picked":"Coolheaded+1","floor":18},{"not_picked":["Ball Lightning","Stack+1"],"picked":"Conserve Battery+1","floor":20}],"player_experience":432720,"relics_obtained":[{"floor":6,"key":"Mummified Hand"},{"floor":9,"key":"Toxic Egg 2"},{"floor":12,"key":"Dodecahedron"}],"event_choices":[{"damage_healed":0,"gold_gain":0,"player_choice":"1 cards matched","damage_taken":0,"max_hp_gain":0,"max_hp_loss":0,"event_name":"Match and Keep!","floor":2,"gold_loss":0,"cards_obtained":["Zap"]},{"damage_healed":0,"gold_gain":0,"player_choice":"Bought 0 Potions","damage_taken":0,"max_hp_gain":0,"max_hp_loss":0,"event_name":"The Woman in Blue","floor":7,"gold_loss":0},{"damage_healed":0,"gold_gain":0,"player_choice":"Read","damage_taken":0,"max_hp_gain":0,"max_hp_loss":0,"event_name":"The Library","floor":19,"gold_loss":0,"cards_obtained":["Hologram"]},{"damage_healed":0,"gold_gain":0,"player_choice":"Upgraded","damage_taken":0,"max_hp_gain":0,"max_hp_loss":0,"event_name":"Upgrade Shrine","floor":21,"gold_loss":0,"cards_upgraded":["Self Repair"]}],"is_beta":false,"boss_relics":[{"not_picked":["Snecko Eye","Ectoplasm"],"picked":"Eternal Feather"}],"items_purged_floors":[13,22],"is_endless":false,"potions_floor_spawned":[1,6,14,18,20],"killed_by":"Gremlin Leader","ascension_level":8}