{"gold_per_floor":[111,128,128,53,53,53,53,73,73,73,111,127,127,148,148,242,242,258,274,9,32,32,32,53,53,104,124,124,124],"floor_reached":29,"playtime":1089,"items_purged":["Strike_R"],"score":500,"play_id":"a4a82537-ab56-41e0-9075-2bee4fcdbf8d","local_time":"20190127164555","is_ascension_mode":true,"campfire_choices":[{"data":"Fiend Fire","floor":6,"key":"SMITH"},{"data":"Evolve","floor":10,"key":"SMITH"},{"data":"Pommel Strike","floor":13,"key":"SMITH"},{"data":"Iron Wave","floor":15,"key":"SMITH"},{"data":"Dark Embrace","floor":23,"key":"SMITH"},{"floor":25,"key":"REST"}],"neow_cost":"NONE","seed_source_timestamp":11573508322568,"circlet_count":0,"master_deck":["AscendersBane","Strike_R","Strike_R","Strike_R","Defend_R","Defend_R","Defend_R","Defend_R","Bash","Fiend Fire+1","Wild Strike","Pommel Strike+1","Evolve+1","Iron Wave+1","Double Tap","Iron Wave","Dark Embrace+1","Headbutt+1","Power Through+1","Feel No Pain","Shrug It Off","Pummel+1","Pain","Clothesline+1","True Grit"],"relics":["Burning Blood","Golden Idol","Pocketwatch","Calipers","Mark of Pain","WarpedTongs","Oddly Smooth Stone"],"potions_floor_usage":[12,16,24,29,29],"damage_taken":[{"damage":3,"enemies":"2 Louse","floor":1,"turns":3},{"damage":10,"enemies":"Small Slimes","floor":2,"turns":3},{"damage":0,"enemies":"Cultist","floor":8,"turns":3},{"damage":0,"enemies":"Lagavulin","floor":11,"turns":3},{"damage":22,"enemies":"Gremlin Gang","floor":12,"turns":5},{"damage":8,"enemies":"Blue Slaver","floor":14,"turns":3},{"damage":14,"enemies":"Hexaghost","floor":16,"turns":7},{"damage":9,"enemies":"3 Byrds","floor":18,"turns":6},{"damage":32,"enemies":"Shell Parasite","floor":19,"turns":4},{"damage":1,"enemies":"Snecko","floor":21,"turns":4},{"damage":22,"enemies":"Snake Plant","floor":24,"turns":6},{"damage":58,"enemies":"3 Cultists","floor":27,"turns":7},{"damage":10,"enemies":"Centurion and Healer","floor":29,"turns":1}],"seed_played":"-4773906505959174153","potions_obtained":[{"floor":11,"key":"FearPotion"},{"floor":14,"key":"Strength Potion"},{"floor":21,"key":"Regen Potion"},{"floor":24,"key":"PowerPotion"}],"is_trial":false,"path_per_floor":["M","M","?","$","?","R","?","M","T","R","E","M","R","M","R","B",null,"M","M","$","M","?","R","M","R","T","M","?","M"],"character_chosen":"IRONCLAD","items_purchased":["Evolve","Feel No Pain","Shrug It Off","PowerPotion"],"campfire_rested":1,"item_purchase_floors":[4,20,20,20],"current_hp_per_floor":[71,67,41,41,41,41,41,47,47,47,53,37,37,35,35,27,63,60,34,34,39,39,39,37,59,59,7,7,0],"gold":124,"neow_bonus":"ONE_RANDOM_RARE_CARD","is_prod":false,"is_daily":false,"chose_seed":false,"campfire_upgraded":5,"win_rate":0,"timestamp":1548603955,"path_taken":["M","M","?","$","?","R","?","M","T","R","E","M","R","?","R","BOSS","M","M","$","?","?","R","M","R","T","?","?","M"],"build_version":"2019-01-23","purchased_purges":1,"victory":false,"max_hp_per_floor":[75,75,75,75,75,75,75,75,75,75,75,75,75,75,75,75,75,75,75,75,75,75,75,75,75,75,75,75,75],"card_choices":[{"not_picked":["Warcry","Thunderclap"],"picked":"Wild Strike","floor":1},{"not_picked":["Searing Blow","Rupture"],"picked":"Pommel Strike","floor":2},{"not_picked":["Thunderclap","Armaments","Infernal Blade"],"picked":"SKIP","floor":8},{"not_picked":["Sever Soul","Infernal Blade"],"picked":"Iron Wave","floor":11},{"not_picked":["Intimidate","Evolve"],"picked":"Double Tap","floor":12},{"not_picked":["Rupture","Dropkick"],"picked":"Iron Wave","floor":14},{"not_picked":["Feed","Limit Break"],"picked":"Dark Embrace","floor":16},{"not_picked":["Fire Breathing","Twin Strike"],"picked":"Headbutt+1","floor":18},{"not_picked":["Warcry","Clash"],"picked":"Power Through+1","floor":19},{"not_picked":["Pommel Strike","Evolve"],"picked":"Pummel+1","floor":21},{"not_picked":["Perfected Strike","Anger+1"],"picked":"Clothesline+1","floor":24},{"not_picked":["Havoc","Cleave"],"picked":"True Grit","floor":27}],"player_experience":923903,"relics_obtained":[{"floor":9,"key":"Pocketwatch"},{"floor":11,"key":"Calipers"},{"floor":26,"key":"Oddly Smooth Stone"}],"event_choices":[{"damage_healed":0,"gold_gain":0,"player_choice":"Take Damage","damage_taken":26,"relics_obtained":["Golden Idol"],"max_hp_gain":0,"max_hp_loss":0,"event_name":"Golden Idol","floor":3,"gold_loss":0},{"damage_healed":0,"gold_gain":0,"player_choice":"Ignored","damage_taken":0,"max_hp_gain":0,"max_hp_loss":0,"event_name":"Liars Game","floor":5,"gold_loss":0},{"cards_removed":["Strike_R"],"damage_healed":0,"gold_gain":0,"player_choice":"Purged","damage_taken":0,"max_hp_gain":0,"max_hp_loss":0,"event_name":"Purifier","floor":7,"gold_loss":0},{"damage_healed":0,"gold_gain":0,"player_choice":"Rummage","damage_taken":0,"relics_obtained":["WarpedTongs"],"max_hp_gain":0,"max_hp_loss":0,"event_name":"Accursed Blacksmith","floor":22,"gold_loss":0,"cards_obtained":["Pain"]},{"damage_healed":0,"gold_gain":0,"player_choice":"Ignored","damage_taken":0,"max_hp_gain":0,"max_hp_loss":0,"event_name":"Cursed Tome","floor":28,"gold_loss":0}],"is_beta":true,"boss_relics":[{"not_picked":["Pandora\u0027s Box","Orrery"],"picked":"Mark of Pain"}],"items_purged_floors":[20],"is_endless":false,"potions_floor_spawned":[11,14,21,24],"killed_by":"Centurion and Healer","ascension_level":20}