{"gold_per_floor":[117,136,150,150,77,77,41,41,71,85,125,145,181,181,181,302,302,327,327,132,150,166,166,166],"floor_reached":24,"playtime":1085,"items_purged":[],"score":231,"play_id":"7c66c9b9-7f7e-418a-9571-4775306790df","local_time":"20190215025412","is_ascension_mode":false,"campfire_choices":[{"floor":6,"key":"REST"},{"floor":15,"key":"REST"},{"floor":23,"key":"REST"}],"neow_cost":"PERCENT_DAMAGE","seed_source_timestamp":99378916877876,"circlet_count":0,"master_deck":["Strike_B","Strike_B","Strike_B","Strike_B","Defend_B","Defend_B","Defend_B","Defend_B","Zap","Dualcast","Conserve Battery","Thunder Strike","Self Repair","Amplify","Melter","Stack","Regret","Multi-Cast","Regret","Regret","Regret","Defragment+1","Apotheosis","Ball Lightning+1"],"relics":["Cracked Core","Pocketwatch","Golden Idol","Tiny Chest","DataDisk","Bottled Tornado","Vajra","Calling Bell","Dream Catcher","Molten Egg 2","WingedGreaves","FaceOfCleric"],"potions_floor_usage":[10,10,11,13,16,21],"damage_taken":[{"damage":1,"enemies":"Cultist","floor":1,"turns":4},{"damage":1,"enemies":"Jaw Worm","floor":2,"turns":3},{"damage":0,"enemies":"Small Slimes","floor":3,"turns":3},{"damage":7,"enemies":"3 Louse","floor":10,"turns":3},{"damage":42,"enemies":"Gremlin Nob","floor":11,"turns":5},{"damage":2,"enemies":"Blue Slaver","floor":12,"turns":4},{"damage":19,"enemies":"Lagavulin","floor":13,"turns":7},{"damage":51,"enemies":"Slime Boss","floor":16,"turns":7},{"damage":57,"enemies":"Chosen","floor":18,"turns":5},{"damage":28,"enemies":"Spheric Guardian","floor":21,"turns":3},{"damage":5,"enemies":"Snecko","floor":22,"turns":3},{"damage":24,"enemies":"Centurion and Healer","floor":24,"turns":3}],"seed_played":"-3972495425415742011","potions_obtained":[{"floor":2,"key":"EntropicBrew"},{"floor":11,"key":"SpeedPotion"},{"floor":12,"key":"SteroidPotion"},{"floor":18,"key":"Poison Potion"}],"is_trial":false,"path_per_floor":["M","M","M","?","$","R","$","?","T","M","E","M","E","?","R","B",null,"M","?","$","M","M","R","M"],"character_chosen":"DEFECT","items_purchased":["Thunder Strike","Self Repair","Apotheosis"],"campfire_rested":3,"item_purchase_floors":[5,7,20],"current_hp_per_floor":[53,52,52,52,52,74,74,56,56,56,28,40,35,35,57,6,75,25,25,25,15,21,44,20],"gold":166,"neow_bonus":"ONE_RARE_RELIC","is_prod":false,"is_daily":false,"chose_seed":false,"campfire_upgraded":0,"win_rate":0,"timestamp":1550211852,"path_taken":["M","?","M","?","$","R","$","?","T","M","E","M","E","?","R","BOSS","M","?","$","M","?","R","M"],"build_version":"2019-02-06","purchased_purges":0,"victory":false,"max_hp_per_floor":[75,75,75,75,75,75,75,75,75,75,75,75,75,75,75,75,75,75,75,75,76,77,77,77],"card_choices":[{"not_picked":["Compile Driver","Redo","Go for the Eyes"],"picked":"SKIP","floor":1},{"not_picked":["Sweeping Beam","Cold Snap"],"picked":"Conserve Battery","floor":2},{"not_picked":["Turbo","Ball Lightning","Gash"],"picked":"SKIP","floor":3},{"not_picked":["Leap","Ball Lightning"],"picked":"Amplify","floor":10},{"not_picked":["Compile Driver","Coolheaded"],"picked":"Melter","floor":11},{"not_picked":["Cold Snap","Turbo","Ball Lightning"],"picked":"SKIP","floor":12},{"not_picked":["Conserve Battery","Turbo"],"picked":"Stack","floor":13},{"not_picked":["Seek","All For One"],"picked":"Multi-Cast","floor":16},{"not_picked":["Conserve Battery+1","Rebound+1"],"picked":"Defragment+1","floor":18},{"not_picked":["Redo","Cold Snap+1","Hologram"],"picked":"SKIP","floor":21},{"not_picked":["Consume+1","Stack"],"picked":"Ball Lightning+1","floor":22}],"player_experience":637348,"relics_obtained":[{"floor":9,"key":"Tiny Chest"},{"floor":11,"key":"DataDisk"},{"floor":13,"key":"Bottled Tornado"},{"floor":17,"key":"Dream Catcher"},{"floor":17,"key":"Molten Egg 2"},{"floor":17,"key":"WingedGreaves"}],"event_choices":[{"damage_healed":0,"gold_gain":0,"player_choice":"Ignored","damage_taken":0,"max_hp_gain":0,"max_hp_loss":0,"event_name":"Golden Wing","floor":4,"gold_loss":0},{"damage_healed":0,"gold_gain":0,"player_choice":"Take Damage","damage_taken":18,"relics_obtained":["Golden Idol"],"max_hp_gain":0,"max_hp_loss":0,"event_name":"Golden Idol","floor":8,"gold_loss":0},{"damage_healed":0,"gold_gain":0,"player_choice":"Box","damage_taken":0,"relics_obtained":["Vajra"],"max_hp_gain":0,"max_hp_loss":0,"event_name":"Big Fish","floor":14,"gold_loss":0,"cards_obtained":["Regret"]},{"damage_healed":0,"gold_gain":0,"player_choice":"Trade","damage_taken":0,"relics_obtained":["FaceOfCleric"],"max_hp_gain":0,"max_hp_loss":0,"event_name":"FaceTrader","floor":19,"gold_loss":0}],"is_beta":true,"boss_relics":[{"not_picked":["Philosopher\u0027s Stone","Fusion Hammer"],"picked":"Calling Bell"}],"items_purged_floors":[],"is_endless":false,"potions_floor_spawned":[2,11,12,18],"killed_by":"Centurion and Healer","ascension_level":0}