{"gold_per_floor":[112,112,127,127,143,143,143,143,143,178,178,206,221,239,239,316,316,331,781,798,398,427,427],"floor_reached":23,"playtime":1345,"items_purged":["Strike_R"],"score":398,"play_id":"5df8c243-1d09-46d7-abd9-79158b68e97a","local_time":"20190126122217","is_ascension_mode":true,"campfire_choices":[{"data":"Armaments","floor":6,"key":"SMITH"},{"data":"Shockwave","floor":8,"key":"SMITH"},{"data":"Intimidate","floor":11,"key":"SMITH"},{"floor":15,"key":"REST"}],"neow_cost":"TEN_PERCENT_HP_LOSS","seed_source_timestamp":220764572852,"circlet_count":0,"master_deck":["AscendersBane","Strike_R","Strike_R","Defend_R","Defend_R","Defend_R","Bash","Burning Pact","Armaments+1","Intimidate+1","Cleave","Metallicize","Shockwave+1","Brutality","Impervious","Rupture","Impervious","Second Wind","Headbutt","True Grit","Reaper","Feel No Pain+1","Inflame","Double Tap","Carnage+1","Uppercut+1"],"relics":["Burning Blood","Prayer Wheel","Ginger","Mercury Hourglass","Fusion Hammer","Molten Egg 2","Red Mask"],"potions_floor_usage":[22,22,23],"damage_taken":[{"damage":14,"enemies":"Jaw Worm","floor":1,"turns":5},{"damage":8,"enemies":"Small Slimes","floor":3,"turns":6},{"damage":0,"enemies":"2 Louse","floor":5,"turns":3},{"damage":28,"enemies":"Lagavulin","floor":10,"turns":8},{"damage":28,"enemies":"3 Sentries","floor":12,"turns":9},{"damage":4,"enemies":"Exordium Thugs","floor":13,"turns":5},{"damage":2,"enemies":"Red Slaver","floor":14,"turns":4},{"damage":14,"enemies":"Slime Boss","floor":16,"turns":11},{"damage":9,"enemies":"Chosen","floor":18,"turns":7},{"damage":13,"enemies":"Shell Parasite","floor":20,"turns":8},{"damage":15,"enemies":"Masked Bandits","floor":22,"turns":4},{"damage":34,"enemies":"Slavers","floor":23,"turns":2}],"seed_played":"-747990494988504357","potions_obtained":[{"floor":14,"key":"LiquidBronze"},{"floor":16,"key":"Energy Potion"},{"floor":22,"key":"Block Potion"}],"is_trial":false,"path_per_floor":["M","?","M","?","M","R","?","R","T","E","R","E","M","M","R","B",null,"M","?","M","$","?","E"],"character_chosen":"IRONCLAD","items_purchased":["Molten Egg 2","Carnage+1"],"campfire_rested":1,"item_purchase_floors":[21,21],"current_hp_per_floor":[60,60,58,51,57,57,57,57,57,35,35,13,15,19,39,31,59,62,26,26,26,17,0],"gold":427,"neow_bonus":"TRANSFORM_TWO_CARDS","is_prod":false,"is_daily":false,"chose_seed":false,"campfire_upgraded":3,"win_rate":0,"timestamp":1548501737,"path_taken":["M","?","M","?","M","R","?","R","T","E","R","E","M","?","R","BOSS","M","?","?","$","?","E"],"build_version":"2019-01-23","purchased_purges":1,"victory":false,"max_hp_per_floor":[68,68,68,68,68,68,68,68,68,68,68,68,68,68,68,68,68,68,68,68,68,68,68],"card_choices":[{"not_picked":["Twin Strike","Sword Boomerang"],"picked":"Armaments","floor":1},{"not_picked":["Evolve","Hemokinesis"],"picked":"Cleave","floor":3},{"not_picked":["Pommel Strike","Thunderclap"],"picked":"Metallicize","floor":5},{"not_picked":["Sword Boomerang","Iron Wave"],"picked":"Impervious","floor":10},{"not_picked":["Pommel Strike","Entrench"],"picked":"Rupture","floor":12},{"not_picked":["Bloodletting","Heavy Blade"],"picked":"Impervious","floor":13},{"not_picked":["Clash","Sword Boomerang"],"picked":"Second Wind","floor":13},{"not_picked":["Second Wind","Havoc"],"picked":"Headbutt","floor":14},{"not_picked":["Clothesline","Anger"],"picked":"True Grit","floor":14},{"not_picked":["Double Tap","Impervious"],"picked":"Reaper","floor":16},{"not_picked":["Clash","Body Slam"],"picked":"Feel No Pain+1","floor":18},{"not_picked":["Pommel Strike","Cleave","Searing Blow"],"picked":"SKIP","floor":18},{"not_picked":["Twin Strike","Second Wind"],"picked":"Inflame","floor":20},{"not_picked":["Pommel Strike","Havoc"],"picked":"Double Tap","floor":20},{"not_picked":["Disarm","Clothesline+1"],"picked":"Uppercut+1","floor":22}],"player_experience":914293,"relics_obtained":[{"floor":9,"key":"Prayer Wheel"},{"floor":10,"key":"Ginger"},{"floor":12,"key":"Mercury Hourglass"},{"floor":22,"key":"Red Mask"}],"event_choices":[{"damage_healed":0,"gold_gain":0,"cards_transformed":["Blood for Blood"],"player_choice":"Change","damage_taken":0,"max_hp_gain":0,"max_hp_loss":0,"event_name":"Living Wall","floor":2,"gold_loss":0,"cards_obtained":["Intimidate"]},{"cards_removed":["Defend_R"],"damage_healed":0,"gold_gain":0,"player_choice":"Card Removal","damage_taken":7,"max_hp_gain":0,"max_hp_loss":0,"event_name":"Golden Wing","floor":4,"gold_loss":0},{"damage_healed":0,"gold_gain":0,"player_choice":"2 cards matched","damage_taken":0,"max_hp_gain":0,"max_hp_loss":0,"event_name":"Match and Keep!","floor":7,"gold_loss":0,"cards_obtained":["Shockwave","Brutality"]},{"damage_healed":0,"gold_gain":450,"player_choice":"GOLD GOLD GOLD GOLD GOLD ","damage_taken":36,"max_hp_gain":0,"max_hp_loss":0,"event_name":"Knowing Skull","floor":19,"potions_obtained":[],"gold_loss":0,"cards_obtained":[]},{"damage_healed":0,"gold_gain":0,"player_choice":"Fought Bandits","damage_taken":0,"max_hp_gain":0,"max_hp_loss":0,"event_name":"Masked Bandits","floor":22,"gold_loss":0}],"is_beta":true,"boss_relics":[{"not_picked":["Runic Pyramid","Astrolabe"],"picked":"Fusion Hammer"}],"items_purged_floors":[21],"is_endless":false,"potions_floor_spawned":[14,16,22],"killed_by":"Slavers","ascension_level":20}