{"path_per_floor":["M","?","M","?","M","R","$","?","T","?","M","M","R","$","R","B",null,"M","M","?","M","$","R","T","M","T","M","R","$","?","?","R","B",null,"M","$","M","M","?","M","R","$","T","$","M","$","M","$","R"],"character_chosen":"THE_SILENT","items_purchased":["Noxious Fumes","Dream Catcher","Membership Card","Corpse Explosion","Catalyst","Regen Potion","Regen Potion"],"gold_per_floor":[113,188,202,202,218,218,140,140,140,140,152,166,166,16,16,115,115,129,147,147,162,87,87,87,104,404,422,422,14,14,14,14,118,118,138,38,48,67,67,83,83,29,53,12,31,31,41,1,1],"floor_reached":50,"campfire_rested":6,"playtime":4255,"current_hp_per_floor":[70,59,56,56,56,70,70,70,70,70,65,63,63,63,63,59,70,60,60,60,34,34,55,55,34,34,25,46,46,46,46,67,39,70,68,68,65,64,55,27,48,48,48,48,30,30,30,30,51],"items_purged":["Predator","Accuracy","Decay"],"gold":1,"score":382,"play_id":"b29e062d-f9ce-4c77-9391-04497799e288","local_time":"20180304222444","is_prod":false,"is_daily":false,"is_ascension_mode":false,"campfire_upgraded":2,"timestamp":1520214884,"path_taken":["M","?","M","?","M","R","$","?","T","?","?","M","R","?","R","BOSS","M","M","?","M","$","R","?","M","T","M","R","?","?","?","R","BOSS","M","?","M","M","?","M","R","$","T","$","M","$","M","$","R","BOSS"],"build_version":"2018-03-01-PROD1","purchased_purges":3,"victory":false,"master_deck":["Survivor","Neutralize","Bouncing Flask","Dash","Backflip","Noxious Fumes+1","Backstab","After Image+1","Night Terror","Cloak And Dagger","Prepared","Underhanded Strike","Endless Agony","Flying Knee","Deflect","Deflect","PiercingWail+1","Bane+1","Catalyst","Acrobatics","Distraction+1","Calculated Gamble","Corpse Explosion","Dodge and Roll+1","Burst","Bane+1","Dagger Spray+1","Madness","Madness","Backstab","Prepared+1","Catalyst","Envenom"],"max_hp_per_floor":[70,70,70,70,70,70,70,70,70,70,70,70,70,70,70,70,70,70,70,70,70,70,70,70,70,70,70,70,70,70,70,70,70,70,70,70,70,70,70,70,70,70,70,70,70,70,70,70,70],"relics":["Ring of the Snake","Frozen Eye","Dream Catcher","Pandora\u0027s Box","Tough Bandages","Old Coin","Membership Card","The Specimen","Bag of Marbles"],"card_choices":[{"not_picked":["Acrobatics","Slice"],"picked":"Bouncing Flask"},{"not_picked":["Choke","Acrobatics"],"picked":"Dash"},{"not_picked":["PiercingWail","Crippling Poison"],"picked":"Backstab"},{"not_picked":["PiercingWail","Bouncing Flask"],"picked":"After Image"},{"not_picked":["Glass Knife","Tactician"],"picked":"Night Terror"},{"not_picked":["Poisoned Stab","Quick Slash"],"picked":"PiercingWail"},{"not_picked":["Bouncing Flask","Dagger Throw"],"picked":"Bane"},{"not_picked":["Sucker Punch","Caltrops"],"picked":"Acrobatics"},{"not_picked":["Footwork","Dagger Throw"],"picked":"Distraction"},{"not_picked":["Finisher","Masterful Stab"],"picked":"Calculated Gamble"},{"not_picked":["Storm of Steel","Dash"],"picked":"Dodge and Roll"},{"not_picked":["Tactician","Unload"],"picked":"Burst"},{"not_picked":["Underhanded Strike","PiercingWail"],"picked":"Bane"},{"not_picked":["Choke","Underhanded Strike"],"picked":"Dagger Spray"},{"not_picked":["Heel Hook","Sucker Punch"],"picked":"Backstab"},{"not_picked":["Terror","Dagger Spray"],"picked":"Prepared"},{"not_picked":["Noxious Fumes","Catalyst"],"picked":"Envenom"}],"player_experience":102868,"potions_floor_usage":[12,16,16,18,19,33,35,38,40,40,45,47,50,50],"damage_taken":[{"damage":0,"enemies":"Small Slimes","floor":1,"turns":3},{"damage":3,"enemies":"Jaw Worm","floor":3,"turns":3},{"damage":0,"enemies":"2 Louse","floor":5,"turns":2},{"damage":5,"enemies":"2 Fungi Beasts","floor":11,"turns":4},{"damage":2,"enemies":"Large Slime","floor":12,"turns":4},{"damage":4,"enemies":"The Guardian","floor":16,"turns":8},{"damage":10,"enemies":"Spheric Guardian","floor":18,"turns":5},{"damage":0,"enemies":"Shell Parasite","floor":19,"turns":5},{"damage":26,"enemies":"Centurion and Healer","floor":21,"turns":7},{"damage":21,"enemies":"Snecko","floor":25,"turns":7},{"damage":9,"enemies":"Snake Plant","floor":27,"turns":4},{"damage":28,"enemies":"Champ","floor":33,"turns":16},{"damage":2,"enemies":"Orb Walker","floor":35,"turns":3},{"damage":3,"enemies":"3 Darklings","floor":37,"turns":6},{"damage":1,"enemies":"Maw","floor":38,"turns":9},{"damage":28,"enemies":"Sphere and 2 Shapes","floor":40,"turns":6},{"damage":30,"enemies":"3 Darklings","floor":45,"turns":5},{"damage":15,"enemies":"Maw","floor":47,"turns":7},{"damage":68,"enemies":"Awakened One","floor":50,"turns":9}],"event_choices":[{"event_name":"World of Goop","player_choice":"Gather Gold","floor":2,"damage_taken":0},{"event_name":"Living Wall","player_choice":"Change","floor":4,"damage_taken":0},{"event_name":"The Cleric","player_choice":"Leave","floor":8,"damage_taken":0},{"event_name":"The Lab","player_choice":"Got Potions","floor":10,"damage_taken":0},{"event_name":"The Library","player_choice":"Read","floor":20,"damage_taken":0},{"event_name":"Beggar","player_choice":"Ignored","floor":30,"damage_taken":0},{"event_name":"Forgotten Altar","player_choice":"Smashed Altar","floor":31,"damage_taken":0},{"event_name":"Winding Halls","player_choice":"Embrace Madness","floor":39,"damage_taken":0}],"boss_relics":[{"not_picked":["Sozu","Snecko Eye"],"picked":"Pandora\u0027s Box"},{"not_picked":["Astrolabe","Velvet Choker"],"picked":"The Specimen"}],"potions_floor_spawned":[11,12,18,25,33,35,38,45,47],"seed_played":"-3190243306624050384","killed_by":"Awakened One","ascension_level":0,"is_trial":false}