{"gold_per_floor":[15,15,28,40,40,40,75,91,91,91,91,109,109,120,120,199,199,215,230,241,256,6,6,26,26,26,44,44,44,44],"floor_reached":30,"playtime":1351,"items_purged":[],"score":468,"play_id":"36bb5c58-730a-4199-b4ed-b18f3bbce381","local_time":"20190210181634","is_ascension_mode":true,"campfire_choices":[{"data":"Bash","floor":6.0,"key":"SMITH"},{"floor":10,"key":"REST"},{"data":"Disarm","floor":13,"key":"SMITH"},{"data":"Body Slam","floor":15,"key":"SMITH"},{"data":"True Grit","floor":23,"key":"SMITH"},{"floor":25,"key":"REST"},{"data":"Second Wind","floor":29,"key":"SMITH"}],"neow_cost":"NO_GOLD","seed_source_timestamp":22086724922278,"circlet_count":0,"master_deck":["AscendersBane","Strike_R","Strike_R","Strike_R","Strike_R","Strike_R","Defend_R","Defend_R","Defend_R","Bash+1","Shrug It Off","Heavy Blade","Body Slam+1","Second Wind+1","Disarm+1","Warcry","Berserk","Metallicize","Metallicize","Offering","Second Wind","Armaments+1","True Grit+1","Power Through","Sentinel+1","Spot Weakness"],"special_seed":0,"relics":["Burning Blood","Dead Branch","Boot","Bottled Lightning","Cursed Key","ClockworkSouvenir","Turnip"],"potions_floor_usage":[7,7,16,19,20,30,30],"damage_taken":[{"damage":16.0,"enemies":"2 Louse","floor":1.0,"turns":3.0},{"damage":3.0,"enemies":"Cultist","floor":3.0,"turns":4.0},{"damage":7.0,"enemies":"Jaw Worm","floor":4.0,"turns":3.0},{"damage":42,"enemies":"Lagavulin","floor":7,"turns":6},{"damage":15,"enemies":"Looter","floor":8,"turns":3},{"damage":8,"enemies":"Lots of Slimes","floor":12,"turns":5},{"damage":0,"enemies":"Gremlin Gang","floor":14,"turns":2},{"damage":4,"enemies":"Hexaghost","floor":16,"turns":7},{"damage":12,"enemies":"3 Byrds","floor":18,"turns":5},{"damage":13,"enemies":"2 Thieves","floor":19,"turns":4},{"damage":22,"enemies":"Chosen and Byrds","floor":20,"turns":6},{"damage":10,"enemies":"Centurion and Healer","floor":21,"turns":5},{"damage":15,"enemies":"3 Cultists","floor":24,"turns":5},{"damage":1,"enemies":"Snake Plant","floor":27,"turns":4},{"damage":53,"enemies":"Slavers","floor":30,"turns":6}],"seed_played":"-5617368672101589865","potions_obtained":[{"floor":1.0,"key":"Swift Potion"},{"floor":4.0,"key":"Weak Potion"},{"floor":14,"key":"PowerPotion"},{"floor":16,"key":"EssenceOfSteel"},{"floor":18,"key":"Weak Potion"},{"floor":19,"key":"Swift Potion"},{"floor":27,"key":"Ancient Potion"}],"is_trial":false,"path_per_floor":["M","?","M","M","?","R","E","M","T","R","?","M","R","M","R","B",null,"M","M","M","M","$","R","M","R","T","M","?","R","E"],"character_chosen":"IRONCLAD","items_purchased":["ClockworkSouvenir","Power Through"],"campfire_rested":2,"item_purchase_floors":[22,22],"current_hp_per_floor":[58,58,61,60,60,60,24,15,15,37,37,35,35,41,41,43,67,61,54,38,34,34,34,25,47,47,52,52,52,0],"gold":44,"neow_bonus":"ONE_RARE_RELIC","is_prod":false,"is_daily":false,"chose_seed":false,"campfire_upgraded":5,"win_rate":0,"timestamp":1549818994,"path_taken":["M","?","M","?","?","R","E","M","T","R","?","?","R","?","R","BOSS","M","M","?","M","$","R","M","R","T","M","?","R","E"],"build_version":"2019-02-06","purchased_purges":0,"victory":false,"max_hp_per_floor":[75,75,75,75,75,75,75,75,75,75,75,75,75,75,75,75,75,75,75,75,75,75,75,75,75,75,75,75,75,75],"card_choices":[{"not_picked":["Thunderclap","Spot Weakness"],"picked":"Shrug It Off","floor":1.0},{"not_picked":["Wild Strike","Combust"],"picked":"Body Slam","floor":3.0},{"not_picked":["Anger","Twin Strike"],"picked":"Second Wind","floor":4.0},{"not_picked":["Pommel Strike","Thunderclap"],"picked":"Disarm","floor":7},{"not_picked":["Bloodletting","Warcry","Burning Pact"],"picked":"SKIP","floor":8},{"not_picked":["Bloodletting","Burning Pact"],"picked":"Warcry","floor":8},{"not_picked":["Pommel Strike","Burning Pact"],"picked":"Metallicize","floor":12},{"not_picked":["Cleave","Havoc"],"picked":"Metallicize","floor":14},{"not_picked":["Immolate","Impervious"],"picked":"Offering","floor":16},{"not_picked":["Wild Strike","Rupture"],"picked":"Second Wind","floor":18},{"not_picked":["Disarm","Heavy Blade"],"picked":"Armaments+1","floor":19},{"not_picked":["Body Slam","Dropkick","Whirlwind"],"picked":"SKIP","floor":20},{"not_picked":["Reckless Charge","Sentinel"],"picked":"True Grit","floor":21},{"not_picked":["Thunderclap","Rampage"],"picked":"Sentinel+1","floor":24},{"not_picked":["Rupture","Heavy Blade"],"picked":"Spot Weakness","floor":27}],"player_experience":966401,"relics_obtained":[{"floor":7,"key":"Boot"},{"floor":9,"key":"Bottled Lightning"},{"floor":26,"key":"Turnip"}],"event_choices":[{"damage_healed":0.0,"max_hp_gain":0.0,"max_hp_loss":0.0,"gold_gain":0.0,"cards_transformed":["Defend_R"],"event_name":"Transmorgrifier","player_choice":"Transformed","floor":2.0,"gold_loss":0.0,"damage_taken":0.0,"cards_obtained":["Heavy Blade"]},{"damage_healed":0.0,"max_hp_gain":0.0,"max_hp_loss":0.0,"gold_gain":0.0,"event_name":"Liars Game","player_choice":"Ignored","floor":5.0,"gold_loss":0.0,"damage_taken":0.0},{"damage_healed":0,"gold_gain":0,"player_choice":"2 cards matched","damage_taken":0,"max_hp_gain":0,"max_hp_loss":0,"event_name":"Match and Keep!","floor":11,"gold_loss":0,"cards_obtained":["Berserk","Clumsy"]},{"cards_removed":["Pain","Clumsy"],"damage_healed":0,"gold_gain":0,"player_choice":"Removed Curses","damage_taken":0,"max_hp_gain":0,"max_hp_loss":0,"event_name":"Fountain of Cleansing","floor":28,"gold_loss":0}],"is_beta":true,"boss_relics":[{"not_picked":["Calling Bell","Busted Crown"],"picked":"Cursed Key"}],"items_purged_floors":[],"is_endless":false,"potions_floor_spawned":[1,4,14,16,18,19,27],"killed_by":"Slavers","ascension_level":20}