{"gold_per_floor":[115,133,133,148,165,165,200,210,233,245,285,24,24,37,37,109,109,124,39,57,57,57,57,92,92,118,118,118,128,108,30,30,30],"floor_reached":33,"playtime":1387,"items_purged":[],"score":519,"play_id":"74380b0c-28bf-4ed8-a550-2d266cd5ed26","local_time":"20190213210041","is_ascension_mode":true,"campfire_choices":[{"data":"Skewer","floor":6.0,"key":"SMITH"},{"floor":10.0,"key":"REST"},{"floor":15,"key":"REST"},{"data":"Glass Knife","floor":23,"key":"SMITH"},{"data":"Crippling Poison","floor":28,"key":"SMITH"},{"floor":32,"key":"REST"}],"neow_cost":"NONE","seed_source_timestamp":353889244927519,"circlet_count":0,"master_deck":["AscendersBane","Defend_G+1","Defend_G+1","Defend_G+1","Defend_G+1","Defend_G+1","Strike_G+1","Strike_G+1","Strike_G+1","Strike_G+1","Survivor","Neutralize","Crippling Poison+1","Skewer+1","Dagger Throw","Cloak And Dagger","Infinite Blades","Noxious Fumes","Glass Knife+1","Riddle With Holes","Flying Knee","PiercingWail","Cloak And Dagger","Doubt","Injury","PiercingWail+1","Accuracy"],"special_seed":0,"relics":["Ring of the Snake","NeowsBlessing","Bottled Lightning","MawBank","Boot","Mummified Hand","Cursed Key","Blood Vial","WingedGreaves","Juzu Bracelet","Mercury Hourglass"],"potions_floor_usage":[11,16,18,33,33],"damage_taken":[{"damage":0.0,"enemies":"Jaw Worm","floor":1.0,"turns":1.0},{"damage":0.0,"enemies":"Cultist","floor":2.0,"turns":1.0},{"damage":0.0,"enemies":"2 Louse","floor":4.0,"turns":1.0},{"damage":18.0,"enemies":"Looter","floor":5.0,"turns":4.0},{"damage":17.0,"enemies":"3 Sentries","floor":7.0,"turns":6.0},{"damage":5.0,"enemies":"Blue Slaver","floor":8.0,"turns":5.0},{"damage":30,"enemies":"Gremlin Nob","floor":11,"turns":4},{"damage":3,"enemies":"2 Fungi Beasts","floor":14,"turns":3},{"damage":6,"enemies":"Hexaghost","floor":16,"turns":9},{"damage":12,"enemies":"2 Thieves","floor":18,"turns":3},{"damage":13,"enemies":"Chosen","floor":20,"turns":4},{"damage":19,"enemies":"Book of Stabbing","floor":24,"turns":5},{"damage":13,"enemies":"Sentry and Sphere","floor":29,"turns":4},{"damage":26,"enemies":"Automaton","floor":33,"turns":4}],"seed_played":"-7926326454139737254","potions_obtained":[{"floor":5.0,"key":"PowerPotion"},{"floor":7.0,"key":"Poison Potion"},{"floor":8.0,"key":"SpeedPotion"},{"floor":11,"key":"Poison Potion"},{"floor":14,"key":"Fire Potion"},{"floor":24,"key":"LiquidBronze"},{"floor":30,"key":"AttackPotion"}],"is_trial":false,"path_per_floor":["M","M","?","M","M","R","E","M","T","R","E","$","?","M","R","B",null,"M","?","M","?","$","R","E","?","T","T","R","M","?","$","R","B"],"character_chosen":"THE_SILENT","items_purchased":["Mummified Hand","Accuracy"],"campfire_rested":3,"item_purchase_floors":[12,31],"current_hp_per_floor":[59,59,59,59,41,41,24,19,19,38,8,8,8,5,24,18,54,42,42,31,31,31,31,14,14,14,14,14,3,3,3,22,0],"gold":30,"neow_bonus":"THREE_ENEMY_KILL","is_prod":false,"is_daily":false,"chose_seed":false,"campfire_upgraded":3,"win_rate":0,"timestamp":1550088041,"path_taken":["M","M","?","M","M","R","E","M","T","R","E","?","?","M","R","BOSS","M","?","M","?","$","R","E","?","T","?","R","M","?","$","R","BOSS"],"build_version":"2019-01-23","purchased_purges":0,"victory":false,"max_hp_per_floor":[66,66,66,66,66,66,66,66,66,66,66,66,66,66,66,66,66,66,66,66,66,66,66,66,66,66,66,66,66,66,66,66,66],"card_choices":[{"not_picked":["Underhanded Strike","Blade Dance"],"picked":"Crippling Poison","floor":1.0},{"not_picked":["Acrobatics","A Thousand Cuts","Underhanded Strike"],"picked":"SKIP","floor":2.0},{"not_picked":["Outmaneuver","Distraction","Concentrate"],"picked":"SKIP","floor":4.0},{"not_picked":["Choke","Prepared"],"picked":"Skewer","floor":5.0},{"not_picked":["Sucker Punch","Bouncing Flask"],"picked":"Dagger Throw","floor":7.0},{"not_picked":["Calculated Gamble","Setup"],"picked":"Cloak And Dagger","floor":8.0},{"not_picked":["Outmaneuver","Setup"],"picked":"Infinite Blades","floor":11},{"not_picked":["Cloak And Dagger","Calculated Gamble"],"picked":"Noxious Fumes","floor":14},{"not_picked":["Die Die Die","Venomology"],"picked":"Glass Knife","floor":16},{"not_picked":["Masterful Stab","Deflect"],"picked":"Riddle With Holes","floor":18},{"not_picked":["Underhanded Strike","Acrobatics"],"picked":"Flying Knee","floor":20},{"not_picked":["Deadly Poison","Bane"],"picked":"Cloak And Dagger","floor":24},{"not_picked":["Bane","Catalyst+1"],"picked":"PiercingWail+1","floor":29}],"player_experience":438145,"relics_obtained":[{"floor":7.0,"key":"Bottled Lightning"},{"floor":9.0,"key":"MawBank"},{"floor":11,"key":"Boot"},{"floor":24,"key":"WingedGreaves"},{"floor":26,"key":"Juzu Bracelet"},{"floor":27,"key":"Mercury Hourglass"}],"event_choices":[{"cards_removed":["Strike_G"],"damage_healed":0.0,"max_hp_gain":0.0,"max_hp_loss":0.0,"gold_gain":0.0,"event_name":"Bonfire Elementals","player_choice":"Offered Basic","floor":3.0,"gold_loss":0.0,"damage_taken":0.0},{"damage_healed":0,"gold_gain":0,"player_choice":"Ignored","damage_taken":0,"max_hp_gain":0,"max_hp_loss":0,"event_name":"Shining Light","floor":13,"gold_loss":0},{"damage_healed":0,"gold_gain":0,"player_choice":"Obtained Relic","damage_taken":0,"relics_obtained":["Blood Vial"],"max_hp_gain":0,"max_hp_loss":0,"event_name":"Addict","floor":19,"gold_loss":85},{"damage_healed":0,"gold_gain":0,"player_choice":"Read","damage_taken":0,"max_hp_gain":0,"max_hp_loss":0,"event_name":"The Library","floor":21,"gold_loss":0,"cards_obtained":["PiercingWail"]},{"damage_healed":0,"gold_gain":0,"player_choice":"Simplicity","damage_taken":0,"max_hp_gain":0,"max_hp_loss":0,"event_name":"Back to Basics","floor":25,"gold_loss":0,"cards_upgraded":["Defend_G","Defend_G","Defend_G","Defend_G","Defend_G","Strike_G","Strike_G","Strike_G","Strike_G"]},{"damage_healed":0,"gold_gain":0,"player_choice":"Bought 1 Potion","damage_taken":0,"max_hp_gain":0,"max_hp_loss":0,"event_name":"The Woman in Blue","floor":30,"gold_loss":0}],"is_beta":false,"boss_relics":[{"not_picked":["Astrolabe","White Beast Statue"],"picked":"Cursed Key"}],"items_purged_floors":[],"is_endless":false,"potions_floor_spawned":[5,7,8,11,14,24],"killed_by":"Automaton","ascension_level":18}