{"gold_per_floor":[109,124,141,156,73,73,93,105,158,189,189,202,268,295,295,395,395,412,412,153,103,27,54,74,90,90,90,15,30,42,42,42,42],"floor_reached":33,"playtime":1934,"items_purged":["Sweeping Beam"],"score":329,"play_id":"77d0968b-109e-44b8-aa4f-68838c19b3ff","local_time":"20190129033712","is_ascension_mode":false,"campfire_choices":[{"data":"Zap","floor":6,"key":"SMITH"},{"floor":15,"key":"REST"},{"floor":27,"key":"REST"},{"floor":32,"key":"REST"}],"neow_cost":"NONE","seed_source_timestamp":375823240279807,"circlet_count":0,"master_deck":["Strike_B+1","Strike_B+1","Strike_B+1","Strike_B+1","Defend_B+1","Defend_B+1","Defend_B+1","Defend_B+1","Zap+1","Dualcast","Doom and Gloom","Glacier","Chaos+1","Turbo","Storm","Leap","Reinforced Body","Buffer","Hyperbeam","Sunder","Double Energy","Force Field","Genetic Algorithm","Conserve Battery","Undo+1","Heatsinks+1"],"relics":["Cracked Core","Boot","War Paint","Question Card","Lizard Tail","Symbiotic Virus","Happy Flower"],"potions_floor_usage":[7,7,7,8,18,23,24,29],"damage_taken":[{"damage":5,"enemies":"2 Louse","floor":1,"turns":3},{"damage":0,"enemies":"Small Slimes","floor":2,"turns":2},{"damage":6,"enemies":"Jaw Worm","floor":3,"turns":3},{"damage":0,"enemies":"Lots of Slimes","floor":4,"turns":1},{"damage":10,"enemies":"Looter","floor":7,"turns":3},{"damage":0,"enemies":"3 Louse","floor":8,"turns":1},{"damage":31,"enemies":"Lagavulin","floor":10,"turns":10},{"damage":3,"enemies":"Blue Slaver","floor":12,"turns":3},{"damage":35,"enemies":"Gremlin Nob","floor":14,"turns":7},{"damage":0,"enemies":"Slime Boss","floor":16,"turns":11},{"damage":3,"enemies":"2 Thieves","floor":18,"turns":3},{"damage":76,"enemies":"Book of Stabbing","floor":23,"turns":8},{"damage":21,"enemies":"Shell Parasite","floor":24,"turns":10},{"damage":8,"enemies":"Snecko","floor":25,"turns":5},{"damage":9,"enemies":"Snake Plant","floor":29,"turns":7},{"damage":26,"enemies":"Chosen and Byrds","floor":30,"turns":7},{"damage":62,"enemies":"Collector","floor":33,"turns":15}],"seed_played":"444914484004950200","potions_obtained":[{"floor":2,"key":"SteroidPotion"},{"floor":3,"key":"SkillPotion"},{"floor":4,"key":"Regen Potion"},{"floor":7,"key":"AttackPotion"},{"floor":14,"key":"SpeedPotion"},{"floor":18,"key":"SkillPotion"},{"floor":23,"key":"Strength Potion"},{"floor":25,"key":"Regen Potion"}],"is_trial":false,"path_per_floor":["M","M","M","M","$","R","M","M","T","E","?","M","?","E","R","B",null,"M","?","$","?","$","E","M","M","T","R","$","M","M","?","R","B"],"character_chosen":"DEFECT","items_purchased":["Turbo","Storm","Symbiotic Virus","Force Field"],"campfire_rested":3,"item_purchase_floors":[5,5,20,22],"current_hp_per_floor":[77,77,71,71,71,71,70,70,70,39,39,36,36,1,25,25,82,79,79,79,79,79,3,26,18,18,42,42,48,22,22,46,0],"gold":42,"neow_bonus":"TEN_PERCENT_HP_BONUS","is_prod":false,"is_daily":false,"chose_seed":false,"campfire_upgraded":1,"win_rate":0,"timestamp":1548745632,"path_taken":["M","M","M","M","$","R","M","M","T","E","?","M","?","E","R","BOSS","M","?","$","?","$","E","M","?","T","R","$","M","M","?","R","BOSS"],"build_version":"2019-01-23","purchased_purges":1,"victory":false,"max_hp_per_floor":[82,82,82,82,82,82,82,82,82,82,82,82,82,82,82,82,82,82,82,82,82,82,82,82,82,82,82,82,82,82,82,82,82],"card_choices":[{"not_picked":["Streamline","BootSequence"],"picked":"Sweeping Beam","floor":1},{"not_picked":["Redo","Cold Snap"],"picked":"Doom and Gloom","floor":2},{"not_picked":["Aggregate","Conserve Battery"],"picked":"Glacier","floor":3},{"not_picked":["Beam Cell","Steam Power"],"picked":"Chaos","floor":4},{"not_picked":["Cold Snap","Rebound"],"picked":"Leap","floor":7},{"not_picked":["Barrage","Steam","Undo"],"picked":"SKIP","floor":8},{"not_picked":["Fission","Coolheaded"],"picked":"Reinforced Body","floor":10},{"not_picked":["Barrage","Undo","Tempest"],"picked":"SKIP","floor":12},{"not_picked":["Streamline","Cold Snap"],"picked":"Buffer","floor":14},{"not_picked":["Multi-Cast","Reboot","Core Surge"],"picked":"Hyperbeam","floor":16},{"not_picked":["Stack","BootSequence","Steam"],"picked":"Sunder","floor":18},{"not_picked":["All For One","Go for the Eyes+1","Hologram"],"picked":"Genetic Algorithm","floor":23},{"not_picked":["Turbo+1","Tempest","Compile Driver","Sweeping Beam"],"picked":"SKIP","floor":24},{"not_picked":["Double Energy","Aggregate","Redo"],"picked":"Conserve Battery","floor":25},{"not_picked":["Hyperbeam","Coolheaded","Ball Lightning"],"picked":"Undo+1","floor":29},{"not_picked":["Cold Snap+1","Rebound","BootSequence+1"],"picked":"Heatsinks+1","floor":30}],"player_experience":615332,"relics_obtained":[{"floor":9,"key":"Boot"},{"floor":10,"key":"War Paint"},{"floor":14,"key":"Question Card"},{"floor":23,"key":"Happy Flower"}],"event_choices":[{"damage_healed":0,"gold_gain":0,"player_choice":"Grow","damage_taken":0,"max_hp_gain":0,"max_hp_loss":0,"event_name":"Living Wall","floor":11,"gold_loss":0,"cards_upgraded":["Chaos"]},{"damage_healed":0,"gold_gain":66,"player_choice":"Gained Gold","damage_taken":0,"max_hp_gain":0,"max_hp_loss":0,"event_name":"Golden Wing","floor":13,"gold_loss":0},{"damage_healed":0,"gold_gain":0,"player_choice":"Read","damage_taken":0,"max_hp_gain":0,"max_hp_loss":0,"event_name":"The Library","floor":19,"gold_loss":0,"cards_obtained":["Double Energy"]},{"damage_healed":0,"gold_gain":0,"player_choice":"Bet on Murderer","damage_taken":0,"max_hp_gain":0,"max_hp_loss":0,"event_name":"The Joust","floor":21,"gold_loss":50},{"damage_healed":0,"gold_gain":0,"player_choice":"Simplicity","damage_taken":0,"max_hp_gain":0,"max_hp_loss":0,"event_name":"Back to Basics","floor":31,"gold_loss":0,"cards_upgraded":["Strike_B","Strike_B","Strike_B","Strike_B","Defend_B","Defend_B"]}],"is_beta":true,"boss_relics":[{"not_picked":["Coffee Dripper","Astrolabe"],"picked":"Lizard Tail"}],"items_purged_floors":[28],"is_endless":false,"potions_floor_spawned":[2,3,4,7,14,18,23,25],"killed_by":"Collector","ascension_level":0}