{"gold_per_floor":[15,29,29,47,47,47,78,78,127,127,141,159,1,19,19,93,93,69,69,69,14,14,47,47,57,57,72,86,86,97,116,116,193,193,211,224,67,86,86],"floor_reached":39,"playtime":1849,"items_purged":[],"score":860,"play_id":"4526ef00-e84b-40b4-bec3-80dc4220f99e","local_time":"20181123222854","is_ascension_mode":true,"campfire_choices":[{"data":"Good Instincts","floor":6.0,"key":"SMITH"},{"data":"Capacitor","floor":10.0,"key":"SMITH"},{"data":"Lockon","floor":15.0,"key":"SMITH"},{"data":"Defragment","floor":24,"key":"SMITH"},{"data":"Reinforced Body","floor":29,"key":"SMITH"},{"floor":32,"key":"REST"}],"neow_cost":"NO_GOLD","seed_source_timestamp":0,"circlet_count":0,"master_deck":["AscendersBane","Defend_B","Defend_B","Defend_B","Zap+1","Good Instincts+1","Impatience","Compile Driver","Chill","Capacitor+1","BootSequence","Glacier","Sweeping Beam","Lockon+1","Electrodynamics","Defragment+1","Ball Lightning","BootSequence","Amplify","Loop","Fusion+1","Reinforced Body+1","Force Field+1","Go for the Eyes+1","Defragment","Machine Learning","Conserve Battery","Chaos+1"],"special_seed":0,"relics":["Cracked Core","Nunchaku","Omamori","DataDisk","Runic Dome","Pantograph","Empty Cage","Art of War"],"potions_floor_usage":[23,38],"damage_taken":[{"damage":2.0,"enemies":"Jaw Worm","floor":1.0,"turns":4.0},{"damage":2.0,"enemies":"2 Louse","floor":2.0,"turns":2.0},{"damage":0.0,"enemies":"Cultist","floor":4.0,"turns":3.0},{"damage":13.0,"enemies":"3 Sentries","floor":7.0,"turns":10.0},{"damage":9.0,"enemies":"Blue Slaver","floor":11.0,"turns":4.0},{"damage":1.0,"enemies":"Large Slime","floor":12.0,"turns":7.0},{"damage":0.0,"enemies":"Exordium Wildlife","floor":14.0,"turns":4.0},{"damage":24.0,"enemies":"The Guardian","floor":16.0,"turns":11.0},{"damage":0,"enemies":"2 Thieves","floor":18,"turns":4},{"damage":0,"enemies":"Gremlin Leader","floor":23,"turns":5},{"damage":0,"enemies":"Chosen","floor":25,"turns":3},{"damage":8,"enemies":"Snake Plant","floor":27,"turns":4},{"damage":7,"enemies":"Centurion and Healer","floor":28,"turns":4},{"damage":0,"enemies":"Snecko","floor":30,"turns":6},{"damage":5,"enemies":"Snake Plant","floor":31,"turns":3},{"damage":13,"enemies":"Collector","floor":33,"turns":10},{"damage":0,"enemies":"3 Shapes","floor":35,"turns":3},{"damage":35,"enemies":"3 Darklings","floor":36,"turns":4},{"damage":0,"enemies":"Maw","floor":38,"turns":8},{"damage":36,"enemies":"Spire Growth","floor":39,"turns":5}],"seed_played":"775702785374420019","potions_obtained":[{"floor":11.0,"key":"GamblersBrew"},{"floor":14.0,"key":"Energy Potion"},{"floor":23,"key":"EssenceOfSteel"},{"floor":25,"key":"Weak Potion"},{"floor":27,"key":"Energy Potion"},{"floor":31,"key":"FocusPotion"},{"floor":38,"key":"Ancient Potion"}],"is_trial":false,"path_per_floor":["M","M","?","M","?","R","E","T","T","R","M","M","$","M","R","B",null,"M","?","?","$","?","E","R","M","T","M","M","R","M","M","R","B",null,"M","M","$","M","M"],"character_chosen":"DEFECT","items_purchased":["DataDisk","Ball Lightning","Art of War"],"campfire_rested":1,"item_purchase_floors":[13,21,37],"current_hp_per_floor":[62,60,60,60,53,53,40,40,40,40,31,30,30,30,30,6,55,55,55,55,55,55,55,55,55,55,47,40,40,40,35,56,58,68,68,33,33,33,0],"gold":86,"neow_bonus":"RANDOM_COLORLESS_2","is_prod":false,"is_daily":false,"chose_seed":false,"campfire_upgraded":5,"win_rate":0,"timestamp":1543008534,"path_taken":["M","M","?","M","?","R","E","?","T","R","M","?","$","M","R","BOSS","M","?","?","?","?","E","R","M","T","?","M","R","?","M","R","BOSS","M","M","$","M","M"],"build_version":"2018-11-15","purchased_purges":0,"victory":false,"max_hp_per_floor":[71,71,71,71,71,71,71,71,71,71,71,71,71,71,71,71,71,71,71,71,71,71,71,71,71,71,71,71,71,71,71,71,71,71,71,71,71,71,71],"card_choices":[{"not_picked":["Rebound","Streamline"],"picked":"Compile Driver","floor":1.0},{"not_picked":["Barrage","Beam Cell"],"picked":"Chill","floor":2.0},{"not_picked":["Go for the Eyes","Storm"],"picked":"Capacitor","floor":4.0},{"not_picked":["Fission","Steam"],"picked":"BootSequence","floor":7.0},{"not_picked":["Reinforced Body","Cold Snap"],"picked":"Glacier","floor":11.0},{"not_picked":["Leap","Stack"],"picked":"Sweeping Beam","floor":12.0},{"not_picked":["Streamline","Stack"],"picked":"Lockon","floor":14.0},{"not_picked":["Core Surge","Echo Form"],"picked":"Electrodynamics","floor":16.0},{"not_picked":["Turbo","Go for the Eyes"],"picked":"Defragment","floor":18},{"not_picked":["Lockon","Streamline+1"],"picked":"Loop","floor":23},{"not_picked":["Streamline","Sweeping Beam"],"picked":"Fusion+1","floor":25},{"not_picked":["Auto Shields","Scrape"],"picked":"Reinforced Body","floor":27},{"not_picked":["Leap","Tempest"],"picked":"Force Field+1","floor":28},{"not_picked":["Skim","Steam"],"picked":"Go for the Eyes+1","floor":30},{"not_picked":["Turbo","Streamline"],"picked":"Defragment","floor":31},{"not_picked":["Biased Cognition","Buffer"],"picked":"Machine Learning","floor":33},{"not_picked":["Redo","Steam Power+1"],"picked":"Conserve Battery","floor":35},{"not_picked":["Steam","Leap","White Noise"],"picked":"SKIP","floor":36},{"not_picked":["Stack","Steam Power"],"picked":"Chaos+1","floor":38}],"player_experience":816648,"relics_obtained":[{"floor":7.0,"key":"Nunchaku"},{"floor":9.0,"key":"Omamori"},{"floor":23,"key":"Pantograph"}],"event_choices":[{"damage_healed":0.0,"max_hp_gain":0.0,"max_hp_loss":0.0,"gold_gain":0.0,"event_name":"Living Wall","player_choice":"Grow","floor":3.0,"gold_loss":0.0,"damage_taken":0.0,"cards_upgraded":["Zap"]},{"cards_removed":["Strike_B"],"damage_healed":0.0,"max_hp_gain":0.0,"max_hp_loss":0.0,"gold_gain":0.0,"event_name":"Golden Wing","player_choice":"Card Removal","floor":5.0,"gold_loss":0.0,"damage_taken":7.0},{"damage_healed":0,"gold_gain":0,"player_choice":"Ignored","damage_taken":0,"max_hp_gain":0,"max_hp_loss":0,"event_name":"Ghosts","floor":19,"gold_loss":0},{"cards_removed":["Strike_B"],"damage_healed":0,"gold_gain":0,"player_choice":"Elegance","damage_taken":0,"max_hp_gain":0,"max_hp_loss":0,"event_name":"Back to Basics","floor":20,"gold_loss":0},{"damage_healed":0,"gold_gain":0,"cards_transformed":["Strike_B","Strike_B"],"player_choice":"Became Test Subject","damage_taken":0,"max_hp_gain":0,"max_hp_loss":0,"event_name":"Drug Dealer","floor":22,"gold_loss":0,"cards_obtained":["BootSequence","Amplify"]}],"is_beta":true,"boss_relics":[{"not_picked":["Orrery","Coffee Dripper"],"picked":"Runic Dome"},{"not_picked":["Velvet Choker","Pandora\u0027s Box"],"picked":"Empty Cage"}],"items_purged_floors":[],"is_endless":false,"potions_floor_spawned":[11,14,23,25,27,31,38],"killed_by":"Spire Growth","ascension_level":20}