{"gold_per_floor":[111,69,69,144,154,154,185,195,195,212,232,232,21,40,40,118,118,129,44,44,58,58,58,58],"floor_reached":24,"playtime":728,"items_purged":[],"score":442,"play_id":"1a9be725-77e0-47c2-8479-c9d7ad3c43f3","local_time":"20190222192103","is_ascension_mode":true,"campfire_choices":[{"data":"Shockwave","floor":6,"key":"SMITH"},{"floor":15,"key":"REST"},{"floor":23,"key":"REST"}],"neow_cost":"NONE","seed_source_timestamp":15548953507875025,"circlet_count":0,"master_deck":["AscendersBane","Strike_R","Strike_R","Strike_R","Strike_R+1","Strike_R","Defend_R","Defend_R+1","Defend_R","Bash","Shrug It Off","Inflame","Shockwave+1","Twin Strike","Heavy Blade","Rampage","Iron Wave","Immolate","Inflame+1"],"relics":["Black Blood","NeowsBlessing","Magic Flower","Girya","Medical Kit","Dodecahedron","The Courier"],"potions_floor_usage":[16],"damage_taken":[{"damage":0,"enemies":"2 Louse","floor":1,"turns":1},{"damage":0,"enemies":"Jaw Worm","floor":5,"turns":1},{"damage":0,"enemies":"3 Sentries","floor":7,"turns":1},{"damage":2,"enemies":"Small Slimes","floor":8,"turns":3},{"damage":13,"enemies":"Blue Slaver","floor":10,"turns":2},{"damage":7,"enemies":"Large Slime","floor":11,"turns":5},{"damage":10,"enemies":"Exordium Wildlife","floor":14,"turns":4},{"damage":48,"enemies":"The Guardian","floor":16,"turns":11},{"damage":31,"enemies":"Chosen","floor":18,"turns":6},{"damage":42,"enemies":"3 Byrds","floor":21,"turns":5},{"damage":57,"enemies":"Cultist and Chosen","floor":24,"turns":7}],"seed_played":"6943145839573198940","potions_obtained":[{"floor":5,"key":"FearPotion"},{"floor":8,"key":"SteroidPotion"},{"floor":10,"key":"SkillPotion"},{"floor":18,"key":"Swift Potion"}],"is_trial":false,"path_per_floor":["M","$","?","?","M","R","E","M","T","M","M","?","$","M","R","B",null,"M","?","T","M","$","R","M"],"character_chosen":"IRONCLAD","items_purchased":["Inflame","Medical Kit"],"campfire_rested":2,"item_purchase_floors":[2,13],"current_hp_per_floor":[74,74,67,56,62,62,68,75,75,71,73,50,50,49,71,32,64,48,48,48,21,21,43,0],"gold":58,"neow_bonus":"THREE_ENEMY_KILL","is_prod":false,"is_daily":false,"chose_seed":false,"campfire_upgraded":1,"win_rate":0,"timestamp":1550859663,"path_taken":["M","$","?","?","M","R","E","M","T","M","M","?","?","M","R","BOSS","M","?","?","M","$","R","M"],"build_version":"2019-01-23","purchased_purges":0,"victory":false,"max_hp_per_floor":[75,75,75,75,75,75,75,75,75,75,75,75,75,75,75,75,75,75,75,75,75,75,75,75],"card_choices":[{"not_picked":["Anger","Headbutt"],"picked":"Shrug It Off","floor":1},{"not_picked":["Clothesline","Body Slam"],"picked":"Shockwave","floor":5},{"not_picked":["Searing Blow","Flame Barrier"],"picked":"Twin Strike","floor":7},{"not_picked":["Clash","Wild Strike"],"picked":"Heavy Blade","floor":8},{"not_picked":["Cleave","Body Slam"],"picked":"Rampage","floor":10},{"not_picked":["Armaments","Heavy Blade","Warcry"],"picked":"SKIP","floor":11},{"not_picked":["Berserk","Perfected Strike"],"picked":"Iron Wave","floor":14},{"not_picked":["Offering","Barricade"],"picked":"Immolate","floor":16},{"not_picked":["Thunderclap+1","Clash"],"picked":"Inflame+1","floor":18},{"not_picked":["Headbutt","Armaments","Sword Boomerang"],"picked":"SKIP","floor":21}],"player_experience":426375,"relics_obtained":[{"floor":7,"key":"Magic Flower"},{"floor":9,"key":"Girya"},{"floor":20,"key":"The Courier"}],"event_choices":[{"cards_removed":["Defend_R"],"damage_healed":0,"gold_gain":0,"player_choice":"Card Removal","damage_taken":7,"max_hp_gain":0,"max_hp_loss":0,"event_name":"Golden Wing","floor":3,"gold_loss":0},{"damage_healed":0,"gold_gain":75,"player_choice":"Gather Gold","damage_taken":11,"max_hp_gain":0,"max_hp_loss":0,"event_name":"World of Goop","floor":4,"gold_loss":0},{"damage_healed":0,"gold_gain":0,"player_choice":"Entered Light","damage_taken":23,"max_hp_gain":0,"max_hp_loss":0,"event_name":"Shining Light","floor":12,"gold_loss":0,"cards_upgraded":["Strike_R","Defend_R"]},{"damage_healed":0,"gold_gain":0,"player_choice":"Obtained Relic","damage_taken":0,"relics_obtained":["Dodecahedron"],"max_hp_gain":0,"max_hp_loss":0,"event_name":"Addict","floor":19,"gold_loss":85}],"is_beta":false,"boss_relics":[{"not_picked":["Sozu","Astrolabe"],"picked":"Black Blood"}],"items_purged_floors":[],"is_endless":false,"potions_floor_spawned":[5,8,10,11,18],"killed_by":"Cultist and Chosen","ascension_level":20}