{"path_per_floor":["M","M","?","M","$","E","R","M","T","R","M","R","M","?","R","B",null,"M","$","?","M","M","R"],"character_chosen":"DEFECT","items_purchased":["Gash","Prayer Wheel"],"gold_per_floor":[13,26,26,37,2,28,28,46,46,46,59,59,71,51,51,150,150,162,12,12,32,48,48,48],"floor_reached":24,"campfire_rested":4,"playtime":1520,"current_hp_per_floor":[70,69,69,61,61,54,54,39,39,64,47,72,54,54,79,18,85,53,53,53,46,45,70,0],"items_purged":[],"gold":48,"score":198,"play_id":"5e2bfb1f-f9e3-4721-b067-bcb345a64f1d","local_time":"20180505070216","is_prod":false,"is_daily":false,"chose_seed":false,"is_ascension_mode":false,"campfire_upgraded":1,"timestamp":1525512736,"path_taken":["M","M","?","M","$","E","R","M","T","R","M","R","M","?","R","BOSS","M","$","?","?","?","R","M"],"build_version":"2018-05-03","seed_source_timestamp":102963919930590,"purchased_purges":0,"victory":false,"master_deck":["Zap","Dualcast","Creative AI","Stack","Decay","White Noise","Gash+1","Stack","Amplify","Impulse","White Noise","Chill","Cold Snap","Stack","Axe Kick","Barrage","Skim","Cold Snap+1","Loop+1","Reinforced Body"],"max_hp_per_floor":[75,75,75,75,75,85,85,85,85,85,85,85,85,85,85,85,85,85,85,85,85,85,85,85],"relics":["Cracked Core","Pear","Meat on the Bone","Pandora\u0027s Box","Prayer Wheel"],"card_choices":[{"not_picked":["Thunder Strike","Reboot"],"picked":"Creative AI","floor":0},{"not_picked":["Skim","Hologram"],"picked":"Stack","floor":2},{"not_picked":["Beam Cell","Streamline"],"picked":"White Noise","floor":4},{"not_picked":["Double Energy","Nova"],"picked":"Stack","floor":11},{"not_picked":["Rainbow","Biased Cognition"],"picked":"Amplify","floor":16},{"not_picked":["Beam Cell","Rebound"],"picked":"Cold Snap","floor":18},{"not_picked":["Stack","Streamline"],"picked":"Loop","floor":21},{"not_picked":["Turbo","Beam Cell"],"picked":"Reinforced Body","floor":22}],"player_experience":391004,"potions_floor_usage":[13,16,16,18,21,24],"damage_taken":[{"damage":5,"enemies":"2 Louse","floor":1,"turns":3},{"damage":1,"enemies":"Cultist","floor":2,"turns":3},{"damage":8,"enemies":"Jaw Worm","floor":4,"turns":3},{"damage":17,"enemies":"Lagavulin","floor":6,"turns":9},{"damage":15,"enemies":"Red Slaver","floor":8,"turns":4},{"damage":17,"enemies":"3 Louse","floor":11,"turns":3},{"damage":18,"enemies":"Large Slime","floor":13,"turns":6},{"damage":73,"enemies":"Slime Boss","floor":16,"turns":11},{"damage":32,"enemies":"Shell Parasite","floor":18,"turns":9},{"damage":28,"enemies":"2 Thieves","floor":21,"turns":4},{"damage":13,"enemies":"Sentry and Sphere","floor":22,"turns":5},{"damage":83,"enemies":"Cultist and Chosen","floor":24,"turns":8}],"event_choices":[{"event_name":"Wheel of Change","player_choice":"Curse","floor":3,"damage_taken":0},{"event_name":"The Woman in Blue","player_choice":"Bought 1 Potion","floor":14,"damage_taken":0},{"event_name":"Beggar","player_choice":"Ignored","floor":20,"damage_taken":0}],"boss_relics":[{"not_picked":["Runic Dome","Runic Pyramid"],"picked":"Pandora\u0027s Box"}],"potions_floor_spawned":[6,11,13,18,22],"seed_played":"3287265080439582166","killed_by":"Cultist and Chosen","ascension_level":0,"is_trial":false}