{"gold_per_floor":[114,114,131,141,153,187,187,187,187,220,238,255,255,265,265,363,363,378,84,84,134,149,178,178,209,259,284,284,309,408,408,408,507,507,519,531,543,17,17,17,35,35,62,73,85,48,48,61,61,61,61,61,11,39,39],"floor_reached":55,"playtime":3632,"items_purged":["Defend_G","Strike_G","Strike_G"],"score":707,"play_id":"2fcad0dc-127d-427a-86de-c482b7ee7021","local_time":"20190224193424","is_ascension_mode":false,"campfire_choices":[{"floor":7.0,"key":"REST"},{"floor":15.0,"key":"REST"},{"floor":24.0,"key":"REST"},{"floor":28.0,"key":"RECALL"},{"floor":32.0,"key":"REST"},{"floor":40.0,"key":"REST"},{"floor":49.0,"key":"REST"},{"data":"Apotheosis","floor":52.0,"key":"SMITH"}],"neow_cost":"NONE","seed_source_timestamp":158242802642998,"circlet_count":0,"master_deck":["Defend_G","Defend_G","Defend_G","Defend_G","Strike_G+1","Strike_G","Survivor","Neutralize+1","Deadly Poison","Dash","Crippling Poison","Escape Plan","Die Die Die","Escape Plan","Caltrops","Quick Slash","Corpse Explosion","Apotheosis+1","Calculated Gamble","Dash","Noxious Fumes","Outmaneuver","Terror","Envenom","Footwork","Caltrops","Backflip","Catalyst","Escape Plan+1"],"special_seed":0,"relics":["Ring of the Serpent","Ancient Tea Set","Sundial","Smiling Mask","Mummified Hand","MutagenicStrength","Dream Catcher","Kunai","Bronze Scales","Juzu Bracelet","Whetstone","Black Star","Regal Pillow","Gremlin Horn","CultistMask","Pen Nib","Boot","Unceasing Top"],"potions_floor_usage":[55,55,55],"damage_taken":[{"damage":6.0,"enemies":"2 Louse","floor":1.0,"turns":3.0},{"damage":1.0,"enemies":"Cultist","floor":3.0,"turns":4.0},{"damage":0.0,"enemies":"Small Slimes","floor":4.0,"turns":3.0},{"damage":2.0,"enemies":"Looter","floor":5.0,"turns":3.0},{"damage":37.0,"enemies":"Lagavulin","floor":6.0,"turns":7.0},{"damage":19.0,"enemies":"Gremlin Nob","floor":10.0,"turns":4.0},{"damage":4.0,"enemies":"2 Fungi Beasts","floor":11.0,"turns":3.0},{"damage":0.0,"enemies":"3 Louse","floor":12.0,"turns":3.0},{"damage":3.0,"enemies":"Red Slaver","floor":14.0,"turns":4.0},{"damage":21.0,"enemies":"Hexaghost","floor":16.0,"turns":10.0},{"damage":11.0,"enemies":"Chosen","floor":18.0,"turns":5.0},{"damage":8.0,"enemies":"Shell Parasite","floor":22.0,"turns":4.0},{"damage":12.0,"enemies":"Book of Stabbing","floor":23.0,"turns":6.0},{"damage":6.0,"enemies":"Gremlin Leader","floor":25.0,"turns":6.0},{"damage":9.0,"enemies":"Book of Stabbing","floor":27.0,"turns":6.0},{"damage":4.0,"enemies":"Gremlin Leader","floor":29.0,"turns":6.0},{"damage":29.0,"enemies":"Collector","floor":33.0,"turns":9.0},{"damage":25.0,"enemies":"3 Darklings","floor":35.0,"turns":8.0},{"damage":0.0,"enemies":"3 Shapes","floor":36.0,"turns":4.0},{"damage":24.0,"enemies":"Writhing Mass","floor":37.0,"turns":6.0},{"damage":2.0,"enemies":"Maw","floor":41.0,"turns":7.0},{"damage":15.0,"enemies":"Sphere and 2 Shapes","floor":44.0,"turns":4.0},{"damage":14.0,"enemies":"Jaw Worm Horde","floor":45.0,"turns":3.0},{"damage":29.0,"enemies":"Writhing Mass","floor":48.0,"turns":6.0},{"damage":40.0,"enemies":"Awakened One","floor":50.0,"turns":13.0},{"damage":38.0,"enemies":"Shield and Spear","floor":54.0,"turns":6.0},{"damage":53,"enemies":"The Heart","floor":55,"turns":3}],"seed_played":"8287146945379130842","potions_obtained":[{"floor":4.0,"key":"AttackPotion"},{"floor":5.0,"key":"EssenceOfSteel"},{"floor":11.0,"key":"Strength Potion"},{"floor":12.0,"key":"Block Potion"},{"floor":16.0,"key":"Swift Potion"},{"floor":22.0,"key":"PowerPotion"},{"floor":23.0,"key":"SteroidPotion"},{"floor":25.0,"key":"PowerPotion"},{"floor":36.0,"key":"GamblersBrew"},{"floor":48.0,"key":"AttackPotion"},{"floor":54.0,"key":"EntropicBrew"}],"is_trial":false,"path_per_floor":["M","?","M","M","M","E","R","?","T","E","M","M","?","M","R","B",null,"M","$","?","?","M","E","R","E","T","E","R","E","?","?","R","B",null,"M","M","M","$","?","R","M","?","T","M","M","$","?","M","R","B",null,"R","$","E","B"],"character_chosen":"THE_SILENT","items_purchased":["Apotheosis","Calculated Gamble","Footwork","Regal Pillow","Gremlin Horn","Catalyst"],"campfire_rested":6,"item_purchase_floors":[19,19,38,38,38,46],"current_hp_per_floor":[71,71,70,70,68,31,54,51,51,32,28,28,28,25,48,27,77,66,66,66,66,58,46,69,63,63,54,54,50,50,50,73,44,77,52,52,28,28,28,66,64,64,64,49,35,35,35,6,44,4,77,77,77,39,0],"gold":39,"neow_bonus":"TEN_PERCENT_HP_BONUS","is_prod":false,"is_daily":false,"chose_seed":false,"campfire_upgraded":1,"win_rate":0,"timestamp":1551004464,"path_taken":["M","?","?","M","M","E","R","?","T","E","M","M","?","M","R","BOSS","M","$","?","?","?","E","R","E","T","E","R","E","?","?","R","BOSS","M","M","M","$","?","R","M","?","T","M","M","?","?","M","R","BOSS","R","$","E","BOSS"],"build_version":"2019-01-23","purchased_purges":3,"victory":false,"max_hp_per_floor":[77,77,77,77,77,77,77,77,77,77,77,77,77,77,77,77,77,77,77,77,77,77,77,77,77,77,77,77,77,77,77,77,77,77,77,77,77,77,77,77,77,77,77,77,77,77,77,77,77,77,77,77,77,77,77],"card_choices":[{"not_picked":["Catalyst","Bane"],"picked":"Deadly Poison","floor":1.0},{"not_picked":["Terror","Bane"],"picked":"Dash","floor":3.0},{"not_picked":["Bouncing Flask","Distraction"],"picked":"Crippling Poison","floor":4.0},{"not_picked":["Concentrate","Well Laid Plans"],"picked":"Escape Plan","floor":5.0},{"not_picked":["Finisher","Flechettes"],"picked":"Die Die Die","floor":6.0},{"not_picked":["Terror","Underhanded Strike","Endless Agony"],"picked":"SKIP","floor":10.0},{"not_picked":["Deflect","Dodge and Roll"],"picked":"Escape Plan","floor":11.0},{"not_picked":["Infinite Blades","Outmaneuver"],"picked":"Caltrops","floor":12.0},{"not_picked":["Acrobatics","Deadly Poison"],"picked":"Quick Slash","floor":14.0},{"not_picked":["Phantasmal Killer","Unload"],"picked":"Corpse Explosion","floor":16.0},{"not_picked":["Dodge and Roll","Accuracy+1","Deflect"],"picked":"SKIP","floor":18.0},{"not_picked":["Sucker Punch","Slice+1"],"picked":"Dash","floor":22.0},{"not_picked":["Bane","Sucker Punch","Dagger Spray"],"picked":"SKIP","floor":23.0},{"not_picked":["Storm of Steel","Finisher","Dodge and Roll+1"],"picked":"SKIP","floor":25.0},{"not_picked":["Dagger Spray","Deflect+1"],"picked":"Noxious Fumes","floor":27.0},{"not_picked":["Infinite Blades","Blade Dance+1"],"picked":"Outmaneuver","floor":29.0},{"not_picked":["PiercingWail","Outmaneuver+1","Sucker Punch+1"],"picked":"SKIP","floor":35.0},{"not_picked":["PiercingWail","Setup"],"picked":"Terror","floor":36.0},{"not_picked":["Dodge and Roll+1","Well Laid Plans+1"],"picked":"Envenom","floor":37.0},{"not_picked":["Backflip+1","Dash+1"],"picked":"Caltrops","floor":40.0},{"not_picked":["Outmaneuver","Bane","Predator"],"picked":"SKIP","floor":41.0},{"not_picked":["Bane+1","Prepared"],"picked":"Backflip","floor":44.0},{"not_picked":["Quick Slash+1","Dagger Spray","Endless Agony"],"picked":"SKIP","floor":45.0},{"not_picked":["Night Terror","Caltrops","Dagger Spray"],"picked":"SKIP","floor":48.0},{"not_picked":["Backflip","Predator+1"],"picked":"Escape Plan+1","floor":54.0}],"player_experience":670742,"relics_obtained":[{"floor":2.0,"key":"Ancient Tea Set"},{"floor":6.0,"key":"Sundial"},{"floor":10.0,"key":"Mummified Hand"},{"floor":23.0,"key":"Dream Catcher"},{"floor":25.0,"key":"Kunai"},{"floor":26.0,"key":"Bronze Scales"},{"floor":27.0,"key":"Juzu Bracelet"},{"floor":29.0,"key":"Whetstone"},{"floor":43.0,"key":"Pen Nib"},{"floor":54.0,"key":"Boot"},{"floor":54.0,"key":"Unceasing Top"}],"event_choices":[{"damage_healed":0.0,"max_hp_gain":0.0,"max_hp_loss":0.0,"gold_gain":0.0,"event_name":"Wheel of Change","player_choice":"Relic","floor":2.0,"gold_loss":0.0,"damage_taken":0.0},{"damage_healed":0.0,"max_hp_gain":0.0,"max_hp_loss":0.0,"gold_gain":0.0,"event_name":"Scrap Ooze","player_choice":"Success","floor":8.0,"gold_loss":0.0,"damage_taken":3.0,"relics_obtained":["Smiling Mask"]},{"damage_healed":0.0,"max_hp_gain":0.0,"max_hp_loss":0.0,"gold_gain":0.0,"event_name":"Shining Light","player_choice":"Ignored","floor":13.0,"gold_loss":0.0,"damage_taken":0.0},{"damage_healed":0.0,"max_hp_gain":0.0,"max_hp_loss":0.0,"gold_gain":0.0,"event_name":"Drug Dealer","player_choice":"Inject Mutagens","floor":20.0,"gold_loss":0.0,"damage_taken":0.0,"relics_obtained":["MutagenicStrength"]},{"damage_healed":0.0,"max_hp_gain":0.0,"max_hp_loss":0.0,"gold_gain":100.0,"event_name":"The Joust","player_choice":"Bet on Murderer","floor":21.0,"gold_loss":50.0,"damage_taken":0.0},{"damage_healed":0.0,"max_hp_gain":0.0,"max_hp_loss":0.0,"gold_gain":99.0,"event_name":"Nest","player_choice":"Stole From Cult","floor":30.0,"gold_loss":0.0,"damage_taken":0.0},{"damage_healed":0.0,"max_hp_gain":0.0,"max_hp_loss":0.0,"gold_gain":0.0,"event_name":"NoteForYourself","player_choice":"Ignored","floor":31.0,"gold_loss":0.0,"damage_taken":0.0},{"damage_healed":0.0,"max_hp_gain":0.0,"max_hp_loss":0.0,"gold_gain":0.0,"event_name":"FaceTrader","player_choice":"Trade","floor":39.0,"gold_loss":0.0,"damage_taken":0.0,"relics_obtained":["CultistMask"]},{"cards_removed":["Strike_G"],"damage_healed":0.0,"max_hp_gain":0.0,"max_hp_loss":0.0,"gold_gain":0.0,"event_name":"Purifier","player_choice":"Purged","floor":42.0,"gold_loss":0.0,"damage_taken":0.0},{"damage_healed":0.0,"max_hp_gain":0.0,"max_hp_loss":0.0,"gold_gain":0.0,"event_name":"Mysterious Sphere","player_choice":"Ignored","floor":47.0,"gold_loss":0.0,"damage_taken":0.0}],"is_beta":false,"boss_relics":[{"not_picked":["Orrery","Velvet Choker"],"picked":"Ring of the Serpent"},{"not_picked":["Busted Crown","Pandora\u0027s Box"],"picked":"Black Star"}],"items_purged_floors":[19,38,53],"is_endless":false,"potions_floor_spawned":[4,5,11,12,14,16,22,23,25,29,36,48,54],"killed_by":"The Heart","ascension_level":0}