{"path_per_floor":["M","$","M","?","M","R","?","M","T","T","M","M","M","M","R","B",null,"M","?","$","?","M"],"character_chosen":"THE_SILENT","items_purchased":["Acrobatics","Bottled Flame","All Out Attack"],"gold_per_floor":[114,92,105,161,181,181,181,192,192,192,210,223,243,259,259,363,363,375,375,6,6,18],"floor_reached":23,"campfire_rested":1,"playtime":2022,"current_hp_per_floor":[70,70,69,69,69,69,69,64,64,64,51,51,50,57,76,45,76,49,33,33,33,22],"items_purged":["Malaise"],"gold":18,"score":185,"play_id":"590fa0f7-9c58-408f-b36c-564c2e7ba662","is_prod":false,"is_daily":false,"is_ascension_mode":false,"campfire_upgraded":1,"path_taken":["M","$","M","?","?","R","?","M","T","?","?","M","?","M","R","BOSS","M","?","$","?","M","E"],"build_version":"2018-02-22-PROD2","purchased_purges":1,"victory":false,"master_deck":["Defend_G","Defend_G","Defend_G","Defend_G","Defend_G","Strike_G","Strike_G","Strike_G","Strike_G","Strike_G","Survivor","Neutralize","Dagger Spray+1","After Image","Backstab","Noxious Fumes","Heel Hook","Outmaneuver","Acrobatics","Flying Knee","Outmaneuver","Night Terror","All Out Attack","Underhanded Strike"],"max_hp_per_floor":[70,70,70,70,70,70,70,70,70,70,72,74,76,76,76,76,76,78,78,78,78,78],"relics":["Orrery","Unceasing Top","Singing Bowl","Runic Pyramid","Nilry\u0027s Codex","Bottled Flame"],"card_choices":[{"not_picked":["All Out Attack","Quick Slash"],"picked":"Dagger Spray"},{"not_picked":["Dagger Spray","Malaise"],"picked":"After Image"},{"not_picked":["Reflex","Backflip"],"picked":"Backstab"},{"not_picked":["Masterful Stab","Sucker Punch"],"picked":"Noxious Fumes"},{"not_picked":["PiercingWail","Flechettes"],"picked":"Heel Hook"},{"not_picked":["Deadly Poison","Leg Sweep"],"picked":"Outmaneuver"},{"not_picked":["Masterful Stab","Finisher"],"picked":"Prepared"},{"not_picked":["Catalyst","PiercingWail"],"picked":"Flying Knee"},{"not_picked":["Choke","Poisoned Stab"],"picked":"Malaise"},{"not_picked":["Backflip","Poisoned Stab"],"picked":"Outmaneuver"},{"not_picked":["Unload","After Image"],"picked":"Night Terror"},{"not_picked":["Predator","Footwork"],"picked":"Underhanded Strike"}],"player_experience":74066,"potions_floor_usage":[12,14,16,16,22,22,23],"damage_taken":[{"damage":0,"enemies":"Small Slimes","floor":1,"turns":3},{"damage":1,"enemies":"Jaw Worm","floor":3,"turns":3},{"damage":0,"enemies":"Cultist","floor":5,"turns":4},{"damage":5,"enemies":"2 Fungi Beasts","floor":8,"turns":3},{"damage":15,"enemies":"Red Slaver","floor":11,"turns":4},{"damage":2,"enemies":"Blue Slaver","floor":12,"turns":3},{"damage":3,"enemies":"Exordium Thugs","floor":13,"turns":6},{"damage":5,"enemies":"Lots of Slimes","floor":14,"turns":5},{"damage":31,"enemies":"Slime Boss","floor":16,"turns":9},{"damage":29,"enemies":"Chosen","floor":18,"turns":11},{"damage":11,"enemies":"Spheric Guardian","floor":22,"turns":4},{"damage":23,"enemies":"Slavers","floor":23,"turns":3}],"event_choices":[{"event_name":"Golden Wing","player_choice":"Gained Gold","floor":4,"damage_taken":0},{"event_name":"Wheel of Change","player_choice":"Card Removal","floor":7,"damage_taken":0},{"event_name":"Cursed Tome","player_choice":"Obtained Book","floor":19,"damage_taken":0},{"event_name":"The Lab","player_choice":"Got Potions","floor":21,"damage_taken":0}],"boss_relics":[{"not_picked":["Lizard Tail","White Beast Statue"],"picked":"Runic Pyramid"}],"potions_floor_spawned":[1,3,12,13,18],"seed_played":"-2100077591184299897","killed_by":"Slavers","ascension_level":0,"is_trial":false}