{"gold_per_floor":[219,239,15,26,301,301,319,319,319,353,353,288,300,314,314,314],"floor_reached":16,"playtime":618,"items_purged":[],"score":204,"play_id":"236ca87a-8d03-42ed-8a34-99e1a2fb4f5b","local_time":"20190222230322","is_ascension_mode":true,"campfire_choices":[{"data":"Bash","floor":6,"key":"SMITH"},{"data":"Twin Strike","floor":8,"key":"SMITH"},{"data":"Clothesline","floor":11,"key":"SMITH"},{"data":"True Grit","floor":15,"key":"SMITH"}],"neow_cost":"NONE","seed_source_timestamp":7133487979901,"circlet_count":0,"master_deck":["AscendersBane","Strike_R","Strike_R","Strike_R","Strike_R","Strike_R","Defend_R","Defend_R","Defend_R","Defend_R","Bash+1","Twin Strike+1","Shrug It Off","Reckless Charge","Regret","Wild Strike","Clothesline+1","True Grit+1"],"relics":["Burning Blood","Medical Kit","Mummified Hand","Bronze Scales"],"potions_floor_usage":[16,16],"damage_taken":[{"damage":2,"enemies":"Cultist","floor":1,"turns":4},{"damage":9,"enemies":"Jaw Worm","floor":2,"turns":3},{"damage":0,"enemies":"2 Louse","floor":4,"turns":4},{"damage":2,"enemies":"Large Slime","floor":7,"turns":4},{"damage":33,"enemies":"Gremlin Nob","floor":10,"turns":4},{"damage":18,"enemies":"Lots of Slimes","floor":13,"turns":4},{"damage":25,"enemies":"Exordium Wildlife","floor":14,"turns":6},{"damage":17,"enemies":"Hexaghost","floor":16,"turns":7}],"seed_played":"-6928544356816709014","potions_obtained":[{"floor":13,"key":"LiquidBronze"},{"floor":14,"key":"AttackPotion"}],"is_trial":false,"path_per_floor":["M","M","$","M","?","R","M","R","T","E","R","?","M","M","R","B"],"character_chosen":"IRONCLAD","items_purchased":["Medical Kit"],"campfire_rested":0,"item_purchase_floors":[3],"current_hp_per_floor":[72,69,69,75,75,75,75,75,75,48,48,48,36,17,17,0],"gold":314,"neow_bonus":"HUNDRED_GOLD","is_prod":false,"is_daily":false,"chose_seed":false,"campfire_upgraded":4,"win_rate":0,"timestamp":1550873002,"path_taken":["M","M","$","M","?","R","?","R","T","E","R","?","?","M","R","BOSS"],"build_version":"2019-02-06","purchased_purges":0,"victory":false,"max_hp_per_floor":[75,75,75,75,75,75,75,75,75,75,75,75,75,75,75,75],"card_choices":[{"not_picked":["Havoc","Warcry"],"picked":"Twin Strike","floor":1},{"not_picked":["Pommel Strike","Warcry"],"picked":"Shrug It Off","floor":2},{"not_picked":["Flex","Limit Break"],"picked":"Reckless Charge","floor":4},{"not_picked":["Thunderclap","Bloodletting"],"picked":"Wild Strike","floor":7},{"not_picked":["Hemokinesis","Armaments"],"picked":"Clothesline","floor":10},{"not_picked":["Clothesline","Seeing Red"],"picked":"True Grit","floor":13},{"not_picked":["Heavy Blade","Infernal Blade","Sever Soul"],"picked":"SKIP","floor":14}],"player_experience":969959,"relics_obtained":[{"floor":10,"key":"Mummified Hand"}],"event_choices":[{"damage_healed":0,"gold_gain":275,"player_choice":"Desecrate","damage_taken":0,"max_hp_gain":0,"max_hp_loss":0,"event_name":"Golden Shrine","floor":5,"gold_loss":0,"cards_obtained":["Regret"]},{"damage_healed":0,"gold_gain":0,"player_choice":"Paid Gold","damage_taken":0,"relics_obtained":["Bronze Scales"],"max_hp_gain":0,"max_hp_loss":0,"event_name":"WeMeetAgain","floor":12,"gold_loss":65}],"is_beta":true,"boss_relics":[],"items_purged_floors":[],"is_endless":false,"potions_floor_spawned":[13,14],"killed_by":"Hexaghost","ascension_level":20}