{"path_per_floor":["M","M","?","?","M","R","M","R","T","$","M","M","M","?","R","B",null,"M","?","$","M","M","R","?","R","T","M","?","?","M","$","R"],"character_chosen":"THE_SILENT","items_purchased":["Enlightenment","Orichalcum","Tingsha","PiercingWail"],"gold_per_floor":[117,129,129,129,144,144,164,164,218,143,157,170,189,189,189,286,316,331,331,6,16,28,28,28,28,328,345,345,345,365,43,43,43],"floor_reached":33,"campfire_rested":3,"playtime":1571,"current_hp_per_floor":[70,69,55,55,50,50,33,54,54,54,53,48,48,70,70,42,75,73,66,66,60,34,56,56,56,56,52,52,52,16,16,38,0],"items_purged":["Regret"],"gold":43,"score":251,"play_id":"b65b14c7-cc98-4386-8291-b9fb3250164c","local_time":"20180325220131","is_prod":false,"is_daily":false,"is_ascension_mode":true,"campfire_upgraded":1,"timestamp":1522024291,"path_taken":["M","M","?","?","M","R","M","R","T","$","M","M","?","?","R","BOSS","M","?","$","M","M","R","?","R","T","M","?","?","M","$","R","BOSS"],"build_version":"2018-03-22v2","purchased_purges":1,"victory":false,"master_deck":["Defend_G","Defend_G","Defend_G","Defend_G+1","Strike_G","Strike_G","Strike_G","Strike_G+1","Survivor","Backflip+1","Predator+1","Dagger Throw+1","Expertise+1","PiercingWail","Riddle With Holes","Endless Agony+1","Adrenaline","Prepared","Enlightenment","Dodge and Roll+1","Underhanded Strike+1","PiercingWail","Sucker Punch+1"],"max_hp_per_floor":[70,70,70,70,70,70,70,70,70,70,70,70,70,70,70,70,75,75,75,75,75,75,75,75,75,75,75,75,75,75,75,75,75],"relics":["Astrolabe","Shovel","Centennial Puzzle","Pen Nib","Happy Flower","Tiny House","Orichalcum","Old Coin","Dream Catcher","Tingsha"],"card_choices":[{"not_picked":["Infinite Blades","Deadly Poison"],"picked":"Expertise","floor":2},{"not_picked":["Bane","Calculated Gamble"],"picked":"PiercingWail","floor":5},{"not_picked":["Choke","Poisoned Stab"],"picked":"Riddle With Holes","floor":11},{"not_picked":["Underhanded Strike","Malaise"],"picked":"Endless Agony","floor":13},{"not_picked":["Envenom","Wraith Form"],"picked":"Adrenaline","floor":16},{"not_picked":["Setup","Quick Slash"],"picked":"Prepared","floor":18},{"not_picked":["Backflip","Predator"],"picked":"Dodge and Roll","floor":21},{"not_picked":["Flying Knee","Deadly Poison"],"picked":"Underhanded Strike","floor":27},{"not_picked":["Flying Knee","Masterful Stab"],"picked":"Sucker Punch","floor":32}],"player_experience":239723,"potions_floor_usage":[13,13,16,16,27,27,30],"damage_taken":[{"damage":0,"enemies":"2 Louse","floor":1,"turns":2},{"damage":1,"enemies":"Jaw Worm","floor":2,"turns":3},{"damage":5,"enemies":"Cultist","floor":5,"turns":3},{"damage":17,"enemies":"Exordium Wildlife","floor":7,"turns":5},{"damage":1,"enemies":"2 Fungi Beasts","floor":11,"turns":3},{"damage":5,"enemies":"3 Louse","floor":12,"turns":2},{"damage":0,"enemies":"Lots of Slimes","floor":13,"turns":3},{"damage":28,"enemies":"The Guardian","floor":16,"turns":18},{"damage":2,"enemies":"Spheric Guardian","floor":18,"turns":3},{"damage":6,"enemies":"Shell Parasite","floor":21,"turns":5},{"damage":26,"enemies":"Cultist and Chosen","floor":22,"turns":7},{"damage":4,"enemies":"3 Cultists","floor":27,"turns":6},{"damage":36,"enemies":"Chosen and Byrds","floor":30,"turns":7},{"damage":43,"enemies":"Champ","floor":33,"turns":9}],"event_choices":[{"event_name":"Shining Light","player_choice":"Entered Light","floor":3,"damage_taken":0},{"event_name":"Big Fish","player_choice":"Box","floor":4,"damage_taken":0},{"event_name":"Wheel of Change","player_choice":"Full Heal","floor":14,"damage_taken":0},{"event_name":"Wheel of Change","player_choice":"Damage","floor":19,"damage_taken":0},{"event_name":"Drug Dealer","player_choice":"Ignored","floor":24,"damage_taken":0},{"event_name":"Vampires","player_choice":"Ignored","floor":28,"damage_taken":0},{"event_name":"The Mausoleum","player_choice":"Yes","floor":29,"damage_taken":0}],"boss_relics":[{"not_picked":["Snecko Eye","Sozu"],"picked":"Tiny House"}],"potions_floor_spawned":[2,11,12,13,22,27],"seed_played":"-1338359125053800261","killed_by":"Champ","ascension_level":1,"is_trial":false}