{"path_per_floor":["M","$","?","M","?","R","M","M","T","T","E","M","$","?","R","B",null,"M","?","?","?","?","R","M","$","T","M","E","?","$","M","R"],"character_chosen":"IRONCLAD","items_purchased":["Cleave","Infernal Blade","Gambling Chip","Block Potion"],"gold_per_floor":[112,60,60,75,175,175,185,205,205,205,230,240,94,94,94,198,198,210,125,125,125,305,305,319,28,28,42,76,76,24,41,41],"floor_reached":33,"campfire_rested":4,"playtime":1688,"current_hp_per_floor":[79,79,79,68,68,80,77,75,75,75,48,33,33,33,57,57,80,80,80,80,80,56,80,55,55,55,55,10,10,10,10,34],"items_purged":["Regret"],"gold":41,"score":313,"play_id":"e42658f6-4fec-4f8d-ba7e-45ac3ffeeff7","local_time":"20180312004552","is_prod":false,"is_daily":false,"is_ascension_mode":false,"campfire_upgraded":0,"timestamp":1520824552,"path_taken":["M","$","?","M","?","R","M","M","T","?","E","M","$","?","R","BOSS","M","?","?","?","?","R","M","$","T","M","E","?","?","M","R","BOSS"],"build_version":"2018-03-09","purchased_purges":1,"victory":false,"master_deck":["Strike_R","Strike_R","Strike_R","Strike_R","Strike_R","Defend_R","Defend_R","Defend_R","Defend_R","Bash","Shrug It Off","Cleave","Armaments","Dual Wield","Burning Pact","Berserk","Infernal Blade","Impervious","Ghostly Armor","Rage+1"],"max_hp_per_floor":[80,80,80,80,80,80,80,80,80,80,80,80,80,80,80,80,80,80,80,80,80,80,80,80,80,80,80,80,80,80,80,80],"relics":["Snecko Eye","Sundial","Frozen Eye","Shovel","Juzu Bracelet","Lizard Tail","Letter Opener","Du-Vu Doll","Gambling Chip","Thread and Needle","Smiling Mask"],"card_choices":[{"not_picked":["Corruption","Clothesline"],"picked":"Shrug It Off"},{"not_picked":["Rupture","Feel No Pain"],"picked":"Armaments"},{"not_picked":["Shockwave","Dropkick"],"picked":"Dual Wield"},{"not_picked":["Clash","Body Slam"],"picked":"Burning Pact"},{"not_picked":["Power Through","Iron Wave"],"picked":"Berserk"},{"not_picked":["Double Tap","Offering"],"picked":"Impervious"},{"not_picked":["Perfected Strike","Armaments"],"picked":"Infernal Blade"},{"not_picked":["Twin Strike","Pommel Strike"],"picked":"Rage"}],"player_experience":163730,"potions_floor_usage":[11,12,27,28,31,31],"damage_taken":[{"damage":1,"enemies":"2 Louse","floor":1,"turns":3},{"damage":11,"enemies":"Small Slimes","floor":4,"turns":3},{"damage":3,"enemies":"Cultist","floor":7,"turns":4},{"damage":2,"enemies":"Gremlin Gang","floor":8,"turns":2},{"damage":27,"enemies":"Gremlin Nob","floor":11,"turns":5},{"damage":15,"enemies":"Blue Slaver","floor":12,"turns":4},{"damage":0,"enemies":"Slime Boss","floor":16,"turns":5},{"damage":0,"enemies":"Chosen","floor":18,"turns":6},{"damage":25,"enemies":"2 Thieves","floor":24,"turns":5},{"damage":0,"enemies":"Snecko","floor":27,"turns":7},{"damage":45,"enemies":"Slavers","floor":28,"turns":11},{"damage":0,"enemies":"Centurion and Healer","floor":31,"turns":6},{"damage":123,"enemies":"Collector","floor":33,"turns":10}],"event_choices":[{"event_name":"Big Fish","player_choice":"Box","floor":3,"damage_taken":0},{"event_name":"Golden Shrine","player_choice":"Pray","floor":5,"damage_taken":0},{"event_name":"Shining Light","player_choice":"Ignored","floor":14,"damage_taken":0},{"event_name":"Addict","player_choice":"Obtained Relic","floor":19,"damage_taken":0},{"event_name":"The Mausoleum","player_choice":"Yes","floor":20,"damage_taken":0},{"event_name":"The Library","player_choice":"Read","floor":21,"damage_taken":0},{"event_name":"Knowing Skull","player_choice":"GOLD GOLD ","floor":22,"damage_taken":0},{"event_name":"Purifier","player_choice":"One Purge","floor":29,"damage_taken":0}],"boss_relics":[{"not_picked":["Tiny House","Sozu"],"picked":"Lizard Tail"}],"potions_floor_spawned":[1,7,18,24,28],"seed_played":"3074096126597159781","killed_by":"Collector","ascension_level":0,"is_trial":false}