{"gold_per_floor":[116,116,127,127,142,142,59,59,59,4,42,42,42,82,82,82],"floor_reached":16,"playtime":536,"items_purged":[],"score":212,"play_id":"cd559555-4647-4682-9489-e1ffe7c32cb9","local_time":"20190130200618","is_ascension_mode":true,"campfire_choices":[{"data":"Zap","floor":6,"key":"SMITH"},{"data":"Defragment","floor":8,"key":"SMITH"},{"data":"Multi-Cast","floor":12,"key":"SMITH"},{"data":"Sunder","floor":15,"key":"SMITH"}],"neow_cost":"NONE","seed_source_timestamp":2310795538316,"circlet_count":0,"master_deck":["AscendersBane","Strike_B","Strike_B","Strike_B","Defend_B","Defend_B","Defend_B","Defend_B","Zap+1","Dualcast","Multi-Cast+1","Turbo","Leap","Hologram","Defragment+1","Multi-Cast+1","Sunder+1"],"relics":["Cracked Core","Golden Idol","Mango","Pear"],"potions_floor_usage":[14,16],"damage_taken":[{"damage":1,"enemies":"2 Louse","floor":1,"turns":2},{"damage":5,"enemies":"Small Slimes","floor":3,"turns":3},{"damage":0,"enemies":"Cultist","floor":5,"turns":3},{"damage":20,"enemies":"Lagavulin","floor":11,"turns":7},{"damage":33,"enemies":"3 Sentries","floor":14,"turns":9},{"damage":28,"enemies":"Slime Boss","floor":16,"turns":6}],"seed_played":"-3496715439131174354","potions_obtained":[{"floor":3,"key":"SteroidPotion"},{"floor":11,"key":"Strength Potion"},{"floor":14,"key":"Ancient Potion"}],"is_trial":false,"path_per_floor":["M","?","M","?","M","R","$","R","T","$","E","R","?","E","R","B"],"character_chosen":"DEFECT","items_purchased":["Defragment","Poison Potion"],"campfire_rested":0,"item_purchase_floors":[7,10],"current_hp_per_floor":[63,63,58,58,58,58,58,58,72,72,52,52,45,22,22,0],"gold":82,"neow_bonus":"ONE_RANDOM_RARE_CARD","is_prod":false,"is_daily":false,"chose_seed":false,"campfire_upgraded":4,"win_rate":0,"timestamp":1548875178,"path_taken":["M","?","M","?","M","R","$","R","T","$","E","R","?","E","R","BOSS"],"build_version":"2019-01-23","purchased_purges":0,"victory":false,"max_hp_per_floor":[71,71,71,64,64,64,64,64,78,78,78,78,78,88,88,88],"card_choices":[{"not_picked":["Streamline","Rebound"],"picked":"Turbo","floor":1},{"not_picked":["Storm","Gash"],"picked":"Leap","floor":3},{"not_picked":["Stack","Genetic Algorithm"],"picked":"Hologram","floor":5},{"not_picked":["Steam Power","Sweeping Beam"],"picked":"Multi-Cast","floor":11},{"not_picked":["Beam Cell","Go for the Eyes"],"picked":"Sunder","floor":14}],"player_experience":935007,"relics_obtained":[{"floor":9,"key":"Mango"},{"floor":14,"key":"Pear"}],"event_choices":[{"damage_healed":0,"gold_gain":0,"player_choice":"Grow","damage_taken":0,"max_hp_gain":0,"max_hp_loss":0,"event_name":"Living Wall","floor":2,"gold_loss":0,"cards_upgraded":["Multi-Cast"]},{"damage_healed":0,"gold_gain":0,"player_choice":"Lose Max HP","damage_taken":0,"relics_obtained":["Golden Idol"],"max_hp_gain":0,"max_hp_loss":7,"event_name":"Golden Idol","floor":4,"gold_loss":0},{"cards_removed":["Strike_B"],"damage_healed":0,"gold_gain":0,"player_choice":"Card Removal","damage_taken":7,"max_hp_gain":0,"max_hp_loss":0,"event_name":"Golden Wing","floor":13,"gold_loss":0}],"is_beta":true,"boss_relics":[],"items_purged_floors":[],"is_endless":false,"potions_floor_spawned":[3,11,14],"killed_by":"Slime Boss","ascension_level":20}