{"path_per_floor":["M","M","M","M","M","R","E","M","T","R","M","R","$","?","R","B",null,"M","?","$","M","M"],"character_chosen":"IRONCLAD","items_purchased":[],"gold_per_floor":[116,130,150,162,175,175,209,225,225,225,240,240,165,165,165,269,269,288,288,188,207,219,219],"floor_reached":23,"campfire_rested":2,"playtime":1044,"current_hp_per_floor":[44,44,50,29,17,41,34,35,35,59,60,60,60,60,60,12,80,41,41,41,38,19,0],"items_purged":["Strike_R","Defend_R"],"gold":219,"score":220,"play_id":"0f0cc40b-d32a-4649-a2d4-cea0319f145c","local_time":"20180422161930","is_prod":false,"is_daily":false,"chose_seed":false,"is_ascension_mode":false,"campfire_upgraded":2,"timestamp":1524428370,"path_taken":["M","M","M","M","M","R","E","M","T","R","M","R","$","?","R","BOSS","M","?","$","M","M","E"],"build_version":"2018-04-19","seed_source_timestamp":92234626545220,"purchased_purges":2,"victory":false,"master_deck":["Bash+1","Flame Barrier","Pommel Strike","Headbutt+1","Warcry","Flex","Reckless Charge","Shrug It Off","Berserk","Headbutt+1","Corruption+1","Combust+1","Flex+1","Bite","Bite","Bite","Bite","Bite","Whirlwind","Flame Barrier+1"],"max_hp_per_floor":[80,80,80,80,80,80,80,80,80,80,80,80,80,80,80,80,80,80,80,80,80,80,80],"relics":["Burning Blood","Ornamental Fan","Astrolabe"],"card_choices":[{"not_picked":["Thunderclap","Dropkick"],"picked":"Flame Barrier","floor":1},{"not_picked":["Body Slam","Hemokinesis"],"picked":"Pommel Strike","floor":2},{"not_picked":["Clash","Brutality"],"picked":"Headbutt","floor":3},{"not_picked":["Perfected Strike","Flex"],"picked":"Warcry","floor":4},{"not_picked":["Pummel","Reckless Charge"],"picked":"Flex","floor":5},{"not_picked":["Body Slam","Headbutt"],"picked":"Reckless Charge","floor":7},{"not_picked":["Combust","Headbutt"],"picked":"Shrug It Off","floor":8},{"not_picked":["Barricade","Juggernaut"],"picked":"Berserk","floor":16},{"not_picked":["Clothesline","Dropkick"],"picked":"Flex","floor":18},{"not_picked":["Second Wind","Twin Strike"],"picked":"Whirlwind","floor":21},{"not_picked":["Ghostly Armor","Pommel Strike"],"picked":"Flame Barrier","floor":22}],"player_experience":16825,"potions_floor_usage":[7,7,11,16,21,22],"damage_taken":[{"damage":2,"enemies":"2 Louse","floor":1,"turns":4},{"damage":6,"enemies":"Cultist","floor":2,"turns":5},{"damage":0,"enemies":"Jaw Worm","floor":3,"turns":4},{"damage":27,"enemies":"Exordium Thugs","floor":4,"turns":7},{"damage":18,"enemies":"Large Slime","floor":5,"turns":7},{"damage":13,"enemies":"Gremlin Nob","floor":7,"turns":3},{"damage":5,"enemies":"Exordium Wildlife","floor":8,"turns":3},{"damage":7,"enemies":"Exordium Thugs","floor":11,"turns":7},{"damage":56,"enemies":"The Guardian","floor":16,"turns":13},{"damage":45,"enemies":"Chosen","floor":18,"turns":6},{"damage":21,"enemies":"Spheric Guardian","floor":21,"turns":4},{"damage":31,"enemies":"Cultist and Chosen","floor":22,"turns":4},{"damage":22,"enemies":"Slavers","floor":23,"turns":2}],"event_choices":[{"event_name":"Bonfire Elementals","player_choice":"BASIC","floor":14,"damage_taken":0},{"event_name":"Vampires","player_choice":"Became a vampire (Vial)","floor":19,"damage_taken":0}],"boss_relics":[{"not_picked":["Velvet Choker","Eternal Feather"],"picked":"Astrolabe"}],"potions_floor_spawned":[1,3,5,11,16,18],"seed_played":"8033286986389509034","killed_by":"Slavers","ascension_level":0,"is_trial":false}