{"path_per_floor":["M","M","?","M","?","R","M","M","T","R","?","M","M","E","R","B",null,"M","$","M","?","M","R","E","?","T"],"character_chosen":"DEFECT","items_purchased":["Juzu Bracelet","Defragment"],"gold_per_floor":[112,123,373,393,393,393,417,438,438,438,388,403,421,455,455,585,585,604,305,329,329,348,348,379,414,438,438],"floor_reached":27,"campfire_rested":1,"playtime":1185,"item_purchase_floors":[19,19],"current_hp_per_floor":[37,37,37,35,17,17,13,10,20,20,20,19,18,17,42,31,85,80,80,65,65,46,46,20,10,10,0],"items_purged":["Strike_B"],"gold":438,"score":247,"play_id":"ff3e78a0-f47f-4755-b905-787458720b90","local_time":"20180601192509","is_prod":false,"is_daily":false,"chose_seed":false,"is_ascension_mode":true,"campfire_upgraded":3,"win_rate":0.0,"timestamp":1527895509,"campfire_choices":[{"data":"Dualcast","floor":6,"key":"SMITH"},{"data":"Redo","floor":10,"key":"SMITH"},{"floor":15,"key":"REST"},{"data":"Defragment","floor":23,"key":"SMITH"}],"path_taken":["M","M","?","M","?","R","M","M","T","R","?","M","M","E","R","BOSS","M","$","M","?","M","R","E","?","T","M"],"build_version":"2018-05-31","seed_source_timestamp":20027054062584,"purchased_purges":1,"victory":false,"master_deck":["Strike_B","Strike_B","Defend_B","Defend_B","Defend_B","Zap","Dualcast+1","Coolheaded","Leap","Redo+1","Darkness","Go for the Eyes","Melter","Reboot","White Noise","Defragment+1","Auto Shields","Dualcast+1","Ball Lightning","Self Repair"],"max_hp_per_floor":[75,75,75,75,75,75,75,75,85,85,85,85,85,85,85,85,85,85,85,85,85,85,85,85,85,85,85],"relics":["Cracked Core","Golden Idol","Pear","Matryoshka","Nuclear Battery","Juzu Bracelet","Oddly Smooth Stone","Red Mask","Ornamental Fan","Singing Bowl"],"card_choices":[{"not_picked":["Barrage","Undo"],"picked":"Coolheaded","floor":1},{"not_picked":["Coolheaded","Compile Driver"],"picked":"Leap","floor":2},{"not_picked":["Double Energy","Aggregate"],"picked":"Redo","floor":4},{"not_picked":["Genetic Algorithm","Chaos"],"picked":"Darkness","floor":7},{"not_picked":["Lockon","Stack","Skim"],"picked":"SKIP","floor":8},{"not_picked":["Leap","Steam"],"picked":"Go for the Eyes","floor":12},{"not_picked":["Genetic Algorithm","Steam Power"],"picked":"Melter","floor":13},{"not_picked":["Gash","Leap","Go for the Eyes"],"picked":"SKIP","floor":14},{"not_picked":["Echo Form","Buffer"],"picked":"Reboot","floor":16},{"not_picked":["Barrage","Static Discharge"],"picked":"White Noise","floor":18},{"not_picked":["Genetic Algorithm","Coolheaded"],"picked":"Auto Shields","floor":20},{"not_picked":["Genetic Algorithm","White Noise"],"picked":"Ball Lightning","floor":22},{"not_picked":["Coolheaded+1","Glacier"],"picked":"Self Repair","floor":24}],"player_experience":229962,"potions_floor_usage":[14,14,25],"damage_taken":[{"damage":1,"enemies":"2 Louse","floor":1,"turns":3},{"damage":0,"enemies":"Cultist","floor":2,"turns":4},{"damage":2,"enemies":"Small Slimes","floor":4,"turns":3},{"damage":4,"enemies":"3 Louse","floor":7,"turns":3},{"damage":3,"enemies":"Exordium Wildlife","floor":8,"turns":5},{"damage":1,"enemies":"Large Slime","floor":12,"turns":6},{"damage":1,"enemies":"Exordium Thugs","floor":13,"turns":5},{"damage":1,"enemies":"Lagavulin","floor":14,"turns":5},{"damage":11,"enemies":"Hexaghost","floor":16,"turns":8},{"damage":5,"enemies":"Spheric Guardian","floor":18,"turns":3},{"damage":15,"enemies":"Chosen","floor":20,"turns":5},{"damage":19,"enemies":"Snake Plant","floor":22,"turns":4},{"damage":26,"enemies":"Book of Stabbing","floor":24,"turns":6},{"damage":17,"enemies":"Masked Bandits","floor":25,"turns":4},{"damage":16,"enemies":"Slaver and Parasite","floor":27,"turns":2}],"relics_obtained":[{"floor":9,"key":"Pear"},{"floor":14,"key":"Matryoshka"},{"floor":24,"key":"Oddly Smooth Stone"},{"floor":25,"key":"Red Mask"},{"floor":26,"key":"Ornamental Fan"},{"floor":26,"key":"Singing Bowl"}],"event_choices":[{"event_name":"Golden Shrine","player_choice":"Desecrate","floor":3,"damage_taken":0},{"event_name":"Golden Idol","player_choice":"Take Damage","floor":5,"damage_taken":0},{"event_name":"The Cleric","player_choice":"Card Removal","floor":11,"damage_taken":0},{"event_name":"Duplicator","player_choice":"One dupe","floor":21,"damage_taken":0},{"event_name":"Masked Bandits","player_choice":"Fought over 379 gold","floor":25,"damage_taken":0}],"boss_relics":[{"not_picked":["Runic Dome","Ectoplasm"],"picked":"Nuclear Battery"}],"items_purged_floors":[19],"potions_floor_spawned":[7,8,14,16,20],"seed_played":"-3772955413130614821","killed_by":"Slaver and Parasite","ascension_level":1,"potions_obtained":[{"floor":7,"key":"Poison Potion"},{"floor":8,"key":"PowerPotion"},{"floor":14,"key":"Explosive Potion"},{"floor":16,"key":"Poison Potion"},{"floor":20,"key":"Strength Potion"}],"is_trial":false}