{"path_per_floor":["M","M","M","M","M","E","M","M","T","$","?","M","$","M","R","B",null,"M","?","M","M","$","E","?","R","T","T","R","M","?","M","R"],"character_chosen":"IRONCLAD","items_purchased":["Heavy Blade","Red Skull","Limit Break"],"gold_per_floor":[217,235,253,268,282,314,327,339,415,1,76,95,19,39,39,139,139,155,70,89,109,109,137,137,137,137,137,137,155,155,166,166,166],"floor_reached":33,"campfire_rested":3,"playtime":1221,"current_hp_per_floor":[74,78,80,65,66,55,49,45,55,55,44,50,50,54,81,18,90,89,89,60,46,46,20,20,53,53,53,53,21,21,12,45,0],"items_purged":["Strike_R"],"gold":166,"score":298,"play_id":"890a9672-4bdf-4e38-81ad-1c16734bf425","local_time":"20180427191958","is_prod":false,"is_daily":false,"chose_seed":false,"is_ascension_mode":false,"campfire_upgraded":1,"timestamp":1524871198,"path_taken":["M","?","M","M","M","E","M","M","T","$","?","M","?","M","R","BOSS","M","?","M","?","?","E","?","R","T","?","R","M","?","?","R","BOSS"],"build_version":"2018-04-26","seed_source_timestamp":37685660672127,"purchased_purges":1,"victory":false,"master_deck":["Defend_R+1","Defend_R","Defend_R","Defend_R+1","Bash","Iron Wave","Flex","Pommel Strike","Flex","Pummel","Reckless Charge","Thunderclap","Heavy Blade","Seeing Red","Limit Break","Pummel","Limit Break+1","Warcry","Headbutt+1","Spot Weakness+1","Whirlwind","Bite","Bite","Bite","Bite","Bite","Cleave+1"],"max_hp_per_floor":[80,80,80,80,80,80,80,80,90,90,90,90,90,90,90,90,90,90,90,90,90,90,90,63,63,63,63,63,63,63,63,63,63],"relics":["Burning Blood","War Paint","Pear","Red Skull","White Beast Statue","Regal Pillow","Toolbox","Unceasing Top","Ice Cream"],"card_choices":[{"not_picked":["Perfected Strike","Wild Strike"],"picked":"Iron Wave","floor":1},{"not_picked":["Impervious","Armaments"],"picked":"Flex","floor":2},{"not_picked":["Armaments","Burning Pact"],"picked":"Pommel Strike","floor":3},{"not_picked":["Armaments","Iron Wave"],"picked":"Flex","floor":4},{"not_picked":["Twin Strike","Brutality"],"picked":"Pummel","floor":6},{"not_picked":["Clash","Sever Soul"],"picked":"Reckless Charge","floor":7},{"not_picked":["Flex","Disarm"],"picked":"Thunderclap","floor":8},{"not_picked":["Feel No Pain","Pommel Strike"],"picked":"Seeing Red","floor":12},{"not_picked":["Perfected Strike","Thunderclap"],"picked":"Pummel","floor":14},{"not_picked":["Dark Embrace","Feed"],"picked":"Limit Break","floor":16},{"not_picked":["Sword Boomerang","Second Wind"],"picked":"Warcry","floor":18},{"not_picked":["Havoc","Reckless Charge"],"picked":"Headbutt","floor":20},{"not_picked":["Twin Strike","Flex"],"picked":"Spot Weakness","floor":21},{"not_picked":["Corruption","Flex"],"picked":"Whirlwind","floor":23},{"not_picked":["Thunderclap","Metallicize"],"picked":"Cleave","floor":31}],"player_experience":88713,"potions_floor_usage":[16,18,23,23,29,31,31,33,33],"damage_taken":[{"damage":12,"enemies":"Cultist","floor":1,"turns":5},{"damage":2,"enemies":"Jaw Worm","floor":2,"turns":5},{"damage":0,"enemies":"Small Slimes","floor":3,"turns":3},{"damage":21,"enemies":"Exordium Thugs","floor":4,"turns":7},{"damage":5,"enemies":"Looter","floor":5,"turns":4},{"damage":17,"enemies":"3 Sentries","floor":6,"turns":7},{"damage":12,"enemies":"Gremlin Gang","floor":7,"turns":6},{"damage":10,"enemies":"Exordium Thugs","floor":8,"turns":4},{"damage":0,"enemies":"Red Slaver","floor":12,"turns":1},{"damage":2,"enemies":"Looter","floor":14,"turns":3},{"damage":69,"enemies":"The Guardian","floor":16,"turns":10},{"damage":7,"enemies":"Chosen","floor":18,"turns":4},{"damage":35,"enemies":"2 Thieves","floor":20,"turns":4},{"damage":20,"enemies":"Snecko","floor":21,"turns":5},{"damage":41,"enemies":"Gremlin Leader","floor":23,"turns":6},{"damage":44,"enemies":"Cultist and Chosen","floor":29,"turns":6},{"damage":21,"enemies":"Slaver and Parasite","floor":31,"turns":3},{"damage":50,"enemies":"Automaton","floor":33,"turns":4}],"event_choices":[{"event_name":"World of Goop","player_choice":"Gather Gold","floor":11,"damage_taken":0},{"event_name":"Addict","player_choice":"Obtained Relic","floor":19,"damage_taken":0},{"event_name":"Vampires","player_choice":"Became a vampire","floor":24,"damage_taken":0},{"event_name":"The Lab","player_choice":"Got Potions","floor":30,"damage_taken":0}],"boss_relics":[{"not_picked":["Runic Dome","Mark of Pain"],"picked":"White Beast Statue"}],"potions_floor_spawned":[2,3,4,7,12,16,18,20,21,23,29,31],"seed_played":"8011830191317967907","killed_by":"Automaton","ascension_level":0,"is_trial":false}