{"path_per_floor":["M","?","?","?","?","R","$","R","T","M","M","$","?","$","R","B",null,"M","M","?","?","?","R","M","E","T","$","R","M","?","M","R","B",null,"M","$","?","M","M","R","E","R","T","M","R","M","$","?","R"],"character_chosen":"IRONCLAD","items_purchased":["Shrug It Off","Armaments","Sword Boomerang","Regal Pillow","Perfected Strike","Shockwave","Block Potion","Pommel Strike","Regen Potion","Cleave"],"gold_per_floor":[110,110,110,185,185,185,7,7,7,23,36,36,36,14,14,114,144,161,179,179,179,179,179,192,219,219,22,22,40,40,60,60,160,160,180,47,0,18,38,38,67,67,90,103,103,121,21,21,21],"floor_reached":50,"campfire_rested":8,"playtime":3792,"current_hp_per_floor":[79,79,76,65,65,65,65,80,80,80,79,79,79,79,79,57,85,70,50,50,50,50,75,67,10,10,10,50,41,41,20,60,14,85,51,51,51,42,30,70,10,50,50,19,59,46,46,46,85],"items_purged":["Normality"],"gold":21,"play_id":"113120ce-e729-4899-a94a-c0abc73870cb","is_prod":false,"is_daily":false,"is_ascension_mode":false,"campfire_upgraded":2,"path_taken":["M","?","?","?","?","R","$","R","T","M","?","$","?","?","R","BOSS","M","M","?","?","?","R","M","E","T","$","R","?","?","M","R","BOSS","M","$","?","M","M","R","E","R","T","?","R","M","$","?","R","BOSS"],"build_version":"2018-02-01-PROD3","purchased_purges":1,"victory":false,"master_deck":["Strike_R+1","Strike_R","Strike_R","Strike_R","Strike_R","Defend_R","Defend_R","Defend_R","Defend_R","Bash","Cleave+1","Shrug It Off","Armaments+1","Pommel Strike","Dropkick","Sword Boomerang","Demon Form","Sword Boomerang","Battle Trance","Rampage","Armaments+1","Perfected Strike","Flex","Perfected Strike","Anger","Iron Wave","Juggernaut","Thunderclap","Shockwave","Pommel Strike","Whirlwind+1","Rage","Pommel Strike+1","Armaments+1","Rampage+1","Cleave"],"max_hp_per_floor":[80,80,80,80,80,80,80,80,80,80,80,80,80,80,80,80,85,85,85,85,85,85,85,85,85,85,85,85,85,85,85,85,85,85,85,85,85,85,85,85,85,85,85,85,85,85,85,85,85],"relics":["Velvet Choker","Bag of Marbles","Bronze Scales","Paper Frog","Tiny House","Self Forming Clay","Girya","Regal Pillow","Runic Pyramid","Red Mask","Gremlin Horn","Happy Flower"],"card_choices":[{"not_picked":["Second Wind","Inflame"],"picked":"Cleave"},{"not_picked":["Perfected Strike","Flex"],"picked":"Pommel Strike"},{"not_picked":["Clash","Flex"],"picked":"Dropkick"},{"not_picked":["Berserk","Bludgeon"],"picked":"Demon Form"},{"not_picked":["Bloodletting","Twin Strike"],"picked":"Sword Boomerang"},{"not_picked":["Warcry","Sever Soul"],"picked":"Battle Trance"},{"not_picked":["Clash","Warcry"],"picked":"Battle Trance"},{"not_picked":["Armaments","Headbutt"],"picked":"Perfected Strike"},{"not_picked":["Bloodletting","Twin Strike"],"picked":"Flex"},{"not_picked":["Rampage","Warcry"],"picked":"Anger"},{"not_picked":["True Grit","Warcry"],"picked":"Iron Wave"},{"not_picked":["Bludgeon","Berserk"],"picked":"Juggernaut"},{"not_picked":["Sword Boomerang","Armaments"],"picked":"Thunderclap"},{"not_picked":["Shockwave","Sever Soul"],"picked":"Whirlwind"},{"not_picked":["Clash","Heavy Blade"],"picked":"Rage"},{"not_picked":["Iron Wave","Pummel"],"picked":"Pommel Strike"},{"not_picked":["Reckless Charge","Body Slam"],"picked":"Armaments"},{"not_picked":["Headbutt","Armaments"],"picked":"Rampage"}],"player_experience":12616,"potions_floor_usage":[16,16,19,24,25,25,29,33,41,44,50],"damage_taken":[{"damage":1,"enemies":"Cultist","floor":1,"turns":3},{"damage":0,"enemies":"2 Louse","floor":10,"turns":1},{"damage":1,"enemies":"Jaw Worm","floor":11,"turns":2},{"damage":22,"enemies":"Hexaghost","floor":16,"turns":6},{"damage":15,"enemies":"3 Byrds","floor":18,"turns":4},{"damage":20,"enemies":"Spheric Guardian","floor":19,"turns":5},{"damage":8,"enemies":"Centurion and Healer","floor":24,"turns":4},{"damage":57,"enemies":"Slavers","floor":25,"turns":7},{"damage":9,"enemies":"Chosen and Byrds","floor":29,"turns":6},{"damage":21,"enemies":"Snake Plant","floor":31,"turns":2},{"damage":61,"enemies":"Collector","floor":33,"turns":9},{"damage":34,"enemies":"3 Shapes","floor":35,"turns":4},{"damage":9,"enemies":"Orb Walker","floor":38,"turns":4},{"damage":12,"enemies":"4 Shapes","floor":39,"turns":2},{"damage":60,"enemies":"Nemesis","floor":41,"turns":10},{"damage":31,"enemies":"Sphere and 2 Shapes","floor":44,"turns":4},{"damage":13,"enemies":"Maw","floor":46,"turns":7},{"damage":104,"enemies":"Awakened One","floor":50,"turns":11}],"event_choices":[{"event_name":"Golden Wing","player_choice":"Ignored","floor":2,"damage_taken":0},{"event_name":"Scrap Ooze","player_choice":"success","floor":3,"damage_taken":3},{"event_name":"World of Goop","player_choice":"Gather Gold","floor":4,"damage_taken":0},{"event_name":"Accursed Blacksmith","player_choice":"Rummage","floor":5,"damage_taken":0},{"event_name":"Living Wall","player_choice":"Grow","floor":13,"damage_taken":0},{"event_name":"Transmorgrifier","player_choice":"Transform","floor":20,"damage_taken":0},{"event_name":"The Lab","player_choice":"Got Potions","floor":21,"damage_taken":0},{"event_name":"Duplicator","player_choice":"One dupe","floor":22,"damage_taken":0},{"event_name":"Vampires","player_choice":"Ignored","floor":30,"damage_taken":0},{"event_name":"Tomb of Lord Red Mask","player_choice":"Paid","floor":37,"damage_taken":0},{"event_name":"Upgrade Shrine","player_choice":"Upgraded","floor":48,"damage_taken":0}],"boss_relics":[{"not_picked":["Sozu","Snecko Eye"],"picked":"Tiny House"},{"not_picked":["Lizard Tail","Mark of Pain"],"picked":"Runic Pyramid"}],"potions_floor_spawned":[10,11,16,25,31,41],"seed_played":"7833535981634545069","killed_by":"Awakened One","ascension_level":0,"is_trial":false}