{"gold_per_floor":[359,13,13,29,40,40,40,40,40,75,135,135,14,29,29,29],"floor_reached":16,"playtime":697,"items_purged":["Regret"],"score":98,"play_id":"d634725d-cd2f-4d84-898e-082ddbb08127","local_time":"20190203140026","is_ascension_mode":false,"campfire_choices":[{"data":"Blade Dance","floor":6,"key":"SMITH"},{"data":"Blade Dance","floor":8,"key":"SMITH"},{"data":"Well Laid Plans","floor":12,"key":"SMITH"},{"data":"Infinite Blades","floor":15,"key":"SMITH"}],"neow_cost":"CURSE","seed_source_timestamp":7555479991075,"circlet_count":0,"master_deck":["Defend_G","Defend_G","Defend_G+1","Defend_G","Defend_G","Strike_G","Strike_G","Strike_G","Strike_G","Strike_G","Survivor","Neutralize+1","PiercingWail","Blade Dance+1","Well Laid Plans+1","Blade Dance+1","Heel Hook","Heel Hook","Bandage Up+1","Infinite Blades+1"],"relics":["Ring of the Snake","Bag of Preparation","Singing Bowl","Matryoshka","Toxic Egg 2"],"potions_floor_usage":[16,16],"damage_taken":[{"damage":0,"enemies":"2 Louse","floor":1,"turns":3},{"damage":0,"enemies":"Jaw Worm","floor":4,"turns":5},{"damage":0,"enemies":"Cultist","floor":5,"turns":4},{"damage":14,"enemies":"Lagavulin","floor":10,"turns":8},{"damage":20,"enemies":"3 Sentries","floor":11,"turns":9},{"damage":3,"enemies":"Blue Slaver","floor":14,"turns":3},{"damage":34,"enemies":"The Guardian","floor":16,"turns":11}],"seed_played":"4814042341671938462","potions_obtained":[{"floor":1,"key":"Dexterity Potion"},{"floor":10,"key":"PowerPotion"},{"floor":14,"key":"Block Potion"}],"is_trial":false,"path_per_floor":["M","$","?","M","M","R","?","R","T","E","?","R","$","M","R","B"],"character_chosen":"THE_SILENT","items_purchased":["Blade Dance","Well Laid Plans","Bag of Preparation","Heel Hook","Bandage Up+1"],"campfire_rested":0,"item_purchase_floors":[2,2,2,13,13],"current_hp_per_floor":[70,70,56,56,56,56,56,56,56,42,24,24,24,27,27,0],"gold":29,"neow_bonus":"TWO_FIFTY_GOLD","is_prod":false,"is_daily":false,"chose_seed":false,"campfire_upgraded":4,"win_rate":0,"timestamp":1549198826,"path_taken":["M","$","?","M","M","R","?","R","T","E","?","R","?","M","R","BOSS"],"build_version":"2019-01-23","purchased_purges":1,"victory":false,"max_hp_per_floor":[70,70,70,70,70,70,70,70,70,70,72,72,72,72,72,72],"card_choices":[{"not_picked":["Poisoned Stab","Dodge and Roll"],"picked":"PiercingWail","floor":1},{"not_picked":["Masterful Stab","Underhanded Strike"],"picked":"Blade Dance","floor":4},{"not_picked":["Underhanded Strike","Prepared","Noxious Fumes"],"picked":"SKIP","floor":5},{"not_picked":["Bane","Poisoned Stab"],"picked":"Heel Hook","floor":10},{"not_picked":["Bane","Slice","Flying Knee"],"picked":"Singing Bowl","floor":11},{"not_picked":["Phantasmal Killer+1","Setup+1"],"picked":"Infinite Blades","floor":14}],"player_experience":949984,"relics_obtained":[{"floor":9,"key":"Singing Bowl"},{"floor":10,"key":"Matryoshka"},{"floor":11,"key":"Toxic Egg 2"}],"event_choices":[{"damage_healed":0,"gold_gain":0,"player_choice":"Entered Light","damage_taken":14,"max_hp_gain":0,"max_hp_loss":0,"event_name":"Shining Light","floor":3,"gold_loss":0,"cards_upgraded":["Defend_G","Neutralize"]},{"damage_healed":0,"gold_gain":0,"player_choice":"Leave","damage_taken":0,"max_hp_gain":0,"max_hp_loss":0,"event_name":"The Cleric","floor":7,"gold_loss":0},{"damage_healed":0,"gold_gain":0,"player_choice":"Searched \u00271\u0027 times","damage_taken":0,"max_hp_gain":0,"max_hp_loss":0,"event_name":"Dead Adventurer","floor":11,"gold_loss":0}],"is_beta":true,"boss_relics":[],"items_purged_floors":[2],"is_endless":false,"potions_floor_spawned":[1,10,14],"killed_by":"The Guardian","ascension_level":0}