{"path_per_floor":["M","?","M","?","?","R","M","M","T","R","M","?","M","$","R","B",null,"M","M","$","M","?","R","E","?","T","M","M","R","$","M","R","B",null,"M","M","?","?","M","$","R","M","T","M","M","R","M","M","R","B"],"character_chosen":"THE_SILENT","items_purchased":["Mercury Hourglass","Apotheosis","Dodge and Roll","Pantograph","Footwork","Secret Weapon"],"gold_per_floor":[114,114,129,129,129,129,148,167,192,192,211,211,230,155,155,280,280,299,318,68,87,87,87,125,125,175,194,213,213,6,25,25,150,150,169,188,188,521,536,33,33,48,48,63,78,78,93,108,108,108],"floor_reached":51,"campfire_rested":5,"playtime":3581,"current_hp_per_floor":[63,63,63,45,51,51,51,49,55,55,62,69,68,67,66,26,64,63,49,49,58,42,58,45,45,51,51,47,58,57,56,55,60,59,58,57,56,55,45,45,52,51,56,53,39,53,52,51,50,9],"items_purged":["Doubt"],"gold":108,"score":866,"play_id":"706f781b-9f9b-4320-ba17-c14cf7a3116a","local_time":"20180409032239","daily_mods":["Shiny","Cursed Run","Terminal"],"is_prod":false,"is_daily":true,"is_ascension_mode":false,"campfire_upgraded":4,"timestamp":1523253159,"path_taken":["M","?","M","?","?","R","?","M","T","R","M","?","M","$","R","BOSS","M","M","$","M","?","R","E","?","T","M","M","R","$","M","R","BOSS","M","M","?","?","M","$","R","?","T","M","M","R","M","M","R","BOSS"],"build_version":"2018-04-05v2","purchased_purges":2,"victory":true,"master_deck":["Adrenaline+1","Envenom","Doppelganger","Burst","Venomology","Night Terror","Phantasmal Killer","Unload","After Image","Bullet Time","Wraith Form","Storm of Steel+1","Glass Knife","Die Die Die","A Thousand Cuts","Sucker Punch","Backflip","Prepared","Injury","Acrobatics","Dagger Spray+1","Dagger Throw+1","Caltrops+1","Acrobatics+1","Backflip","Injury","Backflip+1","Blur","Apotheosis+1","Dodge and Roll","Doubt","Crippling Poison+1","Dodge and Roll","Footwork","Secret Weapon","Dodge and Roll","Pain","Footwork+1","Distraction+1","Noxious Fumes+1","Backflip+1","Deflect+1","Parasite"],"max_hp_per_floor":[68,67,66,65,70,69,68,67,72,71,70,69,68,67,66,65,64,63,62,61,60,59,58,57,56,61,60,59,58,57,56,55,60,59,58,57,56,55,54,53,52,51,56,55,54,53,52,51,50,55],"relics":["Cursed Key","Darkstone Periapt","Du-Vu Doll","Blue Candle","Omamori","Astrolabe","Mercury Hourglass","Nilry\u0027s Codex","Dream Catcher","Bag of Preparation","Lizard Tail","Pantograph","Blood Vial"],"card_choices":[{"not_picked":["Leg Sweep","Flechettes"],"picked":"Sucker Punch","floor":1},{"not_picked":["Noxious Fumes","Endless Agony"],"picked":"Prepared","floor":3},{"not_picked":["Dagger Throw","Deadly Poison"],"picked":"Acrobatics","floor":8},{"not_picked":["Dagger Throw","Well Laid Plans"],"picked":"Dagger Spray","floor":11},{"not_picked":["Infinite Blades","Adrenaline"],"picked":"Backflip","floor":24},{"not_picked":["Bouncing Flask","Poisoned Stab"],"picked":"Backflip","floor":27},{"not_picked":["Quick Slash","Footwork"],"picked":"Blur","floor":28},{"not_picked":["Outmaneuver","Heel Hook"],"picked":"Crippling Poison","floor":35},{"not_picked":["All Out Attack","Masterful Stab"],"picked":"Dodge and Roll","floor":39},{"not_picked":["Setup","Cloak And Dagger"],"picked":"Dodge and Roll","floor":41},{"not_picked":["Dodge and Roll","Caltrops"],"picked":"Footwork","floor":44},{"not_picked":["Sucker Punch","Caltrops"],"picked":"Distraction","floor":45},{"not_picked":["Prepared","Heel Hook"],"picked":"Noxious Fumes","floor":46},{"not_picked":["Dodge and Roll","Outmaneuver"],"picked":"Backflip","floor":47},{"not_picked":["Underhanded Strike","Wraith Form"],"picked":"Deflect","floor":48}],"player_experience":319134,"potions_floor_usage":[11,11,16,16,16,16,19,19,21,24,28,33,35,36,39,39,39,42,45,45,47,50,50,50],"damage_taken":[{"damage":6,"enemies":"Jaw Worm","floor":1,"turns":3},{"damage":0,"enemies":"Cultist","floor":3,"turns":3},{"damage":0,"enemies":"Small Slimes","floor":7,"turns":3},{"damage":2,"enemies":"Looter","floor":8,"turns":2},{"damage":2,"enemies":"Exordium Wildlife","floor":11,"turns":5},{"damage":0,"enemies":"Large Slime","floor":13,"turns":2},{"damage":49,"enemies":"The Guardian","floor":16,"turns":8},{"damage":0,"enemies":"3 Byrds","floor":18,"turns":3},{"damage":14,"enemies":"Chosen","floor":19,"turns":5},{"damage":0,"enemies":"Centurion and Healer","floor":21,"turns":4},{"damage":13,"enemies":"Gremlin Leader","floor":24,"turns":5},{"damage":0,"enemies":"Sentry and Sphere","floor":27,"turns":3},{"damage":4,"enemies":"3 Cultists","floor":28,"turns":3},{"damage":0,"enemies":"Centurion and Healer","floor":31,"turns":5},{"damage":0,"enemies":"Collector","floor":33,"turns":5},{"damage":0,"enemies":"Orb Walker","floor":35,"turns":3},{"damage":0,"enemies":"3 Darklings","floor":36,"turns":3},{"damage":10,"enemies":"Maw","floor":39,"turns":7},{"damage":0,"enemies":"Sphere and 2 Shapes","floor":42,"turns":3},{"damage":3,"enemies":"4 Shapes","floor":44,"turns":5},{"damage":19,"enemies":"3 Darklings","floor":45,"turns":3},{"damage":1,"enemies":"Sphere and 2 Shapes","floor":47,"turns":3},{"damage":1,"enemies":"Maw","floor":48,"turns":6},{"damage":78,"enemies":"Time Eater","floor":50,"turns":14}],"event_choices":[{"event_name":"Living Wall","player_choice":"Change","floor":2,"damage_taken":0},{"event_name":"Scrap Ooze","player_choice":"success","floor":4,"damage_taken":18},{"event_name":"Golden Idol","player_choice":"Take Wound","floor":5,"damage_taken":0},{"event_name":"Mushrooms","player_choice":"Healed and dodged fight","floor":12,"damage_taken":0},{"event_name":"Cursed Tome","player_choice":"Obtained Book","floor":22,"damage_taken":0},{"event_name":"Ghosts","player_choice":"Ignored","floor":25,"damage_taken":0},{"event_name":"Tomb of Lord Red Mask","player_choice":"Ignored","floor":37,"damage_taken":0},{"event_name":"The Moai Head","player_choice":"Gave Idol","floor":38,"damage_taken":0}],"boss_relics":[{"not_picked":["Orrery","Black Star"],"picked":"Astrolabe"},{"not_picked":["Eternal Feather","Sozu"],"picked":"Lizard Tail"}],"potions_floor_spawned":[7,8,11,16,18,19,35,44,45,47],"seed_played":"-2721555855400712205","ascension_level":0,"is_trial":false}