{"path_per_floor":["M","?","M","M","$","R","M","R","T","?","?","R","E","M","R","B",null,"M","?","$","?","T","M","R","M","T","R","?","E","T","?","R","B",null,"M","M","?","?","?","R","E","R","T","?","M","$","$","M","R"],"character_chosen":"IRONCLAD","items_purchased":["Disarm","Flex","Juzu Bracelet","Bronze Scales","Block Potion","Kunai","Limit Break","Regen Potion"],"gold_per_floor":[113,113,125,135,5,5,18,18,72,247,247,247,275,290,290,389,389,407,407,24,24,24,38,38,57,357,357,307,341,364,364,364,467,467,485,503,503,503,473,473,506,506,506,506,524,131,1,12,12],"floor_reached":50,"campfire_rested":5,"playtime":2124,"current_hp_per_floor":[74,80,77,78,78,78,80,80,80,80,73,73,62,68,68,47,80,80,65,65,49,49,45,70,57,57,82,82,41,41,41,66,25,85,76,71,71,71,71,71,14,41,41,64,70,70,70,23,50],"items_purged":["Burning Pact","Writhe"],"gold":12,"score":459,"play_id":"f7393a2f-d659-4f4c-baef-35a8c5d8dc6e","local_time":"20180306221836","is_prod":false,"is_daily":false,"is_ascension_mode":false,"campfire_upgraded":5,"timestamp":1520387316,"path_taken":["M","?","M","M","$","R","M","R","T","?","?","R","E","M","R","BOSS","M","?","$","?","?","M","R","M","T","R","?","E","?","?","R","BOSS","M","M","?","?","?","R","E","R","T","?","M","?","$","M","R","BOSS"],"build_version":"2018-03-01-PROD1","purchased_purges":2,"victory":false,"master_deck":["Bash+1","Feel No Pain+1","Whirlwind+1","Disarm","Flex+1","Rampage","Shockwave","Fiend Fire+1","Thunderclap","Metallicize","Iron Wave","Carnage","Burning Pact","Burning Pact","Shrug It Off","Clothesline","Necronomicurse","Flame Barrier","Double Tap","True Grit","Dramatic Entrance","Bash","Heavy Blade+1","Limit Break","Flame Barrier+1"],"max_hp_per_floor":[80,80,80,80,80,80,80,80,80,80,80,80,80,80,80,80,80,80,85,85,85,85,85,85,85,85,85,85,85,85,85,85,85,85,85,85,85,85,85,85,92,92,92,92,92,92,92,92,92],"relics":["Burning Blood","Tiny Chest","Pantograph","Pandora\u0027s Box","Juzu Bracelet","Bronze Scales","Necronomicon","Sundial","Old Coin","Bag of Preparation","Vajra","Runic Pyramid","Strawberry","Calipers","Kunai"],"card_choices":[{"not_picked":["Shockwave","Iron Wave"],"picked":"Feel No Pain"},{"not_picked":["Shockwave","Clothesline"],"picked":"Whirlwind"},{"not_picked":["Havoc","Hemokinesis"],"picked":"Burning Pact"},{"not_picked":["Clothesline","Blood for Blood"],"picked":"Rampage"},{"not_picked":["Armaments","Battle Trance"],"picked":"Shockwave"},{"not_picked":["Berserk","Reaper"],"picked":"Fiend Fire"},{"not_picked":["Combust","Cleave"],"picked":"Flame Barrier"},{"not_picked":["Reaper","Barricade"],"picked":"Double Tap"},{"not_picked":["Perfected Strike","Body Slam"],"picked":"Heavy Blade"},{"not_picked":["Demon Form","Armaments"],"picked":"Flame Barrier"}],"player_experience":126379,"potions_floor_usage":[13,16,16,33,33,41,41,48,48,48],"damage_taken":[{"damage":12,"enemies":"Jaw Worm","floor":1,"turns":3},{"damage":9,"enemies":"Cultist","floor":3,"turns":4},{"damage":5,"enemies":"2 Louse","floor":4,"turns":3},{"damage":0,"enemies":"Large Slime","floor":7,"turns":4},{"damage":17,"enemies":"Gremlin Nob","floor":13,"turns":4},{"damage":0,"enemies":"2 Fungi Beasts","floor":14,"turns":1},{"damage":39,"enemies":"Hexaghost","floor":16,"turns":9},{"damage":1,"enemies":"Chosen","floor":18,"turns":7},{"damage":10,"enemies":"Spheric Guardian","floor":23,"turns":3},{"damage":19,"enemies":"Snake Plant","floor":25,"turns":3},{"damage":47,"enemies":"Book of Stabbing","floor":29,"turns":5},{"damage":66,"enemies":"Champ","floor":33,"turns":11},{"damage":15,"enemies":"Orb Walker","floor":35,"turns":4},{"damage":11,"enemies":"3 Shapes","floor":36,"turns":2},{"damage":85,"enemies":"Giant Head","floor":41,"turns":11},{"damage":0,"enemies":"3 Darklings","floor":45,"turns":1},{"damage":68,"enemies":"Sphere and 2 Shapes","floor":48,"turns":8},{"damage":77,"enemies":"Awakened One","floor":50,"turns":5}],"event_choices":[{"event_name":"Bonfire Elementals","player_choice":"UNCOMMON","floor":2,"damage_taken":0},{"event_name":"Liars Game","player_choice":"agreed","floor":10,"damage_taken":0},{"event_name":"Golden Wing","player_choice":"Card Removal","floor":11,"damage_taken":0},{"event_name":"Forgotten Altar","player_choice":"Shed Blood","floor":19,"damage_taken":0},{"event_name":"Cursed Tome","player_choice":"Obtained Book","floor":21,"damage_taken":0},{"event_name":"The Joust","player_choice":"Bet on Owner","floor":28,"damage_taken":0},{"event_name":"Drug Dealer","player_choice":"Ignored","floor":31,"damage_taken":0},{"event_name":"Match and Keep!","player_choice":"3 cards matched","floor":37,"damage_taken":0},{"event_name":"Tomb of Lord Red Mask","player_choice":"Ignored","floor":38,"damage_taken":0},{"event_name":"The Woman in Blue","player_choice":"Bought 2 Potions","floor":39,"damage_taken":0},{"event_name":"Winding Halls","player_choice":"Writhe","floor":44,"damage_taken":0}],"boss_relics":[{"not_picked":["Orrery","Tiny House"],"picked":"Pandora\u0027s Box"},{"not_picked":["Black Star","Velvet Choker"],"picked":"Runic Pyramid"}],"potions_floor_spawned":[1,7,14,25,29,36],"seed_played":"693247619759584637","killed_by":"Awakened One","ascension_level":0,"is_trial":false}