{"gold_per_floor":[119,138,149,160,177,209,209,238,238,253,31,31,42,71,83,193,205,233,26,37,47,58,88,99,129,129,146,30,30,47,47,47,152,152,171,182,0,100,100,127,127,158,185,215,227,227,227,237,237,237,237,237,35,65,65],"floor_reached":56,"playtime":8102,"items_purged":["Strike_G","Strike_G"],"score":1326,"play_id":"67e79dcc-7998-4d72-9cfd-f21b0a3db250","local_time":"20190119234656","is_ascension_mode":false,"campfire_choices":[{"data":"Sucker Punch","floor":7,"key":"SMITH"},{"data":"Noxious Fumes","floor":15,"key":"SMITH"},{"floor":29,"key":"REST"},{"floor":32,"key":"REST"},{"floor":41,"key":"RECALL"},{"floor":47,"key":"REST"},{"floor":49,"key":"REST"},{"floor":52,"key":"REST"}],"neow_cost":"NONE","seed_source_timestamp":32122680984041,"circlet_count":0,"master_deck":["Defend_G","Defend_G","Defend_G","Defend_G","Defend_G","Strike_G","Strike_G+1","Strike_G","Survivor","Neutralize","Sucker Punch+1","Flying Knee","Sucker Punch","Terror","Backflip","Infinite Blades","Flying Knee+1","Well Laid Plans","Noxious Fumes+1","Bullet Time","Prepared","Underhanded Strike","Bullet Time","Expertise+1","Deadly Poison","Backflip","PiercingWail","Footwork+1","Acrobatics","Deadly Poison","Underhanded Strike","Dodge and Roll+1","Quick Slash+1","Footwork","Catalyst","Caltrops","Die Die Die","Escape Plan","Madness","Madness","PiercingWail+1","Heel Hook+1","Acrobatics","Poisoned Stab+1","Quick Slash+1","Backflip","Accuracy","Blur"],"relics":["Black Star","Juzu Bracelet","Letter Opener","Question Card","Bottled Flame","Paper Crane","Whetstone","MawBank","Busted Crown","Anchor","Singing Bowl","Kunai","Vajra","Fusion Hammer","Red Mask","Pear","Unceasing Top","StoneCalendar","Molten Egg 2","Strawberry","Sundial","Incense Burner","Art of War","Orichalcum"],"potions_floor_usage":[5,14,16,18,20,21,24,24,33,40,45,45,48,54],"damage_taken":[{"damage":1,"enemies":"Cultist","floor":1,"turns":5},{"damage":1,"enemies":"2 Louse","floor":2,"turns":3},{"damage":0,"enemies":"Small Slimes","floor":3,"turns":4},{"damage":7,"enemies":"3 Louse","floor":4,"turns":4},{"damage":0,"enemies":"Gremlin Gang","floor":5,"turns":5},{"damage":13,"enemies":"Gremlin Nob","floor":6,"turns":4},{"damage":8,"enemies":"Lagavulin","floor":8,"turns":6},{"damage":0,"enemies":"Exordium Wildlife","floor":10,"turns":3},{"damage":2,"enemies":"3 Louse","floor":13,"turns":4},{"damage":4,"enemies":"3 Sentries","floor":14,"turns":5},{"damage":7,"enemies":"The Guardian","floor":16,"turns":10},{"damage":20,"enemies":"3 Byrds","floor":18,"turns":4},{"damage":0,"enemies":"Shell Parasite","floor":20,"turns":4},{"damage":8,"enemies":"3 Cultists","floor":21,"turns":5},{"damage":7,"enemies":"Sentry and Sphere","floor":22,"turns":6},{"damage":29,"enemies":"Gremlin Leader","floor":23,"turns":7},{"damage":0,"enemies":"Snake Plant","floor":24,"turns":5},{"damage":4,"enemies":"Book of Stabbing","floor":25,"turns":6},{"damage":6,"enemies":"Cultist and Chosen","floor":27,"turns":6},{"damage":7,"enemies":"Centurion and Healer","floor":30,"turns":6},{"damage":10,"enemies":"Champ","floor":33,"turns":10},{"damage":0,"enemies":"Orb Walker","floor":35,"turns":4},{"damage":1,"enemies":"3 Shapes","floor":36,"turns":4},{"damage":21,"enemies":"Giant Head","floor":40,"turns":10},{"damage":0,"enemies":"Reptomancer","floor":42,"turns":7},{"damage":0,"enemies":"Nemesis","floor":44,"turns":7},{"damage":19,"enemies":"Sphere and 2 Shapes","floor":45,"turns":6},{"damage":15,"enemies":"Maw","floor":48,"turns":6},{"damage":50,"enemies":"Time Eater","floor":50,"turns":13},{"damage":33,"enemies":"Shield and Spear","floor":54,"turns":7},{"damage":24,"enemies":"The Heart","floor":55,"turns":12}],"seed_played":"2400392509924724877","potions_obtained":[{"floor":3,"key":"LiquidBronze"},{"floor":4,"key":"Explosive Potion"},{"floor":10,"key":"Block Potion"},{"floor":13,"key":"PowerPotion"},{"floor":16,"key":"GamblersBrew"},{"floor":18,"key":"FearPotion"},{"floor":23,"key":"Regen Potion"},{"floor":25,"key":"Poison Potion"},{"floor":30,"key":"Explosive Potion"},{"floor":33,"key":"PowerPotion"},{"floor":44,"key":"Fruit Juice"},{"floor":45,"key":"SkillPotion"},{"floor":48,"key":"SteroidPotion"}],"is_trial":false,"path_per_floor":["M","M","M","M","M","E","R","E","T","M","$","?","M","E","R","B",null,"M","$","M","M","M","E","M","E","T","M","$","R","M","$","R","B",null,"M","M","?","?","?","E","R","E","T","E","M","?","R","M","R","B",null,"R","$","E","B",null],"character_chosen":"THE_SILENT","items_purchased":["Noxious Fumes","Bullet Time","Deadly Poison","Backflip","SkillPotion","Footwork","Catalyst","Quick Slash+1","Backflip","Accuracy","AttackPotion"],"campfire_rested":5,"item_purchase_floors":[11,11,19,19,19,28,28,53,53,53,53],"current_hp_per_floor":[69,68,68,61,61,48,48,40,40,40,40,40,38,34,34,27,70,50,50,50,42,35,6,18,14,14,8,8,29,22,22,43,33,70,72,71,71,71,62,51,51,51,58,58,44,44,72,57,85,35,94,94,94,61,37],"gold":65,"neow_bonus":"BOSS_RELIC","is_prod":false,"is_daily":false,"chose_seed":false,"campfire_upgraded":2,"win_rate":0,"timestamp":1547941616,"path_taken":["M","M","M","?","M","E","R","E","T","M","$","?","M","E","R","BOSS","M","$","M","M","M","E","M","E","T","M","$","R","M","$","R","BOSS","M","M","?","?","?","E","R","E","T","E","M","?","R","M","R","BOSS","R","$","E","BOSS"],"build_version":"2019-01-17v2","purchased_purges":2,"victory":true,"max_hp_per_floor":[70,70,70,70,70,70,70,70,70,70,70,70,70,70,70,70,70,70,70,70,70,70,70,70,70,70,70,70,70,70,70,70,70,70,72,72,72,72,72,82,82,82,89,89,94,94,94,94,94,94,94,94,94,94,94],"card_choices":[{"not_picked":["Cloak And Dagger","Backstab"],"picked":"Sucker Punch","floor":1},{"not_picked":["Heel Hook","Sucker Punch"],"picked":"Flying Knee","floor":2},{"not_picked":["Bane","All Out Attack"],"picked":"Sucker Punch","floor":3},{"not_picked":["Catalyst","Acrobatics"],"picked":"Terror","floor":4},{"not_picked":["Tools of the Trade","Dodge and Roll"],"picked":"Backflip","floor":5},{"not_picked":["Well Laid Plans","Crippling Poison"],"picked":"Infinite Blades","floor":6},{"not_picked":["Poisoned Stab","Eviscerate"],"picked":"Flying Knee","floor":8},{"not_picked":["Poisoned Stab","Prepared","Blade Dance"],"picked":"Well Laid Plans","floor":10},{"not_picked":["Slice","Calculated Gamble","Masterful Stab"],"picked":"Prepared","floor":13},{"not_picked":["Catalyst","Blade Dance","Glass Knife"],"picked":"Underhanded Strike","floor":14},{"not_picked":["Unload","Corpse Explosion","Tools of the Trade"],"picked":"Bullet Time","floor":16},{"not_picked":["Endless Agony"],"picked":"Expertise+1","floor":18},{"not_picked":["Eviscerate+1"],"picked":"PiercingWail","floor":20},{"not_picked":["Flying Knee"],"picked":"Footwork+1","floor":21},{"not_picked":["Sucker Punch"],"picked":"Acrobatics","floor":22},{"not_picked":["Terror+1"],"picked":"Deadly Poison","floor":23},{"not_picked":["Flying Knee"],"picked":"Underhanded Strike","floor":24},{"not_picked":["PiercingWail"],"picked":"Dodge and Roll+1","floor":25},{"not_picked":["Bane"],"picked":"Quick Slash+1","floor":27},{"not_picked":["All Out Attack+1"],"picked":"Caltrops","floor":30},{"not_picked":["Storm of Steel"],"picked":"Die Die Die","floor":33},{"not_picked":["Slice","Expertise"],"picked":"Singing Bowl","floor":35},{"not_picked":["Heel Hook+1"],"picked":"Escape Plan","floor":36},{"not_picked":["Underhanded Strike"],"picked":"PiercingWail+1","floor":40},{"not_picked":["Flechettes+1"],"picked":"Heel Hook+1","floor":42},{"not_picked":["Blade Dance","Riddle With Holes+1"],"picked":"SKIP","floor":44},{"not_picked":["Predator+1"],"picked":"Acrobatics","floor":45},{"not_picked":["All Out Attack+1"],"picked":"Poisoned Stab+1","floor":48},{"not_picked":["Expertise+1"],"picked":"Blur","floor":54}],"player_experience":90396,"relics_obtained":[{"floor":6,"key":"Juzu Bracelet"},{"floor":6,"key":"Letter Opener"},{"floor":8,"key":"Question Card"},{"floor":8,"key":"Bottled Flame"},{"floor":9,"key":"Paper Crane"},{"floor":14,"key":"Whetstone"},{"floor":14,"key":"MawBank"},{"floor":23,"key":"Anchor"},{"floor":23,"key":"Singing Bowl"},{"floor":25,"key":"Kunai"},{"floor":25,"key":"Vajra"},{"floor":40,"key":"Pear"},{"floor":40,"key":"Unceasing Top"},{"floor":42,"key":"StoneCalendar"},{"floor":42,"key":"Molten Egg 2"},{"floor":43,"key":"Strawberry"},{"floor":44,"key":"Sundial"},{"floor":44,"key":"Incense Burner"},{"floor":54,"key":"Art of War"},{"floor":54,"key":"Orichalcum"}],"event_choices":[{"damage_healed":0,"gold_gain":0,"player_choice":"Leave","damage_taken":0,"max_hp_gain":0,"max_hp_loss":0,"event_name":"The Cleric","floor":12,"gold_loss":0},{"damage_healed":0,"gold_gain":0,"player_choice":"Paid","damage_taken":0,"relics_obtained":["Red Mask"],"max_hp_gain":0,"max_hp_loss":0,"event_name":"Tomb of Lord Red Mask","floor":37,"gold_loss":182},{"damage_healed":0,"gold_gain":100,"player_choice":"Pray","damage_taken":0,"max_hp_gain":0,"max_hp_loss":0,"event_name":"Golden Shrine","floor":38,"gold_loss":0},{"damage_healed":0,"gold_gain":0,"player_choice":"Embrace Madness","damage_taken":9,"max_hp_gain":0,"max_hp_loss":0,"event_name":"Winding Halls","floor":39,"gold_loss":0,"cards_obtained":["Madness","Madness"]},{"damage_healed":0,"gold_gain":0,"player_choice":"Ignored","damage_taken":0,"max_hp_gain":0,"max_hp_loss":0,"event_name":"Mysterious Sphere","floor":46,"gold_loss":0}],"is_beta":false,"boss_relics":[{"not_picked":["Lizard Tail","Runic Dome"],"picked":"Busted Crown"},{"not_picked":["Orrery","HoveringKite"],"picked":"Fusion Hammer"}],"items_purged_floors":[11,19],"is_endless":false,"potions_floor_spawned":[3,4,10,13,16,18,23,25,30,33,44,45,48],"ascension_level":0}