{"gold_per_floor":[119,119,139,11,24,24,24,64,89,89,104,104,104,125,125,221,221,237,55,55,55,74,74,90,90,90,450,450],"floor_reached":28,"playtime":1269,"items_purged":[],"score":432,"play_id":"0d4012e8-8541-46f2-9737-9dc8fbbc5e5d","local_time":"20190106214834","is_ascension_mode":true,"campfire_choices":[{"data":"Consume","floor":6,"key":"SMITH"},{"data":"Zap","floor":10,"key":"SMITH"},{"data":"Rip and Tear","floor":12,"key":"SMITH"},{"data":"Steam","floor":15,"key":"SMITH"},{"data":"Self Repair","floor":23,"key":"SMITH"},{"data":"Doom and Gloom","floor":25,"key":"SMITH"}],"neow_cost":"NONE","seed_source_timestamp":30607819018484,"circlet_count":0,"master_deck":["AscendersBane","Strike_B","Strike_B","Strike_B","Defend_B","Defend_B","Defend_B","Defend_B","Zap+1","Dualcast","Rip and Tear+1","Consume+1","FTL","Steam+1","Self Repair+1","Doom and Gloom+1","Compile Driver","FTL","All For One","Mayhem"],"relics":["Cracked Core","NeowsBlessing","Golden Idol","Bronze Scales","Lantern","Snecko Eye","Bottled Lightning"],"potions_floor_usage":[8,28],"damage_taken":[{"damage":0,"enemies":"Jaw Worm","floor":1,"turns":1},{"damage":0,"enemies":"Cultist","floor":3,"turns":1},{"damage":0,"enemies":"2 Louse","floor":5,"turns":1},{"damage":12,"enemies":"Lagavulin","floor":8,"turns":7},{"damage":6,"enemies":"Looter","floor":11,"turns":2},{"damage":6,"enemies":"Lots of Slimes","floor":14,"turns":2},{"damage":30,"enemies":"Hexaghost","floor":16,"turns":9},{"damage":20,"enemies":"Shell Parasite","floor":18,"turns":4},{"damage":16,"enemies":"Spheric Guardian","floor":22,"turns":4},{"damage":18,"enemies":"Snecko","floor":24,"turns":4},{"damage":23,"enemies":"Snake Plant","floor":28,"turns":2}],"seed_played":"3629929369647850209","potions_obtained":[{"floor":1,"key":"Block Potion"},{"floor":14,"key":"Dexterity Potion"},{"floor":22,"key":"Poison Potion"}],"is_trial":false,"path_per_floor":["M","?","M","$","M","R","?","E","T","R","M","R","?","M","R","B",null,"M","$","?","?","M","R","M","R","T","?","M"],"character_chosen":"DEFECT","items_purchased":["FTL","Steam","Mayhem"],"campfire_rested":0,"item_purchase_floors":[4,4,19],"current_hp_per_floor":[64,40,40,40,40,40,63,58,58,58,52,52,52,46,46,23,59,39,39,39,71,62,62,54,54,54,19,0],"gold":450,"neow_bonus":"THREE_ENEMY_KILL","is_prod":false,"is_daily":false,"chose_seed":false,"campfire_upgraded":6,"win_rate":0,"timestamp":1546807714,"path_taken":["M","?","M","?","?","R","?","E","T","R","M","R","?","M","R","BOSS","M","?","?","?","?","R","M","R","T","?","M"],"build_version":"2019-01-03v4","purchased_purges":0,"victory":false,"max_hp_per_floor":[71,71,71,71,71,71,71,71,71,71,71,71,71,71,71,71,71,71,71,71,71,71,71,71,71,71,71,71],"card_choices":[{"not_picked":["Redo","Auto Shields"],"picked":"Rip and Tear","floor":1},{"not_picked":["Turbo","Steam"],"picked":"Consume","floor":3},{"not_picked":["Streamline","Defragment"],"picked":"Self Repair","floor":5},{"not_picked":["Blizzard","Buffer"],"picked":"Doom and Gloom","floor":8},{"not_picked":["Leap","Rebound"],"picked":"Compile Driver","floor":11},{"not_picked":["Turbo","Genetic Algorithm"],"picked":"FTL","floor":14},{"not_picked":["Machine Learning","Buffer"],"picked":"All For One","floor":16},{"not_picked":["Barrage","Lockon","Leap"],"picked":"SKIP","floor":18},{"not_picked":["Redo","Coolheaded","Barrage"],"picked":"SKIP","floor":22},{"not_picked":["Stack","FTL","Steam"],"picked":"SKIP","floor":24}],"player_experience":884303,"relics_obtained":[{"floor":8,"key":"Bronze Scales"},{"floor":9,"key":"Lantern"},{"floor":26,"key":"Bottled Lightning"}],"event_choices":[{"damage_healed":0,"gold_gain":0,"player_choice":"Take Damage","damage_taken":24,"relics_obtained":["Golden Idol"],"max_hp_gain":0,"max_hp_loss":0,"event_name":"Golden Idol","floor":2,"gold_loss":0},{"damage_healed":23,"gold_gain":0,"player_choice":"Banana","damage_taken":0,"max_hp_gain":0,"max_hp_loss":0,"event_name":"Big Fish","floor":7,"gold_loss":0},{"damage_healed":0,"gold_gain":0,"cards_transformed":["Strike_B"],"player_choice":"Transformed","damage_taken":0,"max_hp_gain":0,"max_hp_loss":0,"event_name":"Transmorgrifier","floor":13,"gold_loss":0,"cards_obtained":["Hello World"]},{"damage_healed":0,"gold_gain":0,"player_choice":"Ignored","damage_taken":0,"max_hp_gain":0,"max_hp_loss":0,"event_name":"Ghosts","floor":20,"gold_loss":0},{"cards_removed":["Hello World"],"damage_healed":32,"gold_gain":0,"player_choice":"Offered Uncommon","damage_taken":0,"max_hp_gain":0,"max_hp_loss":0,"event_name":"Bonfire Elementals","floor":21,"gold_loss":0},{"damage_healed":0,"gold_gain":360,"player_choice":"GOLD GOLD GOLD GOLD ","damage_taken":35,"max_hp_gain":0,"max_hp_loss":0,"event_name":"Knowing Skull","floor":27,"potions_obtained":[],"gold_loss":0,"cards_obtained":[]}],"is_beta":true,"boss_relics":[{"not_picked":["White Beast Statue","Pandora\u0027s Box"],"picked":"Snecko Eye"}],"items_purged_floors":[],"is_endless":false,"potions_floor_spawned":[1,14,22],"killed_by":"Snake Plant","ascension_level":20}