{"path_per_floor":["M","M","$","?","?","R","E","?","T","M","M","$","R","?","R","B",null,"M","?","?","M","$","R","?","R","T","M","M","R"],"character_chosen":"IRONCLAD","items_purchased":["Whetstone","Fire Breathing"],"gold_per_floor":[118,138,138,138,138,138,182,182,182,203,218,72,72,72,72,192,192,206,206,121,146,108,108,108,108,108,121,138,138],"floor_reached":30,"campfire_rested":5,"playtime":1026,"current_hp_per_floor":[80,74,74,54,54,78,50,50,50,44,39,39,63,60,80,20,80,61,61,61,48,48,72,72,72,72,43,25,49],"items_purged":[],"gold":138,"score":226,"play_id":"42a42b06-5552-4b94-b39d-a9a17c7ed713","local_time":"20180307201404","is_prod":false,"is_daily":false,"is_ascension_mode":false,"campfire_upgraded":1,"timestamp":1520466244,"path_taken":["M","M","$","?","?","R","E","?","T","?","M","$","R","?","R","BOSS","M","?","?","?","$","R","?","R","T","?","M","R","E"],"build_version":"2018-03-01-PROD1","purchased_purges":0,"victory":false,"master_deck":["Strike_R+1","Strike_R","Strike_R","Strike_R","Strike_R+1","Defend_R","Defend_R","Defend_R+1","Defend_R","Bash+1","Exhume+1","Immolate","Anger+1","Flex+1","Fire Breathing"],"max_hp_per_floor":[80,80,80,80,80,80,80,80,80,80,80,80,80,80,80,80,80,80,80,80,80,80,80,80,80,80,80,80,80],"relics":["Velvet Choker","Bloody Idol","Pen Nib","Bird Faced Urn","Whetstone","War Paint","Mark of Pain","Self Forming Clay","Bronze Scales","Blood Vial"],"card_choices":[{"not_picked":["Disarm","Havoc"],"picked":"Exhume"},{"not_picked":["Reaper","Dark Embrace"],"picked":"Immolate"},{"not_picked":["Iron Wave","Wild Strike"],"picked":"Anger"},{"not_picked":["Burning Pact","Combust"],"picked":"Flex"}],"player_experience":133079,"potions_floor_usage":[16,16,18,21],"damage_taken":[{"damage":0,"enemies":"Small Slimes","floor":1,"turns":2},{"damage":6,"enemies":"Jaw Worm","floor":2,"turns":3},{"damage":28,"enemies":"Lagavulin","floor":7,"turns":8},{"damage":6,"enemies":"2 Louse","floor":10,"turns":2},{"damage":5,"enemies":"Looter","floor":11,"turns":3},{"damage":60,"enemies":"The Guardian","floor":16,"turns":16},{"damage":19,"enemies":"3 Byrds","floor":18,"turns":5},{"damage":13,"enemies":"Chosen","floor":21,"turns":4},{"damage":38,"enemies":"Slaver and Parasite","floor":27,"turns":6},{"damage":27,"enemies":"Centurion and Healer","floor":28,"turns":6},{"damage":57,"enemies":"Gremlin Leader","floor":30,"turns":7}],"event_choices":[{"event_name":"Golden Idol","player_choice":"Take Damage","floor":4,"damage_taken":0},{"event_name":"Golden Wing","player_choice":"Ignored","floor":5,"damage_taken":0},{"event_name":"Living Wall","player_choice":"Grow","floor":8,"damage_taken":0},{"event_name":"Scrap Ooze","player_choice":"success","floor":14,"damage_taken":3},{"event_name":"The Mausoleum","player_choice":"Yes","floor":19,"damage_taken":0},{"event_name":"Addict","player_choice":"Obtained Relic","floor":20,"damage_taken":0},{"event_name":"Forgotten Altar","player_choice":"Gave Idol","floor":24,"damage_taken":0}],"boss_relics":[{"not_picked":["Snecko Eye","Ectoplasm"],"picked":"Mark of Pain"}],"potions_floor_spawned":[7,11,16,18],"seed_played":"-6438730690275653300","killed_by":"Gremlin Leader","ascension_level":0,"is_trial":false}