{"gold_per_floor":[118,43,118,30,45,80,80,91,142,155,155,186,186,204,204,279,279,297,312,312,362,362,377,393,393,393,405,405,12,12,37,37,37],"floor_reached":33,"playtime":1505,"items_purged":[],"score":600,"play_id":"20d38300-3104-492f-81a5-3155cbb95923","local_time":"20181202174140","is_ascension_mode":true,"campfire_choices":[{"data":"Zap","floor":13.0,"key":"SMITH"},{"data":"Hologram","floor":15.0,"key":"SMITH"},{"data":"Self Repair","floor":25.0,"key":"SMITH"},{"data":"Hologram","floor":30,"key":"SMITH"},{"data":"Go for the Eyes","floor":32,"key":"SMITH"}],"neow_cost":"NONE","seed_source_timestamp":18424765909078,"circlet_count":0,"master_deck":["AscendersBane","Strike_B+1","Strike_B+1","Strike_B","Defend_B","Defend_B","Defend_B","Zap+1","Dualcast","Gash","Self Repair+1","Reboot+1","Genetic Algorithm","Hologram+1","Beam Cell","FTL+1","FTL","Echo Form","Hologram+1","Darkness","BootSequence","Skim","Doom and Gloom","Go for the Eyes+1"],"special_seed":0,"relics":["Cracked Core","NeowsBlessing","Bronze Scales","Omamori","Bag of Preparation","Coffee Dripper","Enchiridion","Question Card","Bottled Tornado","ClockworkSouvenir","Whetstone","Bottled Lightning"],"potions_floor_usage":[33],"damage_taken":[{"damage":0.0,"enemies":"2 Louse","floor":1.0,"turns":1.0},{"damage":0.0,"enemies":"Jaw Worm","floor":5.0,"turns":1.0},{"damage":0.0,"enemies":"Gremlin Nob","floor":6.0,"turns":1.0},{"damage":0.0,"enemies":"Small Slimes","floor":8.0,"turns":2.0},{"damage":8.0,"enemies":"Blue Slaver","floor":10.0,"turns":3.0},{"damage":20.0,"enemies":"3 Sentries","floor":12.0,"turns":7.0},{"damage":1.0,"enemies":"Looter","floor":14.0,"turns":2.0},{"damage":17.0,"enemies":"Slime Boss","floor":16.0,"turns":8.0},{"damage":10.0,"enemies":"Shell Parasite","floor":18.0,"turns":4.0},{"damage":8.0,"enemies":"2 Thieves","floor":19.0,"turns":3.0},{"damage":7.0,"enemies":"Centurion and Healer","floor":23.0,"turns":5.0},{"damage":13.0,"enemies":"Sentry and Sphere","floor":24.0,"turns":5.0},{"damage":1,"enemies":"3 Cultists","floor":27,"turns":3},{"damage":32,"enemies":"Slavers","floor":31,"turns":4},{"damage":48,"enemies":"Automaton","floor":33,"turns":8}],"seed_played":"3273808632028760369","potions_obtained":[{"floor":5.0,"key":"FearPotion"},{"floor":10.0,"key":"SteroidPotion"},{"floor":12.0,"key":"Block Potion"},{"floor":16.0,"key":"Weak Potion"},{"floor":19.0,"key":"Energy Potion"},{"floor":31,"key":"Explosive Potion"}],"is_trial":false,"path_per_floor":["M","?","?","$","M","E","?","M","T","M","?","E","R","M","R","B",null,"M","M","?","?","?","M","M","R","T","M","T","$","R","E","R","B"],"character_chosen":"DEFECT","items_purchased":["Self Repair","ClockworkSouvenir","Whetstone"],"campfire_rested":0,"item_purchase_floors":[4,29,29],"current_hp_per_floor":[64,64,53,53,60,67,46,53,53,52,45,32,32,38,38,28,60,57,49,28,28,42,42,43,43,43,52,52,52,52,40,40,0],"gold":37,"neow_bonus":"THREE_ENEMY_KILL","is_prod":false,"is_daily":false,"chose_seed":false,"campfire_upgraded":5,"win_rate":0,"timestamp":1543768900,"path_taken":["M","?","?","$","?","E","?","M","T","M","?","E","R","M","R","BOSS","M","M","?","?","?","M","M","R","T","M","?","$","R","E","R","BOSS"],"build_version":"2018-11-15","purchased_purges":0,"victory":false,"max_hp_per_floor":[71,71,71,71,71,71,71,71,71,71,71,71,71,71,71,71,71,71,71,71,71,71,71,71,71,71,71,71,71,71,71,71,71],"card_choices":[{"not_picked":["Turbo","Leap"],"picked":"Gash","floor":1.0},{"not_picked":["Compile Driver","Steam"],"picked":"Reboot","floor":5.0},{"not_picked":["Steam","Streamline"],"picked":"Genetic Algorithm","floor":6.0},{"not_picked":["Rebound","Force Field"],"picked":"Hologram","floor":8.0},{"not_picked":["Force Field","Redo"],"picked":"Beam Cell","floor":10.0},{"not_picked":["Meteor Strike","Steam"],"picked":"FTL","floor":12.0},{"not_picked":["Leap","Force Field"],"picked":"FTL","floor":14.0},{"not_picked":["Buffer","Thunder Strike"],"picked":"Echo Form","floor":16.0},{"not_picked":["Consume","Storm"],"picked":"Hologram","floor":18.0},{"not_picked":["Leap","Steam"],"picked":"Darkness","floor":19.0},{"not_picked":["FTL","Hologram"],"picked":"BootSequence","floor":23.0},{"not_picked":["Rebound","Streamline"],"picked":"Skim","floor":24.0},{"not_picked":["Chill","Buffer","Static Discharge+1"],"picked":"Doom and Gloom","floor":27},{"not_picked":["Coolheaded","Loop","Barrage"],"picked":"Go for the Eyes","floor":31}],"player_experience":841927,"relics_obtained":[{"floor":6.0,"key":"Bronze Scales"},{"floor":9.0,"key":"Omamori"},{"floor":12.0,"key":"Bag of Preparation"},{"floor":20.0,"key":"Enchiridion"},{"floor":26.0,"key":"Question Card"},{"floor":28,"key":"Bottled Tornado"},{"floor":31,"key":"Bottled Lightning"}],"event_choices":[{"cards_removed":["Strike_B"],"damage_healed":0.0,"max_hp_gain":0.0,"max_hp_loss":0.0,"gold_gain":0.0,"event_name":"The Cleric","player_choice":"Card Removal","floor":2.0,"gold_loss":75.0,"damage_taken":0.0},{"damage_healed":0.0,"max_hp_gain":0.0,"max_hp_loss":0.0,"gold_gain":75.0,"event_name":"World of Goop","player_choice":"Gather Gold","floor":3.0,"gold_loss":0.0,"damage_taken":11.0},{"damage_healed":0.0,"max_hp_gain":0.0,"max_hp_loss":0.0,"gold_gain":0.0,"event_name":"Shining Light","player_choice":"Entered Light","floor":7.0,"gold_loss":0.0,"damage_taken":21.0,"cards_upgraded":["Strike_B","Reboot"]},{"cards_removed":["Defend_B"],"damage_healed":0.0,"max_hp_gain":0.0,"max_hp_loss":0.0,"gold_gain":0.0,"event_name":"Golden Wing","player_choice":"Card Removal","floor":11.0,"gold_loss":0.0,"damage_taken":7.0},{"damage_healed":0.0,"max_hp_gain":0.0,"max_hp_loss":0.0,"gold_gain":0.0,"event_name":"Cursed Tome","player_choice":"Obtained Book","floor":20.0,"gold_loss":0.0,"damage_taken":21.0},{"damage_healed":0.0,"max_hp_gain":0.0,"max_hp_loss":0.0,"gold_gain":50.0,"event_name":"Nest","player_choice":"Stole From Cult","floor":21.0,"gold_loss":0.0,"damage_taken":0.0},{"damage_healed":14.0,"max_hp_gain":0.0,"max_hp_loss":0.0,"gold_gain":0.0,"event_name":"The Library","player_choice":"Heal","floor":22.0,"gold_loss":0.0,"damage_taken":0.0}],"is_beta":true,"boss_relics":[{"not_picked":["Fusion Hammer","Eternal Feather"],"picked":"Coffee Dripper"}],"items_purged_floors":[],"is_endless":false,"potions_floor_spawned":[5,10,12,16,19,31],"killed_by":"Automaton","ascension_level":20}