{"gold_per_floor":[160,160,12,27,27,27,57,67,67,67,86,86,38,52,52,154,154,168,96,195,167,167,167],"floor_reached":23,"playtime":1202,"items_purged":["Pain"],"score":208,"play_id":"e3d23ec9-e603-4654-80e5-263904282c2d","local_time":"20181220042844","is_ascension_mode":true,"campfire_choices":[{"data":"Neutralize","floor":6,"key":"SMITH"},{"data":"Setup","floor":12,"key":"SMITH"},{"data":"Backflip","floor":15,"key":"SMITH"}],"neow_cost":"NONE","seed_source_timestamp":553615577287966,"circlet_count":0,"master_deck":["Defend_G","Defend_G","Defend_G","Defend_G+1","Defend_G","Strike_G","Strike_G","Strike_G","Strike_G","Strike_G","Survivor","Neutralize+1","Dash","Dash","PiercingWail","Setup+1","Expertise","Backflip+1","Dagger Spray","Die Die Die","Distraction"],"relics":["Tiny House","WarpedTongs","Singing Bowl","Smiling Mask","Runic Pyramid","Matryoshka"],"potions_floor_usage":[16,16,16,18,23],"damage_taken":[{"damage":0,"enemies":"Jaw Worm","floor":1,"turns":4},{"damage":0,"enemies":"Cultist","floor":4,"turns":3},{"damage":12,"enemies":"Gremlin Nob","floor":7,"turns":6},{"damage":0,"enemies":"2 Louse","floor":8,"turns":2},{"damage":0,"enemies":"Blue Slaver","floor":11,"turns":4},{"damage":1,"enemies":"Looter","floor":14,"turns":4},{"damage":14,"enemies":"Slime Boss","floor":16,"turns":14},{"damage":2,"enemies":"Chosen","floor":18,"turns":7},{"damage":25,"enemies":"2 Thieves","floor":21,"turns":5},{"damage":61,"enemies":"Gremlin Leader","floor":23,"turns":9}],"seed_played":"9112253727393942725","potions_obtained":[{"floor":0,"key":"Explosive Potion"},{"floor":4,"key":"LiquidBronze"},{"floor":7,"key":"Regen Potion"},{"floor":16,"key":"SkillPotion"},{"floor":21,"key":"Fire Potion"}],"is_trial":false,"path_per_floor":["M","?","$","M","?","R","E","M","T","$","M","R","$","M","R","B",null,"M","$","?","M","?","E"],"character_chosen":"THE_SILENT","items_purchased":["Dash","Backflip","Distraction"],"campfire_rested":0,"item_purchase_floors":[3,13,19],"current_hp_per_floor":[75,75,75,75,75,75,65,65,65,65,65,65,65,64,64,65,77,77,77,77,54,54,0],"gold":167,"neow_bonus":"BOSS_RELIC","is_prod":false,"is_daily":false,"chose_seed":false,"campfire_upgraded":3,"win_rate":0,"timestamp":1545292724,"path_taken":["M","?","?","M","?","R","E","M","T","?","M","R","$","M","R","BOSS","M","$","?","M","?","E"],"build_version":"2018-12-19","purchased_purges":1,"victory":false,"max_hp_per_floor":[75,75,75,75,75,75,77,77,77,77,77,77,77,77,77,77,77,79,79,79,81,81,81],"card_choices":[{"not_picked":["Dodge and Roll","Reflex"],"picked":"Dash","floor":0},{"not_picked":["Deflect","Deadly Poison","Outmaneuver"],"picked":"SKIP","floor":1},{"not_picked":["Bouncing Flask","Deadly Poison"],"picked":"PiercingWail","floor":4},{"not_picked":["Deadly Poison","Sucker Punch","Choke"],"picked":"Singing Bowl","floor":7},{"not_picked":["Leg Sweep","Bane"],"picked":"Setup","floor":8},{"not_picked":["Crippling Poison","Poisoned Stab"],"picked":"Expertise","floor":11},{"not_picked":["Malaise","Acrobatics"],"picked":"Dagger Spray","floor":14},{"not_picked":["Venomology","Unload"],"picked":"Die Die Die","floor":16},{"not_picked":["Tactician","Dagger Throw","Blade Dance+1"],"picked":"Singing Bowl","floor":18},{"not_picked":["Dodge and Roll+1","Noxious Fumes","Prepared"],"picked":"Singing Bowl","floor":21}],"player_experience":520935,"relics_obtained":[{"floor":7,"key":"Singing Bowl"},{"floor":9,"key":"Smiling Mask"}],"event_choices":[{"damage_healed":0,"gold_gain":0,"player_choice":"Rummage","damage_taken":0,"relics_obtained":["WarpedTongs"],"max_hp_gain":0,"max_hp_loss":0,"event_name":"Accursed Blacksmith","floor":2,"gold_loss":0,"cards_obtained":["Pain"]},{"damage_healed":0,"gold_gain":0,"player_choice":"Leave","damage_taken":0,"max_hp_gain":0,"max_hp_loss":0,"event_name":"The Cleric","floor":5,"gold_loss":0},{"damage_healed":0,"gold_gain":99,"player_choice":"Stole From Cult","damage_taken":0,"max_hp_gain":0,"max_hp_loss":0,"event_name":"Nest","floor":20,"gold_loss":0},{"damage_healed":0,"gold_gain":0,"player_choice":"Opened","damage_taken":0,"relics_obtained":["Matryoshka"],"max_hp_gain":0,"max_hp_loss":0,"event_name":"The Mausoleum","floor":22,"gold_loss":0}],"is_beta":true,"boss_relics":[{"not_picked":["Coffee Dripper","Runic Dome"],"picked":"Runic Pyramid"}],"items_purged_floors":[3],"is_endless":false,"potions_floor_spawned":[4,7,8,11,16,21],"killed_by":"Gremlin Leader","ascension_level":2}