{"gold_per_floor":[211,211,1,12,29,64,111,129,154,154,181,27,43,43,43,117,117,128,128,148,128,140,140,165,165,217,217,251,251,351,363,363,439,439,457,457,19,44,59,59,75,103,130,130,141,91,103,4,4,4],"floor_reached":51,"playtime":2952,"items_purged":["Strike_R","Strike_R"],"score":1235,"play_id":"0250d6bc-b232-49ae-a21c-26a38fc52bf9","local_time":"20190106183035","is_ascension_mode":true,"campfire_choices":[{"data":"Fiend Fire","floor":10.0,"key":"SMITH"},{"data":"Uppercut","floor":15.0,"key":"SMITH"},{"data":"1","floor":23.0,"key":"LIFT"},{"data":"2","floor":25.0,"key":"LIFT"},{"floor":29.0,"key":"REST"},{"floor":32.0,"key":"REST"},{"data":"Limit Break","floor":40,"key":"SMITH"},{"data":"3","floor":49,"key":"LIFT"}],"neow_cost":"NONE","seed_source_timestamp":174855906480285,"circlet_count":0,"master_deck":["AscendersBane","Strike_R","Strike_R","Defend_R","Defend_R","Defend_R","Defend_R","Bash","Shrug It Off","Fiend Fire+1","Offering","Carnage","Flame Barrier","Uppercut+1","Pommel Strike","Ghostly Armor","Reaper","Pummel","Limit Break+1","Dramatic Entrance","Sword Boomerang+1"],"special_seed":0,"relics":["Burning Blood","Potion Belt","Blood Vial","Red Skull","Girya","Lantern","Busted Crown","Enchiridion","Blue Candle","Juzu Bracelet","Smiling Mask","StoneCalendar","Pantograph","Eternal Feather","ClockworkSouvenir","Vajra","Bag of Marbles","Oddly Smooth Stone","Omamori"],"potions_floor_usage":[41,50,50,50],"damage_taken":[{"damage":14.0,"enemies":"Cultist","floor":1.0,"turns":5.0},{"damage":2.0,"enemies":"Jaw Worm","floor":4.0,"turns":4.0},{"damage":6.0,"enemies":"2 Louse","floor":5.0,"turns":2.0},{"damage":8.0,"enemies":"Gremlin Nob","floor":6.0,"turns":3.0},{"damage":0.0,"enemies":"Red Slaver","floor":8.0,"turns":4.0},{"damage":20.0,"enemies":"Lagavulin","floor":11.0,"turns":6.0},{"damage":8.0,"enemies":"Large Slime","floor":13.0,"turns":4.0},{"damage":19.0,"enemies":"Hexaghost","floor":16.0,"turns":9.0},{"damage":6.0,"enemies":"2 Thieves","floor":18.0,"turns":4.0},{"damage":6.0,"enemies":"Shell Parasite","floor":20.0,"turns":2.0},{"damage":13.0,"enemies":"Centurion and Healer","floor":22.0,"turns":6.0},{"damage":13.0,"enemies":"Slavers","floor":24.0,"turns":6.0},{"damage":76.0,"enemies":"Gremlin Leader","floor":28.0,"turns":8.0},{"damage":27.0,"enemies":"Colosseum Slavers","floor":30.0,"turns":3.0},{"damage":22.0,"enemies":"Colosseum Nobs","floor":30.0,"turns":3.0},{"damage":6.0,"enemies":"3 Cultists","floor":31.0,"turns":3.0},{"damage":94.0,"enemies":"Collector","floor":33.0,"turns":6.0},{"damage":47,"enemies":"3 Darklings","floor":35,"turns":7},{"damage":6,"enemies":"Orb Walker","floor":39,"turns":2},{"damage":26,"enemies":"Jaw Worm Horde","floor":41,"turns":5},{"damage":13,"enemies":"Nemesis","floor":42,"turns":5},{"damage":37,"enemies":"Writhing Mass","floor":45,"turns":6},{"damage":22,"enemies":"Maw","floor":47,"turns":5},{"damage":91,"enemies":"Donu and Deca","floor":50,"turns":7}],"seed_played":"-8649188404404673031","potions_obtained":[{"floor":1.0,"key":"Strength Potion"},{"floor":4.0,"key":"PowerPotion"},{"floor":13.0,"key":"LiquidBronze"},{"floor":16.0,"key":"SteroidPotion"},{"floor":18.0,"key":"PowerPotion"},{"floor":21.0,"key":"Fruit Juice"},{"floor":24.0,"key":"Swift Potion"},{"floor":30.0,"key":"Weak Potion"},{"floor":31.0,"key":"Weak Potion"},{"floor":33.0,"key":"Ancient Potion"},{"floor":35,"key":"PowerPotion"},{"floor":36,"key":"Block Potion"}],"is_trial":false,"path_per_floor":["M","?","$","M","M","E","T","M","T","R","E","$","M","$","R","B",null,"M","?","M","?","M","R","E","R","T","?","E","R","?","M","R","B",null,"M","?","$","T","M","R","M","E","T","?","M","$","M","$","R","B",null],"character_chosen":"IRONCLAD","items_purchased":["Fiend Fire","Offering","Lantern","ClockworkSouvenir","Vajra","Dramatic Entrance","SkillPotion"],"campfire_rested":2,"item_purchase_floors":[3,3,12,37,37,37,48],"current_hp_per_floor":[64,57,57,61,61,59,59,67,67,67,55,55,55,55,55,44,71,77,61,63,63,63,63,58,58,58,58,8,33,27,47,72,25,70,69,69,69,69,71,83,79,74,74,74,54,54,55,55,67,26],"gold":4,"neow_bonus":"HUNDRED_GOLD","is_prod":false,"is_daily":false,"chose_seed":false,"campfire_upgraded":3,"win_rate":0,"timestamp":1546795835,"path_taken":["M","?","$","M","M","E","?","M","T","R","E","?","?","$","R","BOSS","M","?","M","?","M","R","E","R","T","?","E","R","?","M","R","BOSS","M","?","$","?","M","R","M","E","T","?","M","?","M","$","R","BOSS"],"build_version":"2019-01-03v4","purchased_purges":2,"victory":true,"max_hp_per_floor":[80,80,80,80,80,80,80,80,80,80,80,80,80,80,80,80,80,80,80,80,80,85,85,85,85,85,85,85,85,85,85,85,85,85,85,85,85,85,85,85,85,85,85,85,85,85,85,85,85,85],"card_choices":[{"not_picked":["Carnage","Wild Strike"],"picked":"Shrug It Off","floor":1.0},{"not_picked":["Havoc","Disarm"],"picked":"Carnage","floor":4.0},{"not_picked":["Second Wind","Headbutt"],"picked":"Flame Barrier","floor":5.0},{"not_picked":["Warcry","Armaments"],"picked":"Uppercut","floor":6.0},{"not_picked":["Carnage","Sword Boomerang"],"picked":"Pommel Strike","floor":8.0},{"not_picked":["Berserk","Anger"],"picked":"Ghostly Armor","floor":11.0},{"not_picked":["Thunderclap","Entrench","Flex"],"picked":"SKIP","floor":13.0},{"not_picked":["Brutality","Demon Form"],"picked":"Reaper","floor":16.0},{"not_picked":["Havoc"],"picked":"SKIP","floor":18.0},{"not_picked":["Blood for Blood"],"picked":"SKIP","floor":20.0},{"not_picked":["Burning Pact"],"picked":"SKIP","floor":22.0},{"not_picked":["Pommel Strike"],"picked":"SKIP","floor":24.0},{"not_picked":["Perfected Strike"],"picked":"SKIP","floor":28.0},{"not_picked":[],"picked":"Pummel","floor":30.0},{"not_picked":["Havoc"],"picked":"SKIP","floor":31.0},{"not_picked":[],"picked":"Limit Break","floor":33.0},{"not_picked":["Perfected Strike"],"picked":"SKIP","floor":35},{"not_picked":["True Grit"],"picked":"SKIP","floor":39},{"not_picked":[],"picked":"Sword Boomerang+1","floor":41},{"not_picked":["True Grit"],"picked":"SKIP","floor":42},{"not_picked":["Sword Boomerang+1"],"picked":"SKIP","floor":45},{"not_picked":["Hemokinesis+1"],"picked":"SKIP","floor":47}],"player_experience":326444,"relics_obtained":[{"floor":6.0,"key":"Potion Belt"},{"floor":7.0,"key":"Blood Vial"},{"floor":9.0,"key":"Red Skull"},{"floor":11.0,"key":"Girya"},{"floor":19.0,"key":"Enchiridion"},{"floor":24.0,"key":"Blue Candle"},{"floor":26.0,"key":"Juzu Bracelet"},{"floor":28.0,"key":"Smiling Mask"},{"floor":30.0,"key":"StoneCalendar"},{"floor":30.0,"key":"Pantograph"},{"floor":38,"key":"Bag of Marbles"},{"floor":42,"key":"Oddly Smooth Stone"},{"floor":43,"key":"Omamori"}],"event_choices":[{"cards_removed":["Strike_R"],"damage_healed":0.0,"max_hp_gain":0.0,"max_hp_loss":0.0,"gold_gain":0.0,"event_name":"Golden Wing","player_choice":"Card Removal","floor":2.0,"gold_loss":0.0,"damage_taken":7.0},{"damage_healed":0.0,"max_hp_gain":0.0,"max_hp_loss":0.0,"gold_gain":0.0,"event_name":"Cursed Tome","player_choice":"Obtained Book","floor":19.0,"gold_loss":0.0,"damage_taken":16.0},{"damage_healed":0.0,"max_hp_gain":0.0,"max_hp_loss":0.0,"gold_gain":0.0,"event_name":"The Woman in Blue","player_choice":"Bought 1 Potion","floor":21.0,"gold_loss":0.0,"damage_taken":0.0},{"damage_healed":0.0,"max_hp_gain":0.0,"max_hp_loss":0.0,"gold_gain":0.0,"event_name":"Ghosts","player_choice":"Ignored","floor":27.0,"gold_loss":0.0,"damage_taken":0.0},{"damage_healed":0.0,"max_hp_gain":0.0,"max_hp_loss":0.0,"gold_gain":0.0,"event_name":"Colosseum","player_choice":"Fight","floor":30.0,"gold_loss":0.0,"damage_taken":0.0},{"damage_healed":0.0,"max_hp_gain":0.0,"max_hp_loss":0.0,"gold_gain":0.0,"event_name":"Colosseum","player_choice":"Fought Nobs","floor":30.0,"gold_loss":0.0,"damage_taken":0.0},{"damage_healed":0,"gold_gain":0,"player_choice":"Got Potions","damage_taken":0,"max_hp_gain":0,"max_hp_loss":0,"event_name":"Lab","floor":36,"gold_loss":0},{"damage_healed":0,"gold_gain":0,"player_choice":"Memory 1","damage_taken":0,"max_hp_gain":0,"max_hp_loss":0,"event_name":"SensoryStone","floor":44,"gold_loss":0}],"is_beta":false,"boss_relics":[{"not_picked":["Astrolabe","Runic Pyramid"],"picked":"Busted Crown"},{"not_picked":["Coffee Dripper","Black Star"],"picked":"Eternal Feather"}],"items_purged_floors":[46,48],"is_endless":false,"potions_floor_spawned":[1,4,5,13,16,18,24,30,31,33,35],"ascension_level":13}