{"gold_per_floor":[114,114,133,133,150,150,179,179,179,179,206,206,216,280,292,304],"floor_reached":16,"playtime":1873,"items_purged":[],"score":115,"play_id":"18d6020c-e74b-46ad-a19c-e3314af12733","local_time":"20181226051734","is_ascension_mode":true,"campfire_choices":[{"floor":6,"key":"REST"},{"floor":10,"key":"DIG"},{"data":"Anger","floor":12,"key":"SMITH"},{"floor":15,"key":"REST"}],"neow_cost":"NONE","seed_source_timestamp":464128373750650,"circlet_count":0,"master_deck":["Strike_R","Strike_R","Strike_R","Strike_R","Strike_R","Defend_R","Defend_R","Defend_R","Defend_R","Bash","Perfected Strike","Bloodletting","Anger+1","Rupture","Cleave","Clash"],"relics":["Burning Blood","Paper Frog","Turnip","Shovel","Pen Nib","Bag of Marbles","MawBank"],"potions_floor_usage":[4,7,14,16],"damage_taken":[{"damage":10,"enemies":"2 Louse","floor":1,"turns":4},{"damage":0,"enemies":"Small Slimes","floor":3,"turns":3},{"damage":0,"enemies":"Jaw Worm","floor":4,"turns":1},{"damage":33,"enemies":"Large Slime","floor":5,"turns":8},{"damage":12,"enemies":"Gremlin Nob","floor":7,"turns":3},{"damage":16,"enemies":"3 Louse","floor":13,"turns":3},{"damage":15,"enemies":"Lagavulin Event","floor":14,"turns":3},{"damage":89,"enemies":"The Guardian","floor":16,"turns":12}],"seed_played":"3445040865144669151","potions_obtained":[{"floor":1,"key":"SmokeBomb"},{"floor":5,"key":"Weak Potion"},{"floor":13,"key":"LiquidBronze"},{"floor":14,"key":"Explosive Potion"}],"is_trial":false,"path_per_floor":["M","?","M","M","M","R","E","?","T","R","T","R","M","?","R","B"],"character_chosen":"IRONCLAD","items_purchased":[],"campfire_rested":2,"item_purchase_floors":[],"current_hp_per_floor":[84,84,88,88,61,87,81,78,78,78,78,78,68,59,85,0],"gold":304,"neow_bonus":"TEN_PERCENT_HP_BONUS","is_prod":false,"is_daily":false,"chose_seed":false,"campfire_upgraded":1,"win_rate":0,"timestamp":1545814054,"path_taken":["M","?","M","M","M","R","E","?","T","R","?","R","M","?","R","BOSS"],"build_version":"2018-12-25","purchased_purges":0,"victory":false,"max_hp_per_floor":[88,88,88,88,88,88,88,88,88,88,88,88,88,88,88,88],"card_choices":[{"not_picked":["Wild Strike","Sword Boomerang"],"picked":"Perfected Strike","floor":1},{"not_picked":["Dropkick","Combust"],"picked":"Bloodletting","floor":3},{"not_picked":["Shrug It Off","Headbutt"],"picked":"Anger","floor":5},{"not_picked":["Rage","Searing Blow"],"picked":"Rupture","floor":7},{"not_picked":["Battle Trance","Armaments"],"picked":"Cleave","floor":13},{"not_picked":["Twin Strike","Sword Boomerang"],"picked":"Clash","floor":14}],"player_experience":550726,"relics_obtained":[{"floor":7,"key":"Paper Frog"},{"floor":9,"key":"Shovel"},{"floor":10,"key":"Pen Nib"},{"floor":11,"key":"Bag of Marbles"},{"floor":14,"key":"MawBank"}],"event_choices":[{"damage_healed":0,"gold_gain":0,"player_choice":"Leave","damage_taken":0,"max_hp_gain":0,"max_hp_loss":0,"event_name":"The Cleric","floor":2,"gold_loss":0},{"damage_healed":0,"gold_gain":0,"player_choice":"Success","damage_taken":3,"relics_obtained":["Turnip"],"max_hp_gain":0,"max_hp_loss":0,"event_name":"Scrap Ooze","floor":8,"gold_loss":0},{"damage_healed":0,"gold_gain":30,"player_choice":"Searched \u00272\u0027 times","damage_taken":0,"max_hp_gain":0,"max_hp_loss":0,"event_name":"Dead Adventurer","floor":14,"gold_loss":0}],"is_beta":true,"boss_relics":[],"items_purged_floors":[],"is_endless":false,"potions_floor_spawned":[1,5,13,14],"killed_by":"The Guardian","ascension_level":3}