{"gold_per_floor":[110,110,129,142,142,142,161,194,194,194,194,219,219,219,219,312,312,333,15,39,12,137,137,178,178,178,128,152,167,167,217,217,315,315,330,344,404,404,6,6,6,6,6,27,152,188,200,212,224,236],"floor_reached":50,"playtime":2415,"items_purged":["Corpse Explosion+1","Choke"],"score":993,"play_id":"d577a7d0-ae38-4f85-a371-d9ff36f9686d","local_time":"20181127203028","is_ascension_mode":true,"campfire_choices":[{"data":"Glass Knife","floor":6.0,"key":"SMITH"},{"data":"Blade Dance","floor":10.0,"key":"SMITH"},{"data":"Accuracy","floor":13.0,"key":"SMITH"},{"data":"Blade Dance","floor":15.0,"key":"SMITH"},{"data":"Phantasmal Killer","floor":23.0,"key":"SMITH"},{"floor":25.0,"key":"REST"},{"data":"Neutralize","floor":30.0,"key":"SMITH"},{"data":"Blade Dance","floor":32.0,"key":"SMITH"},{"data":"Footwork","floor":40,"key":"SMITH"},{"data":"Storm of Steel","floor":47,"key":"SMITH"},{"data":"Well Laid Plans","floor":49,"key":"SMITH"}],"neow_cost":"NONE","seed_source_timestamp":3250771482464,"circlet_count":0,"master_deck":["AscendersBane","Defend_G","Defend_G","Defend_G","Defend_G","Defend_G","Survivor","Neutralize+1","Glass Knife+1","Blade Dance+1","Blade Dance+1","Backflip","Accuracy+1","Blur","Phantasmal Killer+1","Terror+1","Corpse Explosion+1","PiercingWail+1","Well Laid Plans+1","Backstab","Footwork+1","Die Die Die","Blade Dance+1","Storm of Steel+1","Cloak And Dagger","Finesse","After Image","Cloak And Dagger","Finisher","Dodge and Roll","Writhe","PiercingWail+1","Dagger Throw+1","Adrenaline"],"special_seed":0,"relics":["Ring of the Serpent","Golden Idol","Centennial Puzzle","Meat on the Bone","Astrolabe","Membership Card","Peace Pipe","Pantograph","StoneCalendar","Vajra","Bird Faced Urn","Darkstone Periapt","Lantern","Pocketwatch","MawBank","Gremlin Horn"],"potions_floor_usage":[46,46],"damage_taken":[{"damage":0.0,"enemies":"Jaw Worm","floor":1.0,"turns":3.0},{"damage":0.0,"enemies":"2 Louse","floor":3.0,"turns":2.0},{"damage":1.0,"enemies":"Cultist","floor":4.0,"turns":4.0},{"damage":1.0,"enemies":"Looter","floor":7.0,"turns":3.0},{"damage":17.0,"enemies":"Lagavulin","floor":8.0,"turns":5.0},{"damage":6.0,"enemies":"Large Slime","floor":12.0,"turns":4.0},{"damage":16.0,"enemies":"Hexaghost","floor":16.0,"turns":6.0},{"damage":7.0,"enemies":"Chosen","floor":18.0,"turns":3.0},{"damage":4.0,"enemies":"Spheric Guardian","floor":20.0,"turns":4.0},{"damage":13.0,"enemies":"Colosseum Slavers","floor":22.0,"turns":3.0},{"damage":16.0,"enemies":"Colosseum Nobs","floor":22.0,"turns":3.0},{"damage":31.0,"enemies":"Gremlin Leader","floor":24.0,"turns":3.0},{"damage":7.0,"enemies":"3 Cultists","floor":28.0,"turns":3.0},{"damage":3.0,"enemies":"Cultist and Chosen","floor":29.0,"turns":3.0},{"damage":20.0,"enemies":"Champ","floor":33.0,"turns":9.0},{"damage":2.0,"enemies":"3 Shapes","floor":35.0,"turns":4.0},{"damage":5.0,"enemies":"3 Darklings","floor":36.0,"turns":3.0},{"damage":39,"enemies":"2 Orb Walkers","floor":37,"turns":3},{"damage":23,"enemies":"Jaw Worm Horde","floor":44,"turns":4},{"damage":0,"enemies":"Mind Bloom Boss Battle","floor":45,"turns":6},{"damage":52,"enemies":"Reptomancer","floor":46,"turns":6},{"damage":72,"enemies":"Donu and Deca","floor":50,"turns":5}],"seed_played":"-1598642857172592995","potions_obtained":[{"floor":3.0,"key":"PowerPotion"},{"floor":7.0,"key":"FearPotion"},{"floor":8.0,"key":"Energy Potion"},{"floor":16.0,"key":"Energy Potion"},{"floor":22.0,"key":"Block Potion"},{"floor":28.0,"key":"Dexterity Potion"},{"floor":46,"key":"SmokeBomb"}],"is_trial":false,"path_per_floor":["M","?","M","M","?","R","M","E","T","R","?","M","R","?","R","B",null,"M","$","M","$","?","R","E","R","T","?","M","M","R","?","R","B",null,"M","M","?","?","$","R","$","?","T","M","?","E","R","T","R","B"],"character_chosen":"THE_SILENT","items_purchased":["Membership Card","Well Laid Plans","Backstab","PowerPotion","After Image","Cloak And Dagger","Finisher","Dodge and Roll","PowerPotion","Fire Potion","Darkstone Periapt"],"campfire_rested":1,"item_purchase_floors":[19,19,19,21,39,39,39,39,39,39,39],"current_hp_per_floor":[59,59,59,58,58,58,57,40,40,40,33,39,39,39,39,35,54,47,47,43,43,38,38,19,37,37,37,42,39,39,39,39,40,55,53,48,21,21,21,21,21,39,39,34,65,32,32,32,32,0],"gold":236,"neow_bonus":"ONE_RANDOM_RARE_CARD","is_prod":false,"is_daily":false,"chose_seed":false,"campfire_upgraded":10,"win_rate":0,"timestamp":1543347028,"path_taken":["M","?","M","M","?","R","?","E","T","R","?","M","R","?","R","BOSS","M","$","M","?","?","R","E","R","T","?","?","M","R","?","R","BOSS","M","M","?","?","$","R","?","?","T","?","?","E","R","?","R","BOSS"],"build_version":"2018-11-15","purchased_purges":2,"victory":false,"max_hp_per_floor":[66,60,60,60,60,60,60,60,60,60,60,60,60,60,60,60,60,60,60,60,60,60,60,60,60,60,60,60,60,60,60,60,60,60,60,60,60,60,60,60,60,66,66,66,66,66,66,66,66,66],"card_choices":[{"not_picked":["Deadly Poison","Deflect"],"picked":"Blade Dance","floor":1.0},{"not_picked":["Deadly Poison","Flying Knee"],"picked":"Choke","floor":3.0},{"not_picked":["Sucker Punch","Bane"],"picked":"Blade Dance","floor":4.0},{"not_picked":["Quick Slash","Sucker Punch"],"picked":"Backflip","floor":7.0},{"not_picked":["Malaise","Deadly Poison"],"picked":"Accuracy","floor":8.0},{"not_picked":["Prepared","Riddle With Holes"],"picked":"Blur","floor":12.0},{"not_picked":["Tools of the Trade","Envenom"],"picked":"Phantasmal Killer","floor":16.0},{"not_picked":["Deadly Poison+1","Dagger Spray"],"picked":"PiercingWail+1","floor":18.0},{"not_picked":["Deflect","PiercingWail","Flying Knee"],"picked":"SKIP","floor":20.0},{"not_picked":["Blade Dance","Dash+1"],"picked":"Footwork","floor":24.0},{"not_picked":["Dodge and Roll","Concentrate"],"picked":"Die Die Die","floor":28.0},{"not_picked":["Deflect","All Out Attack"],"picked":"Blade Dance","floor":29.0},{"not_picked":["Envenom","Night Terror"],"picked":"Storm of Steel","floor":33.0},{"not_picked":["Bane+1","Terror","Sucker Punch"],"picked":"SKIP","floor":35.0},{"not_picked":["Endless Agony","Deflect","Slice"],"picked":"SKIP","floor":36.0},{"not_picked":["Endless Agony","Deflect","Slice"],"picked":"SKIP","floor":36.0},{"not_picked":["Acrobatics","Eviscerate"],"picked":"Cloak And Dagger","floor":37},{"not_picked":["Good Instincts","Dark Shackles"],"picked":"Finesse","floor":38},{"not_picked":["Deadly Poison","Leg Sweep"],"picked":"PiercingWail+1","floor":44},{"not_picked":["Concentrate","PiercingWail"],"picked":"Dagger Throw+1","floor":45},{"not_picked":["Bane","Blade Dance+1"],"picked":"Adrenaline","floor":46}],"player_experience":831194,"relics_obtained":[{"floor":8.0,"key":"Centennial Puzzle"},{"floor":9.0,"key":"Meat on the Bone"},{"floor":22.0,"key":"Peace Pipe"},{"floor":22.0,"key":"Pantograph"},{"floor":24.0,"key":"StoneCalendar"},{"floor":26.0,"key":"Vajra"},{"floor":37,"key":"Bird Faced Urn"},{"floor":43,"key":"Lantern"},{"floor":45,"key":"Pocketwatch"},{"floor":46,"key":"MawBank"},{"floor":48,"key":"Gremlin Horn"}],"event_choices":[{"damage_healed":0.0,"max_hp_gain":0.0,"max_hp_loss":6.0,"gold_gain":0.0,"event_name":"Golden Idol","player_choice":"Lose Max HP","floor":2.0,"gold_loss":0.0,"damage_taken":0.0,"relics_obtained":["Golden Idol"]},{"cards_removed":["Strike_G"],"damage_healed":0.0,"max_hp_gain":0.0,"max_hp_loss":0.0,"gold_gain":0.0,"event_name":"Purifier","player_choice":"Purged","floor":5.0,"gold_loss":0.0,"damage_taken":0.0},{"cards_removed":["Strike_G"],"damage_healed":0.0,"max_hp_gain":0.0,"max_hp_loss":0.0,"gold_gain":0.0,"event_name":"Golden Wing","player_choice":"Card Removal","floor":11.0,"gold_loss":0.0,"damage_taken":7.0},{"damage_healed":0.0,"max_hp_gain":0.0,"max_hp_loss":0.0,"gold_gain":0.0,"cards_transformed":["Strike_G"],"event_name":"Transmorgrifier","player_choice":"Transformed","floor":14.0,"gold_loss":0.0,"damage_taken":0.0,"cards_obtained":["Endless Agony"]},{"damage_healed":0.0,"max_hp_gain":0.0,"max_hp_loss":0.0,"gold_gain":0.0,"event_name":"Colosseum","player_choice":"Fight","floor":22.0,"gold_loss":0.0,"damage_taken":0.0},{"damage_healed":0.0,"max_hp_gain":0.0,"max_hp_loss":0.0,"gold_gain":0.0,"event_name":"Colosseum","player_choice":"Fought Nobs","floor":22.0,"gold_loss":0.0,"damage_taken":0.0},{"damage_healed":0.0,"max_hp_gain":0.0,"max_hp_loss":0.0,"gold_gain":0.0,"event_name":"The Joust","player_choice":"Bet on Murderer","floor":27.0,"gold_loss":50.0,"damage_taken":0.0},{"damage_healed":0.0,"max_hp_gain":0.0,"max_hp_loss":0.0,"gold_gain":50.0,"event_name":"Nest","player_choice":"Stole From Cult","floor":31.0,"gold_loss":0.0,"damage_taken":0.0},{"damage_healed":0,"gold_gain":0,"player_choice":"Fight","damage_taken":0,"max_hp_gain":0,"max_hp_loss":0,"event_name":"Mysterious Sphere","floor":37,"gold_loss":0},{"damage_healed":0,"gold_gain":0,"player_choice":"Memory 1","damage_taken":0,"max_hp_gain":0,"max_hp_loss":0,"event_name":"SensoryStone","floor":38,"gold_loss":0},{"damage_healed":12,"gold_gain":0,"player_choice":"Writhe","damage_taken":0,"max_hp_gain":0,"max_hp_loss":0,"event_name":"Winding Halls","floor":42,"gold_loss":0,"cards_obtained":["Writhe"]},{"damage_healed":0,"gold_gain":0,"player_choice":"Fight","damage_taken":0,"max_hp_gain":0,"max_hp_loss":0,"event_name":"MindBloom","floor":45,"gold_loss":0}],"is_beta":true,"boss_relics":[{"not_picked":["Eternal Feather","Orrery"],"picked":"Astrolabe"},{"not_picked":["Runic Pyramid","Runic Dome"],"picked":"Ring of the Serpent"}],"items_purged_floors":[19,39],"is_endless":false,"potions_floor_spawned":[3,7,8,16,22,28,44,46],"killed_by":"Donu and Deca","ascension_level":20}