{"gold_per_floor":[117,117,128,142,119,119,153,27,51,51,51,51,21,21,21,97,97,114,114,134,334,354,354,364,364,413,413,413,413],"floor_reached":29,"playtime":990,"items_purged":[],"score":446,"play_id":"502c68b4-5190-41d2-9d72-0e718ae10bb6","local_time":"20181026000610","is_ascension_mode":true,"campfire_choices":[{"data":"Poisoned Stab","floor":6,"key":"SMITH"},{"data":"Poisoned Stab","floor":11,"key":"SMITH"},{"data":"Neutralize","floor":15,"key":"SMITH"},{"floor":23,"key":"REST"},{"data":"A Thousand Cuts","floor":25,"key":"SMITH"}],"neow_cost":"NONE","seed_source_timestamp":13819161263807,"circlet_count":0,"master_deck":["Survivor","Neutralize+1","AscendersBane","Quick Slash","Well Laid Plans","Terror","Poisoned Stab+1","Caltrops","Poisoned Stab+1","Leg Sweep","A Thousand Cuts+1","Predator","Predator","PiercingWail","Prepared","Slice","PiercingWail","Prepared","Distraction","Dodge and Roll","Backflip","Leg Sweep","Underhanded Strike","PiercingWail+1"],"relics":["Ring of the Snake","NeowsBlessing","Snake Skull","Centennial Puzzle","Vajra","Pandora\u0027s Box","Regal Pillow"],"potions_floor_usage":[5,7,16,16,27],"damage_taken":[{"damage":0,"enemies":"Jaw Worm","floor":1,"turns":1},{"damage":0,"enemies":"Cultist","floor":3,"turns":1},{"damage":0,"enemies":"Small Slimes","floor":4,"turns":1},{"damage":5,"enemies":"Exordium Thugs","floor":5,"turns":4},{"damage":22,"enemies":"Lagavulin","floor":7,"turns":5},{"damage":29,"enemies":"Slime Boss","floor":16,"turns":6},{"damage":24,"enemies":"Spheric Guardian","floor":18,"turns":4},{"damage":11,"enemies":"Shell Parasite","floor":20,"turns":5},{"damage":5,"enemies":"Centurion and Healer","floor":22,"turns":6},{"damage":28,"enemies":"Snake Plant","floor":24,"turns":3},{"damage":0,"enemies":"Chosen and Byrds","floor":27,"turns":2},{"damage":33,"enemies":"Masked Bandits","floor":29,"turns":4}],"seed_played":"3632588976248458648","potions_obtained":[{"floor":1,"key":"Regen Potion"},{"floor":3,"key":"AttackPotion"},{"floor":13,"key":"Dexterity Potion"},{"floor":13,"key":"Fire Potion"},{"floor":16,"key":"SmokeBomb"},{"floor":18,"key":"SpeedPotion"},{"floor":20,"key":"FairyPotion"}],"is_trial":false,"path_per_floor":["M","?","M","M","M","R","E","$","T","T","R","?","?","$","R","B",null,"M","$","M","?","M","R","M","R","T","M","?"],"character_chosen":"THE_SILENT","items_purchased":["Poisoned Stab","Leg Sweep"],"campfire_rested":1,"item_purchase_floors":[8,8],"current_hp_per_floor":[59,50,50,50,45,45,38,38,38,38,38,31,31,31,31,2,50,26,26,15,15,10,29,1,1,1,1,14,0],"gold":413,"neow_bonus":"THREE_ENEMY_KILL","is_prod":false,"is_daily":false,"chose_seed":false,"campfire_upgraded":4,"win_rate":0,"timestamp":1540505170,"path_taken":["M","?","M","?","?","R","E","$","T","?","R","?","?","?","R","BOSS","M","$","M","?","M","R","M","R","T","M","?","?"],"build_version":"2018-10-25v2","purchased_purges":0,"victory":false,"max_hp_per_floor":[66,66,66,66,66,66,66,66,66,66,66,66,66,66,66,66,66,66,66,66,66,66,66,66,66,66,66,66,66],"card_choices":[{"not_picked":["Finisher","Riddle With Holes"],"picked":"Quick Slash","floor":1},{"not_picked":["Dagger Spray","Sucker Punch"],"picked":"Well Laid Plans","floor":3},{"not_picked":["Escape Plan","Outmaneuver"],"picked":"Terror","floor":4},{"not_picked":["Slice","Underhanded Strike"],"picked":"Poisoned Stab","floor":5},{"not_picked":["Bullet Time","Dagger Throw"],"picked":"Caltrops","floor":7},{"not_picked":["Malaise","Wraith Form v2"],"picked":"A Thousand Cuts","floor":16},{"not_picked":["Setup","Masterful Stab"],"picked":"Backflip","floor":18},{"not_picked":["Dagger Spray","Sucker Punch"],"picked":"Leg Sweep","floor":20},{"not_picked":["Terror","Dagger Spray"],"picked":"Underhanded Strike","floor":22},{"not_picked":["Blade Dance","Deadly Poison"],"picked":"PiercingWail+1","floor":24}],"player_experience":742851,"relics_obtained":[{"floor":7,"key":"Snake Skull"},{"floor":9,"key":"Centennial Puzzle"},{"floor":10,"key":"Vajra"},{"floor":26,"key":"Regal Pillow"}],"event_choices":[{"damage_healed":0,"gold_gain":0,"player_choice":"Damaged","damage_taken":9,"max_hp_gain":0,"max_hp_loss":0,"event_name":"Wheel of Change","floor":2,"gold_loss":0},{"cards_removed":["Strike_G"],"damage_healed":0,"gold_gain":0,"player_choice":"Card Removal","damage_taken":7,"max_hp_gain":0,"max_hp_loss":0,"event_name":"Golden Wing","floor":12,"gold_loss":0},{"damage_healed":0,"gold_gain":0,"player_choice":"Bought 2 Potions","damage_taken":0,"max_hp_gain":0,"max_hp_loss":0,"event_name":"The Woman in Blue","floor":13,"gold_loss":0},{"damage_healed":0,"gold_gain":200,"player_choice":"Gold","damage_taken":0,"max_hp_gain":0,"max_hp_loss":0,"event_name":"Wheel of Change","floor":21,"gold_loss":0},{"damage_healed":13,"gold_gain":0,"player_choice":"Heal","damage_taken":0,"max_hp_gain":0,"max_hp_loss":0,"event_name":"The Library","floor":28,"gold_loss":0},{"damage_healed":0,"gold_gain":0,"player_choice":"Fought Bandits","damage_taken":0,"max_hp_gain":0,"max_hp_loss":0,"event_name":"Masked Bandits","floor":29,"gold_loss":0}],"is_beta":true,"boss_relics":[{"not_picked":["Runic Dome","Empty Cage"],"picked":"Pandora\u0027s Box"}],"items_purged_floors":[],"is_endless":false,"potions_floor_spawned":[1,3,16,18,20,27],"killed_by":"Masked Bandits","ascension_level":20}