{"gold_per_floor":[112,112,132,132,150,150,150,161,185,185,218,11,11,30,30,30],"floor_reached":16,"playtime":377,"items_purged":["Strike_B"],"score":220,"play_id":"47dd450e-8016-4ff7-9837-348a80f1941c","local_time":"20190126163738","is_ascension_mode":true,"campfire_choices":[{"data":"Sweeping Beam","floor":6.0,"key":"SMITH"},{"data":"Zap","floor":10,"key":"SMITH"},{"data":"Reinforced Body","floor":13,"key":"SMITH"},{"data":"Conserve Battery","floor":15,"key":"SMITH"}],"neow_cost":"NONE","seed_source_timestamp":16479034216499,"circlet_count":0,"master_deck":["AscendersBane","Strike_B","Strike_B","Strike_B","Defend_B+1","Defend_B+1","Defend_B","Defend_B","Zap+1","Dualcast","Turbo","Reinforced Body+1","Sweeping Beam+1","Chill","Ball Lightning","Conserve Battery+1","FTL"],"special_seed":0,"relics":["Cracked Core","Anchor","Strawberry"],"potions_floor_usage":[7,11,16],"damage_taken":[{"damage":10.0,"enemies":"2 Louse","floor":1.0,"turns":4.0},{"damage":6.0,"enemies":"Cultist","floor":3.0,"turns":3.0},{"damage":5.0,"enemies":"Jaw Worm","floor":5.0,"turns":4.0},{"damage":0,"enemies":"Gremlin Nob","floor":7,"turns":1},{"damage":0,"enemies":"Large Slime","floor":8,"turns":5},{"damage":13,"enemies":"Lagavulin","floor":11,"turns":8},{"damage":4,"enemies":"2 Fungi Beasts","floor":14,"turns":3},{"damage":26,"enemies":"The Guardian","floor":16,"turns":2}],"seed_played":"-1219514264099596558","potions_obtained":[{"floor":1.0,"key":"SteroidPotion"},{"floor":3.0,"key":"SmokeBomb"},{"floor":14,"key":"Fire Potion"}],"is_trial":false,"path_per_floor":["M","?","M","?","M","R","E","M","T","R","E","$","R","M","R","B"],"character_chosen":"DEFECT","items_purchased":["Conserve Battery","Regen Potion"],"campfire_rested":0,"item_purchase_floors":[12,12],"current_hp_per_floor":[61,38,32,32,27,27,27,27,27,27,21,21,21,17,17,0],"gold":30,"neow_bonus":"TEN_PERCENT_HP_BONUS","is_prod":false,"is_daily":false,"chose_seed":false,"campfire_upgraded":4,"win_rate":0,"timestamp":1548517058,"path_taken":["M","?","M","?","M","R","E","?","T","R","E","?","R","M","R","BOSS"],"build_version":"2019-01-23","purchased_purges":1,"victory":false,"max_hp_per_floor":[78,78,78,78,78,78,78,78,78,78,85,85,85,85,85,85],"card_choices":[{"not_picked":["Hologram","Leap"],"picked":"Turbo","floor":1.0},{"not_picked":["Steam Power","Barrage"],"picked":"Reinforced Body","floor":3.0},{"not_picked":["Steam Power","Steam"],"picked":"Sweeping Beam","floor":5.0},{"not_picked":["Fusion","Redo"],"picked":"Chill","floor":8},{"not_picked":["Redo","Rebound"],"picked":"Ball Lightning","floor":11},{"not_picked":["Redo","Sweeping Beam"],"picked":"FTL","floor":14}],"player_experience":922529,"relics_obtained":[{"floor":9,"key":"Anchor"},{"floor":11,"key":"Strawberry"}],"event_choices":[{"damage_healed":0.0,"max_hp_gain":0.0,"max_hp_loss":0.0,"gold_gain":0.0,"event_name":"Shining Light","player_choice":"Entered Light","floor":2.0,"gold_loss":0.0,"damage_taken":23.0,"cards_upgraded":["Defend_B","Defend_B"]},{"damage_healed":0.0,"max_hp_gain":0.0,"max_hp_loss":0.0,"gold_gain":0.0,"event_name":"Lab","player_choice":"Got Potions","floor":4.0,"gold_loss":0.0,"damage_taken":0.0}],"is_beta":true,"boss_relics":[],"items_purged_floors":[12],"is_endless":false,"potions_floor_spawned":[1,3,14],"killed_by":"The Guardian","ascension_level":20}