{"path_per_floor":["M","M","?","M","?","R","M","M","T","M","T","R","M","$","R","B",null,"M","M","$","M","M","R","?","M","T","?","M","M","$"],"character_chosen":"IRONCLAD","items_purchased":["Molten Egg 2","Offering","Dark Shackles","Double Tap","Battle Trance","Purity"],"gold_per_floor":[364,381,631,642,642,642,658,678,701,719,790,790,807,225,225,326,326,340,359,33,53,69,69,69,79,103,103,121,139,38,38],"floor_reached":31,"campfire_rested":3,"playtime":1239,"current_hp_per_floor":[45,51,51,54,54,78,80,80,80,69,69,69,58,58,80,50,80,80,68,68,64,50,74,59,62,62,62,46,31,31,0],"items_purged":["Regret","Regret"],"gold":38,"score":233,"play_id":"3dde055d-337c-42b0-9265-aa06f918dfee","local_time":"20180323023727","is_prod":false,"is_daily":false,"is_ascension_mode":false,"campfire_upgraded":1,"timestamp":1521781647,"path_taken":["M","?","?","M","?","R","M","M","T","M","?","R","?","$","R","BOSS","M","M","$","M","M","R","?","M","T","?","M","M","$","M"],"build_version":"2018-03-22","purchased_purges":2,"victory":false,"master_deck":["Strike_R","Strike_R","Strike_R","Strike_R","Strike_R","Defend_R","Defend_R","Defend_R","Defend_R+1","Bash","Cleave","Anger+1","Inflame","Bludgeon","Offering","Dark Shackles","Impervious","Fire Breathing+1","Shrug It Off","Double Tap","Battle Trance","Flex","Burning Pact+1","Barricade","Rupture","Thunderclap+1","Purity"],"max_hp_per_floor":[80,80,80,80,80,80,80,80,80,80,80,80,80,80,80,80,80,80,80,80,80,80,80,85,85,85,85,85,85,85,85],"relics":["Black Blood","Bag of Marbles","Prayer Wheel","Toolbox","Molten Egg 2","War Paint","Vajra"],"card_choices":[{"not_picked":["Uppercut","Feel No Pain"],"picked":"Cleave","floor":1},{"not_picked":["Body Slam","Uppercut"],"picked":"Anger","floor":2},{"not_picked":["Berserk","Headbutt"],"picked":"Inflame","floor":7},{"not_picked":["Wild Strike","Dual Wield"],"picked":"Bludgeon","floor":13},{"not_picked":["Brutality","Exhume"],"picked":"Impervious","floor":16},{"not_picked":["Cleave","Thunderclap"],"picked":"Fire Breathing","floor":18},{"not_picked":["Cleave","Bloodletting"],"picked":"Shrug It Off","floor":19},{"not_picked":["Perfected Strike","Armaments"],"picked":"Flex","floor":21},{"not_picked":["Fire Breathing","Iron Wave"],"picked":"Burning Pact","floor":22},{"not_picked":["Twin Strike","Clash"],"picked":"Barricade","floor":25},{"not_picked":["Entrench","Searing Blow"],"picked":"Rupture","floor":26},{"not_picked":["Cleave","Reckless Charge"],"picked":"Thunderclap","floor":29}],"player_experience":229766,"potions_floor_usage":[4,8,10,18,25,28],"damage_taken":[{"damage":1,"enemies":"Cultist","floor":1,"turns":3},{"damage":0,"enemies":"Small Slimes","floor":2,"turns":3},{"damage":6,"enemies":"Jaw Worm","floor":4,"turns":2},{"damage":2,"enemies":"3 Louse","floor":7,"turns":2},{"damage":5,"enemies":"Looter","floor":8,"turns":3},{"damage":17,"enemies":"Blue Slaver","floor":10,"turns":4},{"damage":17,"enemies":"Exordium Wildlife","floor":13,"turns":4},{"damage":36,"enemies":"Slime Boss","floor":16,"turns":8},{"damage":6,"enemies":"3 Byrds","floor":18,"turns":4},{"damage":26,"enemies":"Spheric Guardian","floor":19,"turns":4},{"damage":14,"enemies":"Snake Plant","floor":21,"turns":3},{"damage":24,"enemies":"Cultist and Chosen","floor":22,"turns":7},{"damage":7,"enemies":"Snecko","floor":25,"turns":5},{"damage":26,"enemies":"Chosen and Byrds","floor":28,"turns":7},{"damage":25,"enemies":"Snake Plant","floor":29,"turns":4},{"damage":31,"enemies":"Sentry and Sphere","floor":31,"turns":7}],"event_choices":[{"event_name":"Golden Shrine","player_choice":"Desecrate","floor":3,"damage_taken":0},{"event_name":"Big Fish","player_choice":"Box","floor":5,"damage_taken":0},{"event_name":"Forgotten Altar","player_choice":"Shed Blood","floor":24,"damage_taken":0},{"event_name":"The Mausoleum","player_choice":"Yes","floor":27,"damage_taken":0}],"boss_relics":[{"not_picked":["Orrery","Runic Cube"],"picked":"Black Blood"}],"potions_floor_spawned":[1,7,8,16,22,25],"seed_played":"6066285686345348707","killed_by":"Sentry and Sphere","ascension_level":0,"is_trial":false}