{"gold_per_floor":[109,121,139,139,150,70,84,84],"floor_reached":8,"playtime":496,"items_purged":[],"score":55,"play_id":"f472e4d0-2537-4c7c-8fc6-b935ef0f9c92","local_time":"20181223020251","is_ascension_mode":true,"campfire_choices":[],"neow_cost":"CURSE","seed_source_timestamp":194631509061999,"circlet_count":0,"master_deck":["Strike_B","Strike_B","Strike_B","Strike_B","Defend_B","Defend_B","Defend_B","Defend_B","Zap","Dualcast","Conserve Battery","Leap","Aggregate","Reinforced Body","Genetic Algorithm","Rebound"],"relics":["Cracked Core","Incense Burner"],"potions_floor_usage":[3,5],"damage_taken":[{"damage":2,"enemies":"Jaw Worm","floor":1,"turns":4},{"damage":7,"enemies":"Small Slimes","floor":2,"turns":3},{"damage":5,"enemies":"2 Louse","floor":3,"turns":3},{"damage":14,"enemies":"Large Slime","floor":5,"turns":8},{"damage":8,"enemies":"2 Fungi Beasts","floor":7,"turns":4},{"damage":46,"enemies":"Gremlin Nob","floor":8,"turns":5}],"seed_played":"5986473821359810520","potions_obtained":[{"floor":2,"key":"SteroidPotion"},{"floor":3,"key":"FearPotion"},{"floor":7,"key":"Ancient Potion"}],"is_trial":false,"path_per_floor":["M","M","M","?","M","$","M","?"],"character_chosen":"DEFECT","items_purchased":["Genetic Algorithm"],"campfire_rested":0,"item_purchase_floors":[6],"current_hp_per_floor":[73,66,61,54,40,40,32,0],"gold":84,"neow_bonus":"ONE_RARE_RELIC","is_prod":false,"is_daily":false,"chose_seed":false,"campfire_upgraded":0,"win_rate":0,"timestamp":1545543171,"path_taken":["M","M","M","?","M","$","M","?"],"build_version":"2018-12-20","purchased_purges":0,"victory":false,"max_hp_per_floor":[75,75,75,75,75,75,75,75],"card_choices":[{"not_picked":["Go for the Eyes","Heatsinks"],"picked":"Conserve Battery","floor":1},{"not_picked":["Stack","Gash"],"picked":"Leap","floor":2},{"not_picked":["Cold Snap","Coolheaded"],"picked":"Aggregate","floor":3},{"not_picked":["Beam Cell","Chaos"],"picked":"Reinforced Body","floor":5},{"not_picked":["Ball Lightning","Barrage"],"picked":"Rebound","floor":7}],"player_experience":525951,"relics_obtained":[],"event_choices":[{"cards_removed":["Decay"],"damage_healed":0,"gold_gain":0,"player_choice":"Card Removal","damage_taken":7,"max_hp_gain":0,"max_hp_loss":0,"event_name":"Golden Wing","floor":4,"gold_loss":0},{"damage_healed":0,"gold_gain":0,"player_choice":"Searched \u00272\u0027 times","damage_taken":0,"max_hp_gain":0,"max_hp_loss":0,"event_name":"Dead Adventurer","floor":8,"gold_loss":0}],"is_beta":true,"boss_relics":[],"items_purged_floors":[],"is_endless":false,"potions_floor_spawned":[2,3,7],"killed_by":"Gremlin Nob","ascension_level":2}