{"path_per_floor":["M","?","M","?","M","R","M","R","T","R","M","M","?","M","R","B",null,"M","?","M","?","M"],"character_chosen":"THE_SILENT","items_purchased":[],"gold_per_floor":[99,99,99,99,99,99,99,99,99,99,99,99,99,99,99,99,99,24,24,24,24,24,24],"floor_reached":23,"campfire_rested":1,"playtime":991,"current_hp_per_floor":[70,70,70,56,56,56,56,56,56,56,52,64,64,60,70,21,70,46,69,59,59,55,0],"items_purged":[],"gold":24,"score":185,"play_id":"fb7d6144-2ffa-4b68-8a5a-bcf766cace62","local_time":"20180426051551","is_prod":false,"is_daily":false,"chose_seed":false,"is_ascension_mode":false,"campfire_upgraded":3,"timestamp":1524728751,"path_taken":["M","?","?","?","M","R","M","R","T","R","?","?","?","M","R","BOSS","M","?","M","?","M","E"],"build_version":"2018-04-19","seed_source_timestamp":0,"purchased_purges":0,"victory":false,"master_deck":["Defend_G","Defend_G","Defend_G","Defend_G+1","Defend_G","Strike_G","Strike_G","Strike_G","Strike_G","Strike_G","Survivor+1","Neutralize","Noxious Fumes+1","Backflip+1","Dagger Spray+1","Catalyst","PiercingWail","Envenom","Skewer+1","Acrobatics"],"max_hp_per_floor":[70,70,70,70,70,70,70,70,70,70,70,70,70,70,70,70,70,70,70,70,70,70,70],"relics":["Ectoplasm"],"card_choices":[{"not_picked":["Accuracy","Cloak And Dagger"],"picked":"Noxious Fumes","floor":1.0},{"not_picked":["Footwork","Quick Slash"],"picked":"Backflip","floor":3.0},{"not_picked":["Crippling Poison","Flying Knee"],"picked":"Dagger Spray","floor":5.0},{"not_picked":["Dagger Throw","Poisoned Stab"],"picked":"Catalyst","floor":11},{"not_picked":["Deadly Poison","Distraction"],"picked":"PiercingWail","floor":14},{"not_picked":["Grand Finale","Tactician"],"picked":"Envenom","floor":16},{"not_picked":["Quick Slash","Prepared"],"picked":"Skewer","floor":18},{"not_picked":["Underhanded Strike","Prepared"],"picked":"Acrobatics","floor":20}],"player_experience":364596,"potions_floor_usage":[12,12,16,22,23],"damage_taken":[{"damage":0.0,"enemies":"2 Louse","floor":1.0,"turns":3.0},{"damage":0.0,"enemies":"Small Slimes","floor":3.0,"turns":4.0},{"damage":0.0,"enemies":"Cultist","floor":5.0,"turns":4.0},{"damage":0.0,"enemies":"Large Slime","floor":7.0,"turns":4.0},{"damage":4,"enemies":"Blue Slaver","floor":11,"turns":4},{"damage":0,"enemies":"Exordium Thugs","floor":12,"turns":5},{"damage":4,"enemies":"Lots of Slimes","floor":14,"turns":2},{"damage":49,"enemies":"Slime Boss","floor":16,"turns":11},{"damage":24,"enemies":"2 Thieves","floor":18,"turns":5},{"damage":10,"enemies":"Shell Parasite","floor":20,"turns":6},{"damage":4,"enemies":"Snecko","floor":22,"turns":6},{"damage":75,"enemies":"Book of Stabbing","floor":23,"turns":7}],"event_choices":[{"event_name":"Liars Game","player_choice":"disagreed","floor":2.0,"damage_taken":0.0},{"event_name":"Shining Light","player_choice":"Entered Light","floor":4.0,"damage_taken":0.0},{"event_name":"Scrap Ooze","player_choice":"unsuccessful","floor":13,"damage_taken":0},{"event_name":"The Library","player_choice":"Heal","floor":19,"damage_taken":0},{"event_name":"Ghosts","player_choice":"Ignored","floor":21,"damage_taken":0}],"boss_relics":[{"not_picked":["Sozu","Tiny House","Calling Bell"]}],"potions_floor_spawned":[1,5,7,11,20,22],"seed_played":"-200132849459834241","killed_by":"Book of Stabbing","ascension_level":0,"is_trial":false}