{"path_per_floor":["M","$","M","M","M","R","?","R","T","E","M","M","R","?","R","B",null,"M","M","?","$","$","T"],"character_chosen":"IRONCLAD","items_purchased":["Feel No Pain","Iron Wave","Explosive Potion","Swift Potion","Regen Potion"],"gold_per_floor":[118,5,25,36,51,51,126,126,126,152,170,187,187,137,137,236,236,249,269,269,172,121,191,191],"floor_reached":24,"campfire_rested":1,"playtime":1086,"current_hp_per_floor":[67,67,67,67,60,66,55,61,61,49,45,40,70,70,76,45,80,65,36,36,36,36,36,0],"items_purged":[],"gold":191,"score":221,"play_id":"3577da5f-376b-4b62-bfda-b511d81f4ed2","local_time":"20180421023349","is_prod":false,"is_daily":false,"chose_seed":false,"is_ascension_mode":false,"campfire_upgraded":3,"timestamp":1524287029,"path_taken":["M","$","M","?","M","R","?","R","T","E","?","M","R","?","R","BOSS","M","M","?","?","$","?","M"],"build_version":"2018-04-19","seed_source_timestamp":23588457050339,"purchased_purges":1,"victory":false,"master_deck":["Defend_R","Defend_R","Defend_R","Defend_R","Bash","Uppercut+1","Iron Wave","Flex+1","Flame Barrier+1","Clash","Barricade","Cleave","Bite","Bite","Bite","Bite","Bite"],"max_hp_per_floor":[80,80,80,80,80,80,80,80,80,80,80,80,80,80,80,80,80,80,80,56,56,56,56,56],"relics":["Eternal Feather"],"card_choices":[{"not_picked":["Heavy Blade","Perfected Strike"],"picked":"Uppercut","floor":1},{"not_picked":["Twin Strike","Uppercut"],"picked":"Flex","floor":3},{"not_picked":["Anger","Armaments"],"picked":"Flame Barrier","floor":5},{"not_picked":["Havoc","Ghostly Armor"],"picked":"Clash","floor":10},{"not_picked":["Dark Embrace","Exhume"],"picked":"Barricade","floor":16},{"not_picked":["Armaments","Iron Wave"],"picked":"Cleave","floor":19}],"player_experience":361723,"potions_floor_usage":[3,10,18,24,24,24],"damage_taken":[{"damage":13,"enemies":"Cultist","floor":1,"turns":5},{"damage":0,"enemies":"2 Louse","floor":3,"turns":3},{"damage":0,"enemies":"Small Slimes","floor":4,"turns":4},{"damage":7,"enemies":"Exordium Wildlife","floor":5,"turns":3},{"damage":27,"enemies":"Lagavulin","floor":10,"turns":8},{"damage":4,"enemies":"Lots of Slimes","floor":11,"turns":5},{"damage":5,"enemies":"Large Slime","floor":12,"turns":6},{"damage":31,"enemies":"The Guardian","floor":16,"turns":11},{"damage":15,"enemies":"2 Thieves","floor":18,"turns":5},{"damage":29,"enemies":"Spheric Guardian","floor":19,"turns":6},{"damage":71,"enemies":"Slaver and Parasite","floor":24,"turns":9}],"event_choices":[{"event_name":"World of Goop","player_choice":"Gather Gold","floor":7,"damage_taken":0},{"event_name":"The Cleric","player_choice":"Card Removal","floor":14,"damage_taken":0},{"event_name":"Vampires","player_choice":"Became a vampire","floor":20,"damage_taken":0}],"boss_relics":[{"not_picked":["Lizard Tail","Calling Bell","Runic Cube"]}],"potions_floor_spawned":[1,5,16],"seed_played":"5743412965242089203","killed_by":"Slaver and Parasite","ascension_level":0,"is_trial":false}