{"gold_per_floor":[115,265,281,74,74,74,107,107,107,107,136,148,223,238,238,311,311,322,352,352,369,44,44,62,62,89,100,150,170,170,187,187,259,259,278,278,500,511,530,530,543,543,543,643,93,93],"floor_reached":46,"playtime":2265,"items_purged":["Doubt","Strike_B","Defend_B"],"score":956,"play_id":"06bf8eef-f2d8-43ba-b39d-36072ca6149e","local_time":"20181126213904","is_ascension_mode":true,"campfire_choices":[{"data":"Darkness","floor":6,"key":"SMITH"},{"data":"Doom and Gloom","floor":8,"key":"SMITH"},{"data":"Redo","floor":15,"key":"SMITH"},{"floor":23,"key":"REST"},{"floor":25,"key":"REST"},{"floor":30,"key":"REST"},{"floor":32,"key":"REST"},{"floor":40,"key":"REST"},{"floor":42,"key":"REST"}],"neow_cost":"NONE","seed_source_timestamp":4602476463381,"circlet_count":0,"master_deck":["AscendersBane","Defend_B","Defend_B","Defend_B","Zap+1","Dualcast","Darkness+1","Doom and Gloom+1","Undo","Steam","Steam","Hologram","Redo+1","Loop","Core Surge","Streamline+1","Recycle+1","Sweeping Beam+1","Skim","Rip and Tear+1","PanicButton","Hologram","Turbo","Beam Cell+1","Conserve Battery","Hologram","Reboot","Leap","Melter+1","Hologram","Reboot","Redo"],"relics":["Cracked Core","NeowsBlessing","Torii","Sundial","Bird Faced Urn","Astrolabe","Red Mask","Fusion Hammer","Regal Pillow","Dead Branch","TheAbacus","Happy Flower"],"potions_floor_usage":[11,16,19,24,33,35,35,46],"damage_taken":[{"damage":0,"enemies":"2 Louse","floor":1,"turns":1},{"damage":0,"enemies":"Jaw Worm","floor":3,"turns":1},{"damage":0,"enemies":"3 Sentries","floor":7,"turns":1},{"damage":6,"enemies":"Lagavulin","floor":11,"turns":4},{"damage":0,"enemies":"Cultist","floor":12,"turns":3},{"damage":0,"enemies":"Large Slime","floor":14,"turns":3},{"damage":30,"enemies":"The Guardian","floor":16,"turns":8},{"damage":1,"enemies":"Spheric Guardian","floor":18,"turns":4},{"damage":7,"enemies":"Masked Bandits","floor":19,"turns":3},{"damage":10,"enemies":"Chosen","floor":21,"turns":4},{"damage":14,"enemies":"Snecko","floor":24,"turns":5},{"damage":24,"enemies":"Cultist and Chosen","floor":27,"turns":6},{"damage":15,"enemies":"Snake Plant","floor":29,"turns":4},{"damage":7,"enemies":"3 Cultists","floor":31,"turns":4},{"damage":51,"enemies":"Automaton","floor":33,"turns":8},{"damage":14,"enemies":"3 Darklings","floor":35,"turns":5},{"damage":0,"enemies":"3 Shapes","floor":38,"turns":4},{"damage":20,"enemies":"3 Darklings","floor":39,"turns":5},{"damage":24,"enemies":"Jaw Worm Horde","floor":41,"turns":5},{"damage":22,"enemies":"Mind Bloom Boss Battle","floor":44,"turns":8},{"damage":96,"enemies":"Giant Head","floor":46,"turns":7}],"seed_played":"2338438266449882708","potions_obtained":[{"floor":1,"key":"FearPotion"},{"floor":3,"key":"Ancient Potion"},{"floor":12,"key":"Poison Potion"},{"floor":21,"key":"SkillPotion"},{"floor":27,"key":"Explosive Potion"},{"floor":33,"key":"Swift Potion"},{"floor":38,"key":"FairyPotion"},{"floor":41,"key":"Explosive Potion"}],"is_trial":false,"path_per_floor":["M","?","M","$","?","R","E","R","T","?","E","M","?","M","R","B",null,"M","?","?","M","$","R","M","R","T","M","?","M","R","M","R","B",null,"M","?","?","M","M","R","M","R","T","?","$","E"],"character_chosen":"DEFECT","items_purchased":["Undo","Steam","PanicButton","Hologram","FocusPotion","Redo","TheAbacus","Happy Flower"],"campfire_rested":6,"item_purchase_floors":[4,4,22,22,22,45,45,45],"current_hp_per_floor":[64,64,64,64,64,64,64,64,64,64,58,58,47,47,47,19,58,59,52,32,24,24,46,34,56,56,34,34,21,43,38,60,11,60,48,48,48,48,28,50,28,50,50,30,30,0],"gold":93,"neow_bonus":"THREE_ENEMY_KILL","is_prod":false,"is_daily":false,"chose_seed":false,"campfire_upgraded":3,"win_rate":0,"timestamp":1543264744,"path_taken":["M","?","M","$","?","R","E","R","T","?","E","?","?","M","R","BOSS","M","?","?","M","$","R","M","R","T","M","?","M","R","?","R","BOSS","M","?","?","M","M","R","M","R","T","?","$","E"],"build_version":"2018-11-15","purchased_purges":3,"victory":false,"max_hp_per_floor":[71,71,71,71,71,71,71,71,71,71,71,71,71,71,71,71,71,71,71,76,76,76,76,76,76,76,76,76,76,76,76,76,76,76,76,76,76,76,76,76,76,76,76,76,76,76],"card_choices":[{"not_picked":["Steam","Conserve Battery"],"picked":"Darkness","floor":1},{"not_picked":["Rebound","Consume"],"picked":"Doom and Gloom","floor":3},{"not_picked":["Rebound","Ball Lightning"],"picked":"Steam","floor":7},{"not_picked":["Steam","Aggregate"],"picked":"Hologram","floor":11},{"not_picked":["Ball Lightning","Fusion"],"picked":"Redo","floor":12},{"not_picked":["Conserve Battery","Coolheaded"],"picked":"Loop","floor":14},{"not_picked":["Machine Learning","Thunder Strike"],"picked":"Core Surge","floor":16},{"not_picked":["Barrage","Steam"],"picked":"Skim","floor":18},{"not_picked":["Chaos","Turbo"],"picked":"Rip and Tear+1","floor":21},{"not_picked":["Doom and Gloom+1","Cold Snap"],"picked":"Turbo","floor":24},{"not_picked":["Sweeping Beam","Compile Driver"],"picked":"Beam Cell+1","floor":27},{"not_picked":["Rip and Tear+1","Gash"],"picked":"Conserve Battery","floor":29},{"not_picked":["Rainbow","Capacitor+1"],"picked":"Hologram","floor":31},{"not_picked":["Hyperbeam","Fission"],"picked":"Reboot","floor":33},{"not_picked":["Reinforced Body","Rebound"],"picked":"Leap","floor":35},{"not_picked":["Streamline+1","Glacier"],"picked":"Melter+1","floor":38},{"not_picked":["Rip and Tear","Streamline"],"picked":"Hologram","floor":39},{"not_picked":["Rip and Tear+1","Barrage"],"picked":"Reboot","floor":41}],"player_experience":826455,"relics_obtained":[{"floor":7,"key":"Torii"},{"floor":9,"key":"Sundial"},{"floor":11,"key":"Bird Faced Urn"},{"floor":19,"key":"Red Mask"},{"floor":43,"key":"Regal Pillow"},{"floor":44,"key":"Dead Branch"}],"event_choices":[{"damage_healed":0,"gold_gain":150,"player_choice":"AGREE","damage_taken":0,"max_hp_gain":0,"max_hp_loss":0,"event_name":"Liars Game","floor":2,"gold_loss":0,"cards_obtained":["Doubt"]},{"damage_healed":0,"gold_gain":0,"player_choice":"Grow","damage_taken":0,"max_hp_gain":0,"max_hp_loss":0,"event_name":"Living Wall","floor":5,"gold_loss":0,"cards_upgraded":["Zap"]},{"damage_healed":0,"gold_gain":0,"player_choice":"0 cards matched","damage_taken":0,"max_hp_gain":0,"max_hp_loss":0,"event_name":"Match and Keep!","floor":10,"gold_loss":0,"cards_obtained":[]},{"damage_healed":0,"gold_gain":75,"player_choice":"Gather Gold","damage_taken":11,"max_hp_gain":0,"max_hp_loss":0,"event_name":"World of Goop","floor":13,"gold_loss":0},{"damage_healed":0,"gold_gain":0,"player_choice":"Fought Bandits","damage_taken":0,"max_hp_gain":0,"max_hp_loss":0,"event_name":"Masked Bandits","floor":19,"gold_loss":0},{"damage_healed":0,"gold_gain":0,"player_choice":"Shed Blood","damage_taken":25,"max_hp_gain":5,"max_hp_loss":0,"event_name":"Forgotten Altar","floor":20,"gold_loss":0},{"damage_healed":0,"gold_gain":50,"player_choice":"Stole From Cult","damage_taken":0,"max_hp_gain":0,"max_hp_loss":0,"event_name":"Nest","floor":28,"gold_loss":0},{"damage_healed":0,"gold_gain":0,"player_choice":"Memory 1","damage_taken":0,"max_hp_gain":0,"max_hp_loss":0,"event_name":"SensoryStone","floor":36,"gold_loss":0},{"damage_healed":0,"gold_gain":222,"player_choice":"Wore Mask","damage_taken":0,"max_hp_gain":0,"max_hp_loss":0,"event_name":"Tomb of Lord Red Mask","floor":37,"gold_loss":0},{"damage_healed":0,"gold_gain":0,"player_choice":"Fight","damage_taken":0,"max_hp_gain":0,"max_hp_loss":0,"event_name":"MindBloom","floor":44,"gold_loss":0}],"is_beta":true,"boss_relics":[{"not_picked":["Velvet Choker","Black Star"],"picked":"Astrolabe"},{"not_picked":["Lizard Tail","Calling Bell"],"picked":"Fusion Hammer"}],"items_purged_floors":[4,22,45],"is_endless":false,"potions_floor_spawned":[1,3,12,14,21,27,31,33,38,41,44],"killed_by":"Giant Head","ascension_level":20}