{"gold_per_floor":[119,119,138,153,80,111,130,147,147,147,166,166,166,179,179,274,274,291,390,401,401],"floor_reached":21,"playtime":1243,"items_purged":[],"score":247,"play_id":"7915af81-68d3-49bb-b4c8-546374237696","local_time":"20190114151106","is_ascension_mode":true,"campfire_choices":[{"data":"Skewer","floor":13,"key":"SMITH"},{"data":"All Out Attack","floor":15,"key":"SMITH"}],"neow_cost":"NONE","seed_source_timestamp":15904120042394,"circlet_count":0,"master_deck":["Defend_G","Defend_G","Defend_G","Defend_G","Defend_G","Strike_G","Strike_G","Strike_G","Strike_G","Survivor","Neutralize","Quick Slash","PiercingWail","All Out Attack+1","Sucker Punch","Footwork+1","Dodge and Roll","Skewer+1","Footwork","Corpse Explosion","Quick Slash+1"],"relics":["Sozu","Boot","Dream Catcher","Oddly Smooth Stone","Snecko Eye"],"potions_floor_usage":[],"damage_taken":[{"damage":0,"enemies":"2 Louse","floor":1,"turns":3},{"damage":0,"enemies":"Cultist","floor":3,"turns":3},{"damage":7,"enemies":"Small Slimes","floor":4,"turns":5},{"damage":23,"enemies":"Lagavulin","floor":6,"turns":8},{"damage":1,"enemies":"Exordium Thugs","floor":7,"turns":3},{"damage":1,"enemies":"Exordium Wildlife","floor":8,"turns":5},{"damage":0,"enemies":"Looter","floor":11,"turns":4},{"damage":0,"enemies":"Exordium Thugs","floor":14,"turns":5},{"damage":6,"enemies":"The Guardian","floor":16,"turns":12},{"damage":0,"enemies":"Shell Parasite","floor":18,"turns":7},{"damage":0,"enemies":"3 Byrds","floor":20,"turns":2},{"damage":4,"enemies":"Cultist and Chosen","floor":21,"turns":4}],"seed_played":"-2842958544597380105","potions_obtained":[],"is_trial":false,"path_per_floor":["M","?","M","M","?","E","M","M","T","?","M","?","R","M","R","B",null,"M","?","M","M"],"character_chosen":"THE_SILENT","items_purchased":[],"campfire_rested":0,"item_purchase_floors":[],"current_hp_per_floor":[63,63,63,56,56,33,32,31,31,31,31,31,31,31,31,25,59,59,59,59,55],"gold":401,"neow_bonus":"BOSS_RELIC","is_prod":false,"is_daily":false,"chose_seed":false,"campfire_upgraded":2,"win_rate":0,"timestamp":1547500266,"path_taken":["M","?","?","M","?","E","?","M","T","?","M","?","R","M","R","BOSS","M","?","M","M"],"build_version":"2019-01-10","purchased_purges":0,"victory":false,"max_hp_per_floor":[70,70,70,70,70,70,70,70,70,70,70,70,70,70,70,70,70,70,70,70,70],"card_choices":[{"not_picked":["Accuracy","Deadly Poison"],"picked":"Quick Slash","floor":1},{"not_picked":["Slice","Outmaneuver"],"picked":"PiercingWail","floor":3},{"not_picked":["Sucker Punch","Acrobatics"],"picked":"All Out Attack","floor":4},{"not_picked":["Quick Slash","Deflect"],"picked":"Sucker Punch","floor":6},{"not_picked":["Quick Slash","Die Die Die"],"picked":"Footwork","floor":7},{"not_picked":["Distraction","Slice"],"picked":"Dodge and Roll","floor":8},{"not_picked":["Underhanded Strike","Endless Agony"],"picked":"Skewer","floor":11},{"not_picked":["Underhanded Strike","Backstab"],"picked":"Footwork","floor":14},{"not_picked":["Envenom","Unload"],"picked":"Corpse Explosion","floor":16},{"not_picked":["Slice","Bouncing Flask+1","Flechettes"],"picked":"SKIP","floor":18},{"not_picked":["Sucker Punch","Dagger Spray"],"picked":"Quick Slash+1","floor":20}],"player_experience":184588,"relics_obtained":[{"floor":6,"key":"Dream Catcher"},{"floor":9,"key":"Oddly Smooth Stone"}],"event_choices":[{"cards_removed":["Strike_G"],"damage_healed":0,"gold_gain":0,"player_choice":"Offered Basic","damage_taken":0,"max_hp_gain":0,"max_hp_loss":0,"event_name":"Bonfire Elementals","floor":2,"gold_loss":0},{"damage_healed":0,"gold_gain":0,"player_choice":"Paid Gold","damage_taken":0,"relics_obtained":["Boot"],"max_hp_gain":0,"max_hp_loss":0,"event_name":"WeMeetAgain","floor":5,"gold_loss":73},{"damage_healed":0,"gold_gain":0,"player_choice":"Ignored","damage_taken":0,"max_hp_gain":0,"max_hp_loss":0,"event_name":"Liars Game","floor":10,"gold_loss":0},{"damage_healed":0,"gold_gain":0,"player_choice":"Upgraded","damage_taken":0,"max_hp_gain":0,"max_hp_loss":0,"event_name":"Upgrade Shrine","floor":12,"gold_loss":0,"cards_upgraded":["Footwork"]},{"damage_healed":0,"gold_gain":99,"player_choice":"Stole From Cult","damage_taken":0,"max_hp_gain":0,"max_hp_loss":0,"event_name":"Nest","floor":19,"gold_loss":0}],"is_beta":false,"boss_relics":[{"not_picked":["Fusion Hammer","Velvet Choker"],"picked":"Snecko Eye"}],"items_purged_floors":[],"is_endless":false,"potions_floor_spawned":[3,8,16],"killed_by":"Cultist and Chosen","ascension_level":7}