{"gold_per_floor":[112,72,72,86,96,127,140,173,173,173,186,26,26,44,44,116,116,130,130,17,36,36,36,36],"floor_reached":24,"playtime":1112,"items_purged":["Strike_G"],"score":381,"play_id":"1025144b-f796-468e-a6f9-d9770f8948e7","local_time":"20190224130531","is_ascension_mode":true,"campfire_choices":[{"floor":10,"key":"REST"},{"floor":15,"key":"REST"},{"data":"1","floor":23,"key":"LIFT"}],"neow_cost":"NONE","seed_source_timestamp":512364563411714,"circlet_count":0,"master_deck":["AscendersBane","Defend_G","Defend_G","Defend_G","Defend_G","Defend_G","Strike_G","Strike_G","Survivor","Neutralize","Adrenaline","Caltrops","Noxious Fumes","Predator","Deflect","Quick Slash","Backflip","Backflip","Well Laid Plans","Deadly Poison","Wraith Form v2","Acrobatics","Deadly Poison","Noxious Fumes"],"relics":["Ring of the Snake","Kunai","The Specimen","Girya","Nunchaku","Runic Pyramid"],"potions_floor_usage":[6,7,8,24],"damage_taken":[{"damage":0,"enemies":"Jaw Worm","floor":1,"turns":5},{"damage":1,"enemies":"Cultist","floor":4,"turns":4},{"damage":1,"enemies":"Small Slimes","floor":5,"turns":5},{"damage":28,"enemies":"Lagavulin","floor":6,"turns":9},{"damage":2,"enemies":"Looter","floor":7,"turns":3},{"damage":37,"enemies":"Gremlin Nob","floor":8,"turns":5},{"damage":4,"enemies":"Blue Slaver","floor":11,"turns":3},{"damage":1,"enemies":"Large Slime","floor":14,"turns":5},{"damage":5,"enemies":"Hexaghost","floor":16,"turns":10},{"damage":2,"enemies":"Chosen","floor":18,"turns":6},{"damage":2,"enemies":"Spheric Guardian","floor":21,"turns":5},{"damage":55,"enemies":"Gremlin Leader","floor":24,"turns":4}],"seed_played":"6318431960735573589","potions_obtained":[{"floor":4,"key":"AttackPotion"},{"floor":5,"key":"SkillPotion"},{"floor":6,"key":"Regen Potion"},{"floor":18,"key":"Weak Potion"}],"is_trial":false,"path_per_floor":["M","$","?","M","M","E","M","E","T","R","M","$","?","M","R","B",null,"M","?","$","M","$","R","E"],"character_chosen":"THE_SILENT","items_purchased":["Noxious Fumes","Well Laid Plans","Deadly Poison","Noxious Fumes"],"campfire_rested":2,"item_purchase_floors":[2,12,20,20],"current_hp_per_floor":[59,59,59,58,57,29,39,2,2,21,17,17,17,16,35,30,57,55,55,55,53,53,53,0],"gold":36,"neow_bonus":"ONE_RANDOM_RARE_CARD","is_prod":false,"is_daily":false,"chose_seed":false,"campfire_upgraded":0,"win_rate":0,"timestamp":1551042331,"path_taken":["M","$","?","?","M","E","M","E","T","R","M","$","?","?","R","BOSS","M","?","$","M","$","R","E"],"build_version":"2019-01-23","purchased_purges":1,"victory":false,"max_hp_per_floor":[66,66,66,66,66,66,66,66,66,66,66,66,66,66,66,66,66,66,66,66,66,66,66,66],"card_choices":[{"not_picked":["Prepared","Outmaneuver"],"picked":"Caltrops","floor":1},{"not_picked":["Flying Knee","Slice"],"picked":"Deflect","floor":4},{"not_picked":["Dodge and Roll","Underhanded Strike","Blade Dance"],"picked":"SKIP","floor":5},{"not_picked":["Sucker Punch","Setup"],"picked":"Slice","floor":6},{"not_picked":["Phantasmal Killer","Concentrate"],"picked":"Quick Slash","floor":7},{"not_picked":["Crippling Poison","Slice"],"picked":"Backflip","floor":8},{"not_picked":["Masterful Stab","Outmaneuver"],"picked":"Backflip","floor":11},{"not_picked":["Terror","Riddle With Holes"],"picked":"Deadly Poison","floor":14},{"not_picked":["Bullet Time","Storm of Steel"],"picked":"Wraith Form v2","floor":16},{"not_picked":["Accuracy","Crippling Poison"],"picked":"Acrobatics","floor":18},{"not_picked":["Acrobatics","Dodge and Roll","Infinite Blades"],"picked":"SKIP","floor":21}],"player_experience":243702,"relics_obtained":[{"floor":6,"key":"Kunai"},{"floor":8,"key":"The Specimen"},{"floor":9,"key":"Girya"}],"event_choices":[{"damage_healed":0,"gold_gain":0,"cards_transformed":["Strike_G"],"player_choice":"Transformed","damage_taken":0,"max_hp_gain":0,"max_hp_loss":0,"event_name":"Transmorgrifier","floor":3,"gold_loss":0,"cards_obtained":["Predator"]},{"cards_removed":["Slice"],"damage_healed":0,"gold_gain":0,"player_choice":"Gave Card","damage_taken":0,"relics_obtained":["Nunchaku"],"max_hp_gain":0,"max_hp_loss":0,"event_name":"WeMeetAgain","floor":13,"gold_loss":0},{"cards_removed":["Strike_G"],"damage_healed":0,"gold_gain":0,"player_choice":"Elegance","damage_taken":0,"max_hp_gain":0,"max_hp_loss":0,"event_name":"Back to Basics","floor":19,"gold_loss":0}],"is_beta":false,"boss_relics":[{"not_picked":["Lizard Tail","Coffee Dripper"],"picked":"Runic Pyramid"}],"items_purged_floors":[12],"is_endless":false,"potions_floor_spawned":[4,5,6,18],"killed_by":"Gremlin Leader","ascension_level":17}