{"path_per_floor":["M","M","$","M","M","R","M","M","T","M","R","$","M","?","R","B",null,"M","$","?","M","M","R","?","R","T","E","$","M"],"character_chosen":"DEFECT","items_purchased":["Storm","Ball Lightning","Sunder","Block Potion","Reinforced Body","Defragment","Dramatic Entrance"],"gold_per_floor":[119,137,13,33,50,50,66,77,77,96,96,14,32,32,32,128,128,142,26,26,45,61,61,61,61,87,113,15,35,35],"floor_reached":30,"campfire_rested":3,"playtime":1382,"current_hp_per_floor":[74,60,60,58,35,57,37,31,31,7,29,29,28,75,75,64,75,72,72,72,53,40,62,62,62,62,19,19,1,0],"items_purged":[],"gold":35,"score":256,"play_id":"1cb16538-5f3e-470c-8b4f-5354b874ca7b","local_time":"20180515051538","is_prod":false,"is_daily":false,"chose_seed":false,"is_ascension_mode":true,"campfire_upgraded":2,"timestamp":1526370338,"path_taken":["M","?","$","M","M","R","M","M","T","M","R","$","M","?","R","BOSS","M","$","?","M","M","R","?","R","T","E","$","M","M"],"build_version":"2018-05-12v2","seed_source_timestamp":190546472527112,"purchased_purges":0,"victory":false,"master_deck":["Strike_B+1","Strike_B+1","Strike_B+1","Strike_B+1","Defend_B+1","Defend_B+1","Defend_B+1","Defend_B+1","Zap","Dualcast","Defragment","Beam Cell","Storm","Ball Lightning","FTL","Darkness+1","Genetic Algorithm","Sunder","Steam","Electrodynamics+1","Reinforced Body","Defragment","Axe Kick","Injury","Force Field","Dramatic Entrance","Beam Cell+1"],"max_hp_per_floor":[75,75,75,75,75,75,75,75,75,75,75,75,75,75,75,75,75,75,75,75,75,75,75,75,75,75,75,75,75,75],"relics":["Runic Pyramid","Sundial","Cursed Key","DataDisk","Ancient Tea Set"],"card_choices":[{"not_picked":["Reprogram","Streamline"],"picked":"Defragment","floor":1},{"not_picked":["Capacitor","Defragment"],"picked":"Beam Cell","floor":2},{"not_picked":["Aggregate","Sunder"],"picked":"FTL","floor":4},{"not_picked":["Capacitor","Turbo","Skim"],"picked":"SKIP","floor":5},{"not_picked":["Barrage","Meteor Strike"],"picked":"FTL","floor":7},{"not_picked":["Go for the Eyes","Streamline"],"picked":"Darkness","floor":8},{"not_picked":["Cold Snap","FTL"],"picked":"Genetic Algorithm","floor":10},{"not_picked":["Coolheaded","Skim"],"picked":"Steam","floor":13},{"not_picked":["Biased Cognition","Nova"],"picked":"Electrodynamics","floor":16},{"not_picked":["Loop","Consume"],"picked":"Steam","floor":18},{"not_picked":["Rebound+1","Sunder","Ball Lightning"],"picked":"SKIP","floor":21},{"not_picked":["Auto Shields","Steam Power"],"picked":"Axe Kick","floor":22},{"not_picked":["Rainbow","Beam Cell"],"picked":"Force Field","floor":27},{"not_picked":["Sweeping Beam","Axe Kick"],"picked":"Beam Cell+1","floor":29}],"player_experience":420665,"potions_floor_usage":[2,5,8,18,18,21,27],"damage_taken":[{"damage":1,"enemies":"Cultist","floor":1,"turns":4},{"damage":14,"enemies":"2 Louse","floor":2,"turns":3},{"damage":2,"enemies":"Small Slimes","floor":4,"turns":3},{"damage":23,"enemies":"Exordium Thugs","floor":5,"turns":5},{"damage":20,"enemies":"3 Louse","floor":7,"turns":3},{"damage":6,"enemies":"Blue Slaver","floor":8,"turns":3},{"damage":24,"enemies":"Lots of Slimes","floor":10,"turns":5},{"damage":1,"enemies":"2 Fungi Beasts","floor":13,"turns":3},{"damage":11,"enemies":"The Guardian","floor":16,"turns":11},{"damage":3,"enemies":"Chosen","floor":18,"turns":4},{"damage":19,"enemies":"Shell Parasite","floor":21,"turns":4},{"damage":13,"enemies":"Centurion and Healer","floor":22,"turns":6},{"damage":43,"enemies":"Book of Stabbing","floor":27,"turns":6},{"damage":18,"enemies":"Sentry and Sphere","floor":29,"turns":5},{"damage":5,"enemies":"Snake Plant","floor":30,"turns":3}],"event_choices":[{"event_name":"Bonfire Elementals","player_choice":"UNCOMMON","floor":14,"damage_taken":0},{"event_name":"Back to Basics","player_choice":"Simplicity","floor":20,"damage_taken":0},{"event_name":"Wheel of Change","player_choice":"Card Removal","floor":24,"damage_taken":0}],"boss_relics":[{"not_picked":["Runic Dome","White Beast Statue"],"picked":"Cursed Key"}],"potions_floor_spawned":[1,4,7,16,18,22],"seed_played":"-6754022147753799645","killed_by":"Snake Plant","ascension_level":1,"is_trial":false}