{"path_per_floor":["M","?","M","M","$","E","?","M","T","R","M","?","E","M","R"],"character_chosen":"IRONCLAD","items_purchased":["Rupture"],"gold_per_floor":[119,119,136,147,73,135,135,151,151,151,166,166,195,213,213,213],"floor_reached":16,"campfire_rested":2,"playtime":522,"current_hp_per_floor":[77,77,80,69,69,29,13,7,7,31,36,36,19,19,43,0],"items_purged":[],"gold":213,"score":118,"play_id":"aeab1773-1601-4773-a34b-2bd0fcd35d4e","local_time":"20180428123524","is_prod":false,"is_daily":false,"chose_seed":false,"is_ascension_mode":true,"campfire_upgraded":0,"timestamp":1524933324,"path_taken":["M","?","M","?","$","E","?","M","T","R","?","?","E","M","R","BOSS"],"build_version":"2018-04-26","seed_source_timestamp":55831394278697,"purchased_purges":0,"victory":false,"master_deck":["Strike_R","Strike_R","Strike_R","Strike_R+1","Defend_R","Defend_R","Defend_R+1","Defend_R","Bash","Warcry","Thunderclap","Twin Strike","Rupture","Seeing Red","Whirlwind+1","Headbutt","Ghostly Armor"],"max_hp_per_floor":[80,80,80,80,80,80,80,80,80,80,80,80,80,80,80,80],"relics":["Burning Blood","Tiny Chest","Vajra","Ornamental Fan"],"card_choices":[{"not_picked":["Anger","Disarm"],"picked":"Warcry","floor":1},{"not_picked":["Iron Wave","Wild Strike"],"picked":"Thunderclap","floor":3},{"not_picked":["Anger","Intimidate"],"picked":"Twin Strike","floor":4},{"not_picked":["Thunderclap","Havoc"],"picked":"Seeing Red","floor":6},{"not_picked":["Uppercut","Clash"],"picked":"Whirlwind","floor":8},{"not_picked":["Second Wind","Clothesline"],"picked":"Headbutt","floor":11},{"not_picked":["Wild Strike","Dark Embrace"],"picked":"Ghostly Armor","floor":13}],"player_experience":105629,"potions_floor_usage":[16,16,16],"damage_taken":[{"damage":9,"enemies":"Small Slimes","floor":1,"turns":4},{"damage":1,"enemies":"Cultist","floor":3,"turns":3},{"damage":17,"enemies":"Jaw Worm","floor":4,"turns":5},{"damage":46,"enemies":"3 Sentries","floor":6,"turns":8},{"damage":12,"enemies":"3 Louse","floor":8,"turns":3},{"damage":1,"enemies":"2 Fungi Beasts","floor":11,"turns":3},{"damage":23,"enemies":"Lagavulin","floor":13,"turns":5},{"damage":6,"enemies":"Red Slaver","floor":14,"turns":3},{"damage":46,"enemies":"Slime Boss","floor":16,"turns":8}],"event_choices":[{"event_name":"Bonfire Elementals","player_choice":"BASIC","floor":2,"damage_taken":0},{"event_name":"Shining Light","player_choice":"Entered Light","floor":7,"damage_taken":0},{"event_name":"Upgrade Shrine","player_choice":"Upgraded","floor":12,"damage_taken":0}],"boss_relics":[],"potions_floor_spawned":[6,11,13,14],"seed_played":"494804137022707147","killed_by":"Slime Boss","ascension_level":1,"is_trial":false}