{"gold_per_floor":[118,118,136,152,164,164,39,39,39,0,17,17,29,62,62,135,135,111,128,128,49,64,64,64,96,96,96,114,114,134,152,152,223,223,239,239,20,35,49,49,49,68,94,125,173,190,190,200,200,200],"floor_reached":50,"playtime":3113,"items_purged":["Strike_B"],"score":1092,"play_id":"76707770-998a-4f5d-9a39-0f41afa4426c","local_time":"20190127195257","is_ascension_mode":true,"campfire_choices":[{"data":"Zap","floor":6,"key":"SMITH"},{"data":"Go for the Eyes","floor":8,"key":"SMITH"},{"floor":15,"key":"REST"},{"floor":23,"key":"REST"},{"data":"Beam Cell","floor":27,"key":"SMITH"},{"data":"Hologram","floor":29,"key":"SMITH"},{"floor":32,"key":"REST"},{"data":"Coolheaded","floor":40,"key":"SMITH"},{"data":"Undo","floor":47,"key":"SMITH"},{"floor":49,"key":"REST"}],"neow_cost":"PERCENT_DAMAGE","seed_source_timestamp":20770537018096,"circlet_count":0,"master_deck":["AscendersBane","Defend_B","Defend_B","Defend_B","Zap+1","Dualcast","Ball Lightning","Chill","Machine Learning","Coolheaded+1","Go for the Eyes+1","Gash","Sweeping Beam","Undo+1","Hologram+1","All For One","Decay","Regret","Regret","Gash","Undo+1","RitualDagger","Beam Cell+1","Writhe","Gash+1","Cold Snap+1","Core Surge","Dark Shackles","All For One","Conserve Battery+1","BootSequence","BootSequence+1"],"relics":["Cracked Core","Du-Vu Doll","Emotion Chip","Calling Bell","Anchor","Blue Candle","Incense Burner","Dodecahedron","Bottled Lightning","Meat on the Bone","Runic Dome","DollysMirror","Bag of Marbles","The Courier","Juzu Bracelet"],"potions_floor_usage":[11,16,16,22,33,50,50],"damage_taken":[{"damage":2,"enemies":"2 Louse","floor":1,"turns":3},{"damage":0,"enemies":"Cultist","floor":3,"turns":2},{"damage":0,"enemies":"Small Slimes","floor":4,"turns":3},{"damage":6,"enemies":"Looter","floor":5,"turns":3},{"damage":12,"enemies":"Exordium Thugs","floor":11,"turns":4},{"damage":0,"enemies":"2 Fungi Beasts","floor":13,"turns":3},{"damage":22,"enemies":"Gremlin Nob","floor":14,"turns":4},{"damage":9,"enemies":"The Guardian","floor":16,"turns":10},{"damage":20,"enemies":"2 Thieves","floor":18,"turns":4},{"damage":1,"enemies":"Chosen","floor":19,"turns":3},{"damage":20,"enemies":"Snake Plant","floor":22,"turns":4},{"damage":19,"enemies":"Book of Stabbing","floor":25,"turns":4},{"damage":2,"enemies":"Cultist and Chosen","floor":28,"turns":4},{"damage":3,"enemies":"Shelled Parasite and Fungi","floor":30,"turns":4},{"damage":19,"enemies":"Snecko","floor":31,"turns":7},{"damage":14,"enemies":"Collector","floor":33,"turns":7},{"damage":4,"enemies":"3 Darklings","floor":35,"turns":5},{"damage":11,"enemies":"Orb Walker","floor":38,"turns":4},{"damage":27,"enemies":"Maw","floor":39,"turns":7},{"damage":1,"enemies":"Sphere and 2 Shapes","floor":42,"turns":3},{"damage":24,"enemies":"Nemesis","floor":44,"turns":5},{"damage":12,"enemies":"4 Shapes","floor":46,"turns":5},{"damage":4,"enemies":"Spire Growth","floor":48,"turns":4},{"damage":70,"enemies":"Time Eater","floor":50,"turns":9}],"seed_played":"-7161498442959520377","potions_obtained":[{"floor":1,"key":"PowerPotion"},{"floor":3,"key":"Weak Potion"},{"floor":14,"key":"Block Potion"},{"floor":18,"key":"Weak Potion"},{"floor":22,"key":"GamblersBrew"},{"floor":30,"key":"LiquidBronze"},{"floor":39,"key":"Block Potion"},{"floor":46,"key":"Weak Potion"}],"is_trial":false,"path_per_floor":["M","?","M","M","M","R","$","R","T","?","M","?","M","E","R","B",null,"M","M","?","$","M","R","?","E","T","R","M","R","M","M","R","B",null,"M","?","$","M","M","R","?","M","T","E","T","M","R","M","R","B"],"character_chosen":"DEFECT","items_purchased":["Go for the Eyes","FocusPotion","DollysMirror"],"campfire_rested":4,"item_purchase_floors":[7,21,37],"current_hp_per_floor":[44,44,44,44,38,38,38,38,38,38,26,26,26,4,25,16,57,37,36,30,30,10,31,31,12,12,12,22,22,31,24,45,43,64,60,60,60,49,34,34,58,57,57,33,33,33,33,41,58,0],"gold":200,"neow_bonus":"REMOVE_TWO","is_prod":false,"is_daily":false,"chose_seed":false,"campfire_upgraded":6,"win_rate":0,"timestamp":1548615177,"path_taken":["M","?","M","?","M","R","$","R","T","?","M","?","M","E","R","BOSS","M","M","?","$","M","R","?","E","T","R","M","R","M","M","R","BOSS","M","?","$","M","M","R","?","M","T","E","?","M","R","M","R","BOSS"],"build_version":"2019-01-23","purchased_purges":1,"victory":false,"max_hp_per_floor":[71,71,71,71,71,71,71,71,71,71,71,71,71,71,71,71,71,71,71,71,71,71,71,71,71,71,71,71,71,71,71,71,71,71,71,71,71,71,71,71,58,58,58,58,58,58,58,58,58,58],"card_choices":[{"not_picked":["Hello World","Conserve Battery"],"picked":"Ball Lightning","floor":1},{"not_picked":["Leap","Redo"],"picked":"Chill","floor":3},{"not_picked":["Coolheaded","Streamline"],"picked":"Machine Learning","floor":4},{"not_picked":["Streamline","Redo"],"picked":"Coolheaded","floor":5},{"not_picked":["Stack","Turbo"],"picked":"Gash","floor":11},{"not_picked":["Conserve Battery","Melter"],"picked":"Undo","floor":13},{"not_picked":["Rainbow","Coolheaded"],"picked":"Hologram","floor":14},{"not_picked":["Echo Form","Fission"],"picked":"All For One","floor":16},{"not_picked":["Consume","Streamline"],"picked":"Gash","floor":18},{"not_picked":["Coolheaded","Force Field"],"picked":"Undo+1","floor":19},{"not_picked":["Melter","Cold Snap"],"picked":"Beam Cell","floor":22},{"not_picked":["Doom and Gloom","Hologram+1"],"picked":"Gash+1","floor":25},{"not_picked":["Reinforced Body","Leap"],"picked":"Cold Snap+1","floor":28},{"not_picked":["Barrage","Rebound","Biased Cognition"],"picked":"SKIP","floor":30},{"not_picked":["Streamline","Doom and Gloom","Rip and Tear"],"picked":"SKIP","floor":31},{"not_picked":["Fission","Electrodynamics"],"picked":"Core Surge","floor":33},{"not_picked":["Coolheaded","Beam Cell","Sweeping Beam+1"],"picked":"SKIP","floor":35},{"not_picked":["Mind Blast","Secret Technique"],"picked":"Dark Shackles","floor":36},{"not_picked":["Redo+1","Compile Driver"],"picked":"Conserve Battery+1","floor":38},{"not_picked":["Cold Snap","Beam Cell"],"picked":"BootSequence","floor":39},{"not_picked":["Compile Driver","Go for the Eyes"],"picked":"BootSequence+1","floor":42},{"not_picked":["Compile Driver","Cold Snap","BootSequence"],"picked":"SKIP","floor":44},{"not_picked":["Rip and Tear","Hologram","Melter+1"],"picked":"SKIP","floor":46},{"not_picked":["Redo","Doom and Gloom","Chill+1"],"picked":"SKIP","floor":48}],"player_experience":924992,"relics_obtained":[{"floor":9,"key":"Du-Vu Doll"},{"floor":14,"key":"Emotion Chip"},{"floor":17,"key":"Anchor"},{"floor":17,"key":"Blue Candle"},{"floor":17,"key":"Incense Burner"},{"floor":25,"key":"Bottled Lightning"},{"floor":26,"key":"Meat on the Bone"},{"floor":43,"key":"Bag of Marbles"},{"floor":44,"key":"The Courier"},{"floor":45,"key":"Juzu Bracelet"}],"event_choices":[{"cards_removed":["Strike_B"],"damage_healed":0,"gold_gain":0,"player_choice":"Offered Basic","damage_taken":0,"max_hp_gain":0,"max_hp_loss":0,"event_name":"Bonfire Elementals","floor":2,"gold_loss":0},{"damage_healed":0,"gold_gain":0,"player_choice":"Left Gold","damage_taken":0,"max_hp_gain":0,"max_hp_loss":0,"event_name":"World of Goop","floor":10,"gold_loss":39},{"damage_healed":0,"gold_gain":0,"cards_transformed":["Strike_B"],"player_choice":"Transformed","damage_taken":0,"max_hp_gain":0,"max_hp_loss":0,"event_name":"Transmorgrifier","floor":12,"gold_loss":0,"cards_obtained":["Sweeping Beam"]},{"damage_healed":0,"gold_gain":0,"player_choice":"Joined the Cult","damage_taken":6,"max_hp_gain":0,"max_hp_loss":0,"event_name":"Nest","floor":20,"gold_loss":0,"cards_obtained":["RitualDagger"]},{"damage_healed":0,"gold_gain":0,"player_choice":"Opened","damage_taken":0,"relics_obtained":["Dodecahedron"],"max_hp_gain":0,"max_hp_loss":0,"event_name":"The Mausoleum","floor":24,"gold_loss":0,"cards_obtained":["Writhe"]},{"damage_healed":0,"gold_gain":0,"player_choice":"Memory 1","damage_taken":0,"max_hp_gain":0,"max_hp_loss":0,"event_name":"SensoryStone","floor":36,"gold_loss":0},{"damage_healed":58,"gold_gain":0,"player_choice":"Heal","damage_taken":0,"max_hp_gain":0,"max_hp_loss":13,"event_name":"The Moai Head","floor":41,"gold_loss":0}],"is_beta":true,"boss_relics":[{"not_picked":["Astrolabe","Inserter"],"picked":"Calling Bell"},{"not_picked":["Velvet Choker","Lizard Tail"],"picked":"Runic Dome"}],"items_purged_floors":[7],"is_endless":false,"potions_floor_spawned":[1,3,14,18,22,30,39,46,48],"killed_by":"Time Eater","ascension_level":20}