{"gold_per_floor":[110,83,102,29,39,39,59,76,100,100,49,80,5,31,31,132,132,147,147,147,164,64,64,77,101,101,129,149,167,92,110,110,212,212,225,225,225,225,237,237,254,254,278,101,101,132,132,143,143,143],"floor_reached":51,"playtime":9325,"items_purged":["Strike_G","Decay","Strike_G"],"score":873,"play_id":"9a187832-cb9c-4d2e-bba4-113fbcf4a173","local_time":"20190218202342","is_ascension_mode":true,"campfire_choices":[{"data":"Noxious Fumes","floor":6.0,"key":"SMITH"},{"floor":10.0,"key":"REST"},{"data":"Footwork","floor":15.0,"key":"SMITH"},{"floor":23.0,"key":"REST"},{"floor":32.0,"key":"REST"},{"data":"After Image","floor":40.0,"key":"SMITH"},{"data":"Adrenaline","floor":42.0,"key":"SMITH"},{"floor":45,"key":"REST"},{"floor":47,"key":"REST"},{"floor":49,"key":"REST"}],"neow_cost":"NONE","seed_source_timestamp":0,"circlet_count":0,"master_deck":["Defend_G","Defend_G","Defend_G","Defend_G","Defend_G","Strike_G","Strike_G","Survivor","Neutralize","Noxious Fumes+1","Footwork+1","Deadly Poison","Bane","PiercingWail","Bouncing Flask","Adrenaline+1","Backflip","PiercingWail","Catalyst+1","After Image+1","Deadly Poison+1","Backflip+1","Malaise","Deflect+1","Deflect+1"],"special_seed":0,"relics":["Ring of the Snake","Odd Mushroom","Bag of Marbles","Snake Skull","Strawberry","Philosopher\u0027s Stone","Dream Catcher","Bottled Flame","Smiling Mask","WristBlade","Bird Faced Urn","Orichalcum","Regal Pillow"],"potions_floor_usage":[46,50,50],"damage_taken":[{"damage":4.0,"enemies":"Small Slimes","floor":1.0,"turns":5.0},{"damage":2.0,"enemies":"2 Louse","floor":3.0,"turns":4.0},{"damage":2.0,"enemies":"Jaw Worm","floor":5.0,"turns":4.0},{"damage":10.0,"enemies":"The Mushroom Lair","floor":7.0,"turns":5.0},{"damage":12.0,"enemies":"Exordium Thugs","floor":8.0,"turns":5.0},{"damage":4.0,"enemies":"Lagavulin","floor":12.0,"turns":5.0},{"damage":14.0,"enemies":"3 Sentries","floor":14.0,"turns":7.0},{"damage":21.0,"enemies":"The Guardian","floor":16.0,"turns":8.0},{"damage":11.0,"enemies":"2 Thieves","floor":18.0,"turns":4.0},{"damage":6.0,"enemies":"3 Byrds","floor":21.0,"turns":4.0},{"damage":14.0,"enemies":"Shelled Parasite and Fungi","floor":24.0,"turns":6.0},{"damage":8.0,"enemies":"Slavers","floor":27.0,"turns":6.0},{"damage":9.0,"enemies":"Centurion and Healer","floor":28.0,"turns":6.0},{"damage":4.0,"enemies":"Chosen and Byrds","floor":29.0,"turns":6.0},{"damage":4.0,"enemies":"Snecko","floor":31.0,"turns":5.0},{"damage":21.0,"enemies":"Collector","floor":33.0,"turns":5.0},{"damage":11.0,"enemies":"Orb Walker","floor":35.0,"turns":3.0},{"damage":4.0,"enemies":"3 Shapes","floor":39.0,"turns":4.0},{"damage":1.0,"enemies":"Maw","floor":41.0,"turns":5.0},{"damage":40,"enemies":"Reptomancer","floor":46,"turns":5},{"damage":35,"enemies":"Jaw Worm Horde","floor":48,"turns":6},{"damage":85,"enemies":"Awakened One","floor":50,"turns":16}],"seed_played":"2188890403609868068","potions_obtained":[{"floor":5.0,"key":"EssenceOfSteel"},{"floor":7.0,"key":"Weak Potion"},{"floor":8.0,"key":"GhostInAJar"},{"floor":14.0,"key":"GhostInAJar"},{"floor":21.0,"key":"LiquidBronze"},{"floor":24.0,"key":"GhostInAJar"},{"floor":28.0,"key":"Weak Potion"},{"floor":33.0,"key":"FearPotion"},{"floor":39.0,"key":"FearPotion"}],"is_trial":false,"path_per_floor":["M","?","M","$","M","R","?","M","T","R","$","E","$","E","R","B",null,"M","?","?","M","$","R","M","T","T","E","M","M","?","M","R","B",null,"M","?","?","?","M","R","M","R","T","$","R","E","R","M","R","B",null],"character_chosen":"THE_SILENT","items_purchased":["Deadly Poison","Bane","Poison Potion","Malaise","Dexterity Potion"],"campfire_rested":6,"item_purchase_floors":[4,4,11,44,44],"current_hp_per_floor":[73,73,71,71,69,69,59,47,47,70,70,66,66,59,59,38,73,62,46,46,40,40,66,52,52,52,44,35,31,31,27,53,32,75,64,64,64,64,66,66,71,71,71,71,89,51,89,58,89,8],"gold":143,"neow_bonus":"TEN_PERCENT_HP_BONUS","is_prod":false,"is_daily":false,"chose_seed":false,"campfire_upgraded":4,"win_rate":0,"timestamp":1550539422,"path_taken":["M","?","M","$","M","R","?","M","T","R","$","E","?","E","R","BOSS","M","?","?","?","$","R","M","?","T","E","M","M","?","M","R","BOSS","BOSS","M","?","?","?","M","R","?","R","T","$","R","E","R","M","R","BOSS"],"build_version":"2019-01-23","purchased_purges":3,"victory":true,"max_hp_per_floor":[77,77,77,77,77,77,77,77,77,77,77,77,77,84,84,84,84,84,89,89,89,89,89,89,89,89,89,89,89,89,89,89,89,89,89,89,89,89,89,89,89,89,89,89,89,89,89,89,89,89],"card_choices":[{"not_picked":["Poisoned Stab","Dodge and Roll"],"picked":"Noxious Fumes","floor":1.0},{"not_picked":["Infinite Blades","Cloak And Dagger"],"picked":"Footwork","floor":3.0},{"not_picked":["Bane","Outmaneuver"],"picked":"PiercingWail","floor":5.0},{"not_picked":["Crippling Poison","Accuracy","Blade Dance"],"picked":"SKIP","floor":8.0},{"not_picked":["Slice","Dodge and Roll","Escape Plan"],"picked":"SKIP","floor":12.0},{"not_picked":["Dodge and Roll","Well Laid Plans"],"picked":"Bouncing Flask","floor":14.0},{"not_picked":["Storm of Steel","Burst"],"picked":"Adrenaline","floor":16.0},{"not_picked":["Setup","Crippling Poison"],"picked":"Backflip","floor":18.0},{"not_picked":["Accuracy","Slice","Well Laid Plans+1"],"picked":"SKIP","floor":21.0},{"not_picked":["Dash","Prepared"],"picked":"PiercingWail","floor":24.0},{"not_picked":["Sucker Punch","Dodge and Roll","Terror"],"picked":"SKIP","floor":27.0},{"not_picked":["Dagger Spray","Eviscerate","Cloak And Dagger+1"],"picked":"SKIP","floor":28.0},{"not_picked":["Blade Dance","PiercingWail","Predator"],"picked":"SKIP","floor":29.0},{"not_picked":["PiercingWail","Poisoned Stab"],"picked":"Catalyst+1","floor":31.0},{"not_picked":["Caltrops+1","Riddle With Holes"],"picked":"After Image","floor":32.0},{"not_picked":["Dodge and Roll","Quick Slash","Crippling Poison+1"],"picked":"SKIP","floor":35.0},{"not_picked":["Dodge and Roll","Poisoned Stab"],"picked":"Deadly Poison+1","floor":39.0},{"not_picked":["Noxious Fumes+1","Storm of Steel"],"picked":"Backflip+1","floor":41.0},{"not_picked":["Cloak And Dagger+1","Dagger Spray"],"picked":"Deflect+1","floor":45},{"not_picked":["Endless Agony","Leg Sweep+1","Bane+1"],"picked":"SKIP","floor":46},{"not_picked":["Dagger Throw","Deadly Poison"],"picked":"Deflect+1","floor":47},{"not_picked":["Flying Knee","Sucker Punch","Cloak And Dagger+1"],"picked":"SKIP","floor":48}],"player_experience":570911,"relics_obtained":[{"floor":7.0,"key":"Odd Mushroom"},{"floor":9.0,"key":"Bag of Marbles"},{"floor":12.0,"key":"Snake Skull"},{"floor":14.0,"key":"Strawberry"},{"floor":25.0,"key":"Dream Catcher"},{"floor":26.0,"key":"Bottled Flame"},{"floor":27.0,"key":"Smiling Mask"},{"floor":38.0,"key":"Bird Faced Urn"},{"floor":43.0,"key":"Orichalcum"},{"floor":46,"key":"Regal Pillow"}],"event_choices":[{"damage_healed":0.0,"max_hp_gain":0.0,"max_hp_loss":0.0,"gold_gain":0.0,"event_name":"World of Goop","player_choice":"Left Gold","floor":2.0,"gold_loss":27.0,"damage_taken":0.0},{"damage_healed":0.0,"max_hp_gain":0.0,"max_hp_loss":0.0,"gold_gain":0.0,"event_name":"Mushrooms","player_choice":"Fought Mushrooms","floor":7.0,"gold_loss":0.0,"damage_taken":0.0},{"damage_healed":0.0,"max_hp_gain":5.0,"max_hp_loss":0.0,"gold_gain":0.0,"event_name":"Forgotten Altar","player_choice":"Shed Blood","floor":19.0,"gold_loss":0.0,"damage_taken":21.0},{"damage_healed":0.0,"max_hp_gain":0.0,"max_hp_loss":0.0,"gold_gain":0.0,"event_name":"Wheel of Change","player_choice":"Cursed","floor":20.0,"gold_loss":0.0,"damage_taken":0.0,"cards_obtained":["Decay"]},{"cards_removed":["Strike_G"],"damage_healed":0.0,"max_hp_gain":0.0,"max_hp_loss":0.0,"gold_gain":0.0,"event_name":"Beggar","player_choice":"Gave Gold","floor":30.0,"gold_loss":75.0,"damage_taken":0.0},{"damage_healed":0.0,"max_hp_gain":0.0,"max_hp_loss":0.0,"gold_gain":0.0,"event_name":"Mysterious Sphere","player_choice":"Ignored","floor":36.0,"gold_loss":0.0,"damage_taken":0.0},{"damage_healed":0.0,"max_hp_gain":0.0,"max_hp_loss":0.0,"gold_gain":0.0,"event_name":"Tomb of Lord Red Mask","player_choice":"Ignored","floor":37.0,"gold_loss":0.0,"damage_taken":0.0},{"damage_healed":0.0,"max_hp_gain":0.0,"max_hp_loss":0.0,"gold_gain":0.0,"event_name":"Wheel of Change","player_choice":"Relic","floor":38.0,"gold_loss":0.0,"damage_taken":0.0}],"is_beta":false,"boss_relics":[{"not_picked":["Empty Cage","Calling Bell"],"picked":"Philosopher\u0027s Stone"},{"not_picked":["HoveringKite","Runic Dome"],"picked":"WristBlade"}],"items_purged_floors":[13,22,44],"is_endless":false,"potions_floor_spawned":[5,7,8,14,16,21,24,28,33,39],"ascension_level":5}