{"gold_per_floor":[111,121,136,90,108,108,124,124,197,209,209,209,189,214,214,316,316,328,338,268,268],"floor_reached":21,"playtime":644,"items_purged":[],"score":239,"play_id":"385d5618-a771-4a2b-b8af-da4db536e2f9","local_time":"20190224122124","is_ascension_mode":true,"campfire_choices":[{"data":"Skewer","floor":6,"key":"SMITH"},{"data":"Dodge and Roll","floor":11,"key":"SMITH"},{"floor":15,"key":"REST"}],"neow_cost":"NONE","seed_source_timestamp":216425700237843,"circlet_count":0,"master_deck":["Defend_G","Defend_G","Defend_G","Defend_G","Strike_G+1","Strike_G+1","Strike_G","Strike_G","Survivor+1","Neutralize","Madness","Skewer+1","Corpse Explosion","Flying Knee","Dagger Throw","Deflect","Dodge and Roll+1","Adrenaline","Dagger Throw+1","Outmaneuver+1","Noxious Fumes"],"relics":["Ring of the Snake","Sundial","Whetstone","Empty Cage"],"potions_floor_usage":[5,16,16,21],"damage_taken":[{"damage":5,"enemies":"Cultist","floor":1,"turns":5},{"damage":7,"enemies":"Small Slimes","floor":2,"turns":4},{"damage":4,"enemies":"Jaw Worm","floor":3,"turns":4},{"damage":15,"enemies":"Large Slime","floor":5,"turns":6},{"damage":11,"enemies":"Looter","floor":7,"turns":3},{"damage":7,"enemies":"Blue Slaver","floor":10,"turns":3},{"damage":28,"enemies":"The Guardian","floor":16,"turns":10},{"damage":32,"enemies":"Shell Parasite","floor":18,"turns":8},{"damage":0,"enemies":"Chosen","floor":19,"turns":4},{"damage":24,"enemies":"Shelled Parasite and Fungi","floor":21,"turns":3}],"seed_played":"-5317028628933562171","potions_obtained":[{"floor":2,"key":"Weak Potion"},{"floor":7,"key":"LiquidBronze"},{"floor":10,"key":"Dexterity Potion"},{"floor":16,"key":"Ancient Potion"},{"floor":18,"key":"EssenceOfSteel"},{"floor":19,"key":"EssenceOfSteel"}],"is_trial":false,"path_per_floor":["M","M","M","$","M","R","M","?","T","M","R","?","?","T","R","B",null,"M","M","$","M"],"character_chosen":"THE_SILENT","items_purchased":["Flying Knee","Noxious Fumes"],"campfire_rested":1,"item_purchase_floors":[4,20],"current_hp_per_floor":[58,51,47,47,32,32,21,21,21,14,14,14,14,14,35,7,54,22,22,22,0],"gold":268,"neow_bonus":"RANDOM_COLORLESS","is_prod":false,"is_daily":false,"chose_seed":false,"campfire_upgraded":2,"win_rate":0,"timestamp":1551028884,"path_taken":["M","M","M","?","M","R","?","?","T","M","R","?","?","?","R","BOSS","M","M","$","M"],"build_version":"2019-01-23","purchased_purges":0,"victory":false,"max_hp_per_floor":[70,70,70,70,70,70,70,70,70,70,70,70,70,70,70,70,70,70,70,70,70],"card_choices":[{"not_picked":["Bane","Prepared","Acrobatics"],"picked":"SKIP","floor":1},{"not_picked":["Predator","Well Laid Plans"],"picked":"Skewer","floor":2},{"not_picked":["Outmaneuver","Catalyst"],"picked":"Corpse Explosion","floor":3},{"not_picked":["Sucker Punch","Caltrops"],"picked":"Dagger Throw","floor":5},{"not_picked":["Slice","Sucker Punch"],"picked":"Deflect","floor":7},{"not_picked":["Infinite Blades","Blade Dance"],"picked":"Dodge and Roll","floor":10},{"not_picked":["Storm of Steel","Burst"],"picked":"Adrenaline","floor":16},{"not_picked":["Backflip","Sucker Punch"],"picked":"Dagger Throw+1","floor":18},{"not_picked":["Quick Slash","Poisoned Stab"],"picked":"Outmaneuver+1","floor":19}],"player_experience":362211,"relics_obtained":[{"floor":9,"key":"Sundial"},{"floor":14,"key":"Whetstone"}],"event_choices":[{"damage_healed":0,"gold_gain":0,"player_choice":"Ignored","damage_taken":0,"max_hp_gain":0,"max_hp_loss":0,"event_name":"Liars Game","floor":8,"gold_loss":0},{"damage_healed":0,"gold_gain":0,"player_choice":"Grow","damage_taken":0,"max_hp_gain":0,"max_hp_loss":0,"event_name":"Living Wall","floor":12,"gold_loss":0,"cards_upgraded":["Survivor"]},{"damage_healed":0,"gold_gain":0,"player_choice":"Left Gold","damage_taken":0,"max_hp_gain":0,"max_hp_loss":0,"event_name":"World of Goop","floor":13,"gold_loss":20}],"is_beta":false,"boss_relics":[{"not_picked":["Philosopher\u0027s Stone","White Beast Statue"],"picked":"Empty Cage"}],"items_purged_floors":[],"is_endless":false,"potions_floor_spawned":[2,7,10,16,18,19],"killed_by":"Shelled Parasite and Fungi","ascension_level":8}