{"path_per_floor":["M","M","$","M","?","R","?","R","T","R","?","M","?","M","R","B",null,"M","M","$","?","$","R","?","$","T","M","R","M","R","?","R","B",null,"M","M","M"],"character_chosen":"IRONCLAD","items_purchased":["Inflame","Dream Catcher"],"gold_per_floor":[114,129,58,73,73,73,73,73,73,73,73,88,88,103,103,203,203,188,203,23,23,23,23,23,23,23,38,38,53,53,53,53,153,153,168,183,198,198],"floor_reached":38,"campfire_rested":2,"playtime":1587,"current_hp_per_floor":[80,80,80,80,80,80,77,77,77,77,61,57,57,60,60,61,80,62,63,63,63,63,63,63,63,63,63,75,67,67,51,70,17,70,54,50,37,0],"items_purged":["Regret"],"gold":198,"score":364,"play_id":"43b2fb31-2840-49a0-87e3-5d72a23211b0","local_time":"20180331051240","daily_mods":["Allstar","Time Dilation","Night Terrors"],"is_prod":false,"is_daily":true,"is_ascension_mode":false,"campfire_upgraded":6,"timestamp":1522482160,"path_taken":["M","M","$","M","?","R","?","R","T","R","?","M","?","M","R","BOSS","M","M","$","?","$","R","?","?","T","?","R","M","R","?","R","BOSS","M","M","M","M"],"build_version":"2018-03-29v2","purchased_purges":1,"victory":false,"master_deck":["Strike_R+1","Strike_R+1","Strike_R","Strike_R","Defend_R","Defend_R","Defend_R","Defend_R","Bash+1","Anger+1","Disarm","Inflame+1","Shrug It Off","Heavy Blade+1","Cleave+1","Exhume","Pommel Strike+1","Good Instincts+1","Madness+1","Wild Strike+1","Flame Barrier+1","Flex+1","Battle Trance","Perfected Strike","Fiend Fire","Writhe","Normality","Injury","Seeing Red"],"max_hp_per_floor":[80,80,80,80,80,80,80,80,80,80,80,80,80,80,80,80,80,80,80,80,80,80,80,80,80,80,80,75,75,75,75,70,70,70,72,74,74,74],"relics":["Burning Blood","Pantograph","The Courier","Paper Frog","Astrolabe","Dream Catcher","Shuriken","Calipers","Calling Bell","Orichalcum","Blood Vial","Singing Bowl"],"card_choices":[{"not_picked":["Shockwave","Twin Strike"],"picked":"Anger","floor":1},{"not_picked":["Body Slam","Havoc"],"picked":"Disarm","floor":2},{"not_picked":["Sword Boomerang","Burning Pact"],"picked":"Shrug It Off","floor":4},{"not_picked":["Dual Wield","Iron Wave"],"picked":"Heavy Blade","floor":12},{"not_picked":["Shockwave","Corruption"],"picked":"Cleave","floor":14},{"not_picked":["Limit Break","Bludgeon"],"picked":"Exhume","floor":16},{"not_picked":["Twin Strike","Inflame"],"picked":"Wild Strike","floor":19},{"not_picked":["Sword Boomerang","Armaments"],"picked":"Flex","floor":27},{"not_picked":["Sever Soul","Reckless Charge"],"picked":"Battle Trance","floor":29},{"not_picked":["Dark Embrace","Anger"],"picked":"Perfected Strike","floor":32},{"not_picked":["Demon Form","Dark Embrace"],"picked":"Fiend Fire","floor":33},{"not_picked":["Heavy Blade","Wild Strike"],"picked":"Seeing Red","floor":37}],"player_experience":266243,"potions_floor_usage":[16,16,18,33,33,36,37],"damage_taken":[{"damage":1,"enemies":"Jaw Worm","floor":1,"turns":5},{"damage":5,"enemies":"Small Slimes","floor":2,"turns":3},{"damage":6,"enemies":"2 Louse","floor":4,"turns":3},{"damage":10,"enemies":"Large Slime","floor":12,"turns":4},{"damage":3,"enemies":"2 Fungi Beasts","floor":14,"turns":3},{"damage":25,"enemies":"The Guardian","floor":16,"turns":11},{"damage":24,"enemies":"2 Thieves","floor":18,"turns":4},{"damage":5,"enemies":"Chosen","floor":19,"turns":3},{"damage":6,"enemies":"Centurion and Healer","floor":27,"turns":4},{"damage":14,"enemies":"Snake Plant","floor":29,"turns":3},{"damage":59,"enemies":"Champ","floor":33,"turns":12},{"damage":24,"enemies":"Orb Walker","floor":35,"turns":5},{"damage":14,"enemies":"3 Darklings","floor":36,"turns":5},{"damage":21,"enemies":"4 Shapes","floor":37,"turns":6},{"damage":44,"enemies":"Maw","floor":38,"turns":6}],"event_choices":[{"event_name":"The Cleric","player_choice":"Leave","floor":5,"damage_taken":0},{"event_name":"Scrap Ooze","player_choice":"success","floor":7,"damage_taken":3},{"event_name":"Shining Light","player_choice":"Entered Light","floor":11,"damage_taken":0},{"event_name":"Big Fish","player_choice":"Box","floor":13,"damage_taken":0},{"event_name":"Accursed Blacksmith","player_choice":"Rummage","floor":21,"damage_taken":0},{"event_name":"The Library","player_choice":"Read","floor":24,"damage_taken":0},{"event_name":"Cursed Tome","player_choice":"Obtained Book","floor":31,"damage_taken":0}],"boss_relics":[{"not_picked":["Snecko Eye","Runic Pyramid"],"picked":"Astrolabe"},{"not_picked":["Tiny House","Orrery"],"picked":"Calling Bell"}],"potions_floor_spawned":[4,14,16,18,27,29,35,36],"seed_played":"-692693385268839253","killed_by":"Maw","ascension_level":0,"is_trial":false}