{"gold_per_floor":[211,211,51,67,78,78,112,132,155,187,202,202,202,218,218,296,296,315,328,344,37,37,47,81,81,81,81,100,100,115,131,131,208,208,218,230,230,248,264,264,293,308,331,331,16,27,27,42,42,42],"floor_reached":51,"playtime":5190,"items_purged":["Decay"],"score":1255,"play_id":"68614282-be80-4293-af84-6304b8773ed2","local_time":"20190203140509","is_ascension_mode":true,"campfire_choices":[{"data":"Whirlwind","floor":6.0,"key":"SMITH"},{"data":"Rampage","floor":13.0,"key":"SMITH"},{"floor":15.0,"key":"REST"},{"floor":29.0,"key":"REST"},{"floor":32.0,"key":"REST"},{"data":"Fiend Fire","floor":40.0,"key":"SMITH"},{"data":"Apotheosis","floor":44.0,"key":"SMITH"},{"data":"Inflame","floor":49,"key":"SMITH"}],"neow_cost":"NONE","seed_source_timestamp":242830021122487,"circlet_count":0,"master_deck":["AscendersBane","Defend_R","Defend_R","Defend_R","Defend_R","Bash","Battle Trance","Headbutt","Whirlwind+1","Rampage+1","Combust","Inflame+1","Metallicize","Uppercut","Fiend Fire+1","Rampage+1","Corruption+1","Feel No Pain+1","Shrug It Off","Disarm","Apotheosis+1","Armaments","Havoc","Battle Trance","Uppercut","Shockwave","Shrug It Off","Armaments","Feel No Pain+1","Exhume","Metallicize","Shrug It Off","Rage","Ghostly Armor","Rupture","Flame Barrier+1","Pummel+1","Wild Strike+1"],"special_seed":0,"relics":["Burning Blood","Ancient Tea Set","Bag of Preparation","Pen Nib","Astrolabe","Meat on the Bone","Smiling Mask","Coffee Dripper","Molten Egg 2","Oddly Smooth Stone","Medical Kit"],"potions_floor_usage":[48,50],"damage_taken":[{"damage":6.0,"enemies":"Small Slimes","floor":1.0,"turns":5.0},{"damage":1.0,"enemies":"Cultist","floor":4.0,"turns":3.0},{"damage":2.0,"enemies":"2 Louse","floor":5.0,"turns":3.0},{"damage":32.0,"enemies":"Gremlin Nob","floor":7.0,"turns":4.0},{"damage":20.0,"enemies":"Large Slime","floor":8.0,"turns":5.0},{"damage":30.0,"enemies":"Lagavulin","floor":10.0,"turns":7.0},{"damage":5.0,"enemies":"Looter","floor":11.0,"turns":3.0},{"damage":0.0,"enemies":"Red Slaver","floor":14.0,"turns":4.0},{"damage":35.0,"enemies":"The Guardian","floor":16.0,"turns":10.0},{"damage":31.0,"enemies":"Shell Parasite","floor":18.0,"turns":5.0},{"damage":10.0,"enemies":"2 Thieves","floor":19.0,"turns":4.0},{"damage":10.0,"enemies":"3 Cultists","floor":20.0,"turns":6.0},{"damage":0.0,"enemies":"Centurion and Healer","floor":23.0,"turns":6.0},{"damage":27.0,"enemies":"Gremlin Leader","floor":24.0,"turns":7.0},{"damage":14.0,"enemies":"Sentry and Sphere","floor":28.0,"turns":5.0},{"damage":10.0,"enemies":"Snake Plant","floor":30.0,"turns":6.0},{"damage":24.0,"enemies":"Shelled Parasite and Fungi","floor":31.0,"turns":4.0},{"damage":21.0,"enemies":"Automaton","floor":33.0,"turns":9.0},{"damage":13.0,"enemies":"3 Shapes","floor":35.0,"turns":4.0},{"damage":3.0,"enemies":"3 Darklings","floor":36.0,"turns":5.0},{"damage":34.0,"enemies":"Transient","floor":38.0,"turns":6.0},{"damage":7.0,"enemies":"Spire Growth","floor":39.0,"turns":7.0},{"damage":35.0,"enemies":"Reptomancer","floor":41.0,"turns":8.0},{"damage":11.0,"enemies":"Maw","floor":42.0,"turns":8.0},{"damage":1.0,"enemies":"3 Darklings","floor":46.0,"turns":9.0},{"damage":18,"enemies":"4 Shapes","floor":48,"turns":4},{"damage":40,"enemies":"Awakened One","floor":50,"turns":14}],"seed_played":"130714876218724334","potions_obtained":[{"floor":5.0,"key":"Fire Potion"},{"floor":8.0,"key":"EssenceOfSteel"},{"floor":10.0,"key":"Block Potion"},{"floor":11.0,"key":"SteroidPotion"},{"floor":14.0,"key":"PowerPotion"},{"floor":18.0,"key":"Weak Potion"},{"floor":24.0,"key":"Block Potion"},{"floor":35.0,"key":"Strength Potion"},{"floor":39.0,"key":"FearPotion"},{"floor":46.0,"key":"PowerPotion"},{"floor":48,"key":"Swift Potion"}],"is_trial":false,"path_per_floor":["M","?","$","M","M","R","E","M","T","E","M","?","R","M","R","B",null,"M","M","M","$","?","M","E","?","T","?","M","R","M","M","R","B",null,"M","M","?","M","M","R","E","M","T","R","$","M","?","M","R","B",null],"character_chosen":"IRONCLAD","items_purchased":["Battle Trance","Apotheosis","Armaments","Havoc","Medical Kit","Pummel+1"],"campfire_rested":3,"item_purchase_floors":[3,21,21,21,45,45],"current_hp_per_floor":[68,68,68,73,75,75,49,35,35,11,12,12,12,18,40,11,59,34,30,26,26,26,32,11,26,26,26,30,52,48,42,64,49,69,62,65,65,49,48,48,31,38,38,38,38,55,55,55,55,33],"gold":42,"neow_bonus":"HUNDRED_GOLD","is_prod":false,"is_daily":false,"chose_seed":false,"campfire_upgraded":5,"win_rate":0,"timestamp":1549199109,"path_taken":["M","?","$","M","M","R","E","?","T","E","M","?","R","M","R","BOSS","M","M","M","$","?","M","E","?","T","?","M","R","M","M","R","BOSS","M","M","?","?","M","R","E","M","T","R","$","M","?","M","R","BOSS"],"build_version":"2019-01-23","purchased_purges":1,"victory":true,"max_hp_per_floor":[75,75,75,75,75,75,75,75,75,75,75,75,75,75,75,75,75,75,75,75,75,75,75,75,75,75,75,75,75,75,75,75,75,75,75,75,75,75,75,75,75,75,75,75,75,75,75,75,75,75],"card_choices":[{"not_picked":["Havoc","Second Wind"],"picked":"Anger","floor":1.0},{"not_picked":["Warcry","Pummel"],"picked":"Headbutt","floor":4.0},{"not_picked":["Iron Wave","Anger"],"picked":"Whirlwind","floor":5.0},{"not_picked":["Dual Wield","Power Through"],"picked":"Rampage","floor":7.0},{"not_picked":["Pommel Strike","Entrench"],"picked":"Combust","floor":8.0},{"not_picked":["Disarm","Havoc"],"picked":"Inflame","floor":10.0},{"not_picked":["Combust","Headbutt"],"picked":"Metallicize","floor":11.0},{"not_picked":["Wild Strike","Sentinel"],"picked":"Uppercut","floor":14.0},{"not_picked":["Bludgeon","Dark Embrace"],"picked":"Fiend Fire","floor":16.0},{"not_picked":["Sword Boomerang","Twin Strike","Reckless Charge"],"picked":"SKIP","floor":18.0},{"not_picked":["Thunderclap","Flex"],"picked":"Shrug It Off","floor":19.0},{"not_picked":["Body Slam","Rage"],"picked":"Disarm","floor":20.0},{"not_picked":["Wild Strike","Blood for Blood+1","Twin Strike"],"picked":"SKIP","floor":23.0},{"not_picked":["Entrench","Iron Wave"],"picked":"Shockwave","floor":24.0},{"not_picked":["Combust","Clothesline"],"picked":"Shrug It Off","floor":28.0},{"not_picked":["Warcry","Blood for Blood"],"picked":"Armaments","floor":30.0},{"not_picked":["Entrench","Hemokinesis"],"picked":"Feel No Pain+1","floor":31.0},{"not_picked":["Reaper","Dark Embrace"],"picked":"Exhume","floor":33.0},{"not_picked":["Infernal Blade","Shockwave"],"picked":"Metallicize","floor":35.0},{"not_picked":["Heavy Blade","Carnage"],"picked":"Shrug It Off","floor":36.0},{"not_picked":["Power Through","Rampage"],"picked":"Ghostly Armor","floor":38.0},{"not_picked":["Sword Boomerang","Wild Strike","Rampage"],"picked":"SKIP","floor":39.0},{"not_picked":["Battle Trance+1","Intimidate"],"picked":"Rupture","floor":41.0},{"not_picked":["Bloodletting+1","Body Slam+1"],"picked":"Flame Barrier+1","floor":42.0},{"not_picked":["Clash+1","Clothesline+1","Perfected Strike+1"],"picked":"SKIP","floor":46.0},{"not_picked":["Uppercut+1","Entrench+1"],"picked":"Wild Strike+1","floor":48}],"player_experience":423319,"relics_obtained":[{"floor":7.0,"key":"Ancient Tea Set"},{"floor":9.0,"key":"Bag of Preparation"},{"floor":10.0,"key":"Pen Nib"},{"floor":24.0,"key":"Meat on the Bone"},{"floor":26.0,"key":"Smiling Mask"},{"floor":41.0,"key":"Molten Egg 2"},{"floor":43.0,"key":"Oddly Smooth Stone"}],"event_choices":[{"damage_healed":0.0,"max_hp_gain":0.0,"max_hp_loss":0.0,"gold_gain":0.0,"event_name":"Wheel of Change","player_choice":"Cursed","floor":2.0,"gold_loss":0.0,"damage_taken":0.0,"cards_obtained":["Decay"]},{"damage_healed":0.0,"max_hp_gain":0.0,"max_hp_loss":0.0,"gold_gain":0.0,"event_name":"Shining Light","player_choice":"Ignored","floor":12.0,"gold_loss":0.0,"damage_taken":0.0},{"damage_healed":0.0,"max_hp_gain":0.0,"max_hp_loss":0.0,"gold_gain":0.0,"cards_transformed":["Strike_R","Strike_R"],"event_name":"Drug Dealer","player_choice":"Became Test Subject","floor":22.0,"gold_loss":0.0,"damage_taken":0.0,"cards_obtained":["Battle Trance","Uppercut"]},{"damage_healed":15.0,"max_hp_gain":0.0,"max_hp_loss":0.0,"gold_gain":0.0,"event_name":"The Library","player_choice":"Heal","floor":25.0,"gold_loss":0.0,"damage_taken":0.0},{"damage_healed":0.0,"max_hp_gain":0.0,"max_hp_loss":0.0,"gold_gain":0.0,"event_name":"Vampires","player_choice":"Ignored","floor":27.0,"gold_loss":0.0,"damage_taken":0.0},{"damage_healed":0.0,"max_hp_gain":0.0,"max_hp_loss":0.0,"gold_gain":0.0,"cards_transformed":["Anger"],"event_name":"Transmorgrifier","player_choice":"Transformed","floor":37.0,"gold_loss":0.0,"damage_taken":0.0,"cards_obtained":["Rage"]},{"damage_healed":0.0,"max_hp_gain":0.0,"max_hp_loss":0.0,"gold_gain":0.0,"event_name":"Transmorgrifier","player_choice":"Ignored","floor":47.0,"gold_loss":0.0,"damage_taken":0.0}],"is_beta":false,"boss_relics":[{"not_picked":["Lizard Tail","Philosopher\u0027s Stone"],"picked":"Astrolabe"},{"not_picked":["Eternal Feather","Runic Cube"],"picked":"Coffee Dripper"}],"items_purged_floors":[3],"is_endless":false,"potions_floor_spawned":[5,8,10,11,14,18,19,24,35,39,46,48],"ascension_level":17}