{"gold_per_floor":[368,382,382,382,397,397,428,428,480,480,492,259,275,275,275,352,352,372,139,139,149,74,74,86,86,137,12,22,22,50,0,0,77,77,89,89,106,122,133,133,133,152,152,152,2,2,13,13],"floor_reached":48,"playtime":1947,"items_purged":["Strike_G","Strike_G","Strike_G","Strike_G"],"score":900,"play_id":"fa7abb65-a29a-412d-a974-6084d12db445","local_time":"20181126231203","is_ascension_mode":true,"campfire_choices":[{"data":"Cloak And Dagger","floor":6,"key":"SMITH"},{"floor":8,"key":"REST"},{"data":"Neutralize","floor":10,"key":"SMITH"},{"floor":15,"key":"REST"},{"data":"Glass Knife","floor":23,"key":"SMITH"},{"data":"Well Laid Plans","floor":25,"key":"SMITH"},{"data":"Corpse Explosion","floor":29,"key":"SMITH"},{"floor":32,"key":"REST"},{"floor":40,"key":"REST"},{"data":"Burst","floor":46,"key":"SMITH"}],"neow_cost":"TEN_PERCENT_HP_LOSS","seed_source_timestamp":10497857652990,"circlet_count":0,"master_deck":["AscendersBane","Defend_G+1","Defend_G","Defend_G","Defend_G","Defend_G+1","Survivor","Neutralize+1","Dagger Spray+1","Crippling Poison+1","Cloak And Dagger+1","Corpse Explosion+1","Dash","Poisoned Stab","Glass Knife+1","Backstab","Well Laid Plans+1","Backflip","Dash","Backflip","Blur","Bouncing Flask+1","Burst+1","Acrobatics","Deadly Poison+1"],"relics":["Ring of the Snake","Centennial Puzzle","War Paint","Anchor","Sozu","PreservedInsect","Orichalcum","Busted Crown","Tingsha"],"potions_floor_usage":[11],"damage_taken":[{"damage":2,"enemies":"Cultist","floor":1,"turns":5},{"damage":5,"enemies":"Small Slimes","floor":2,"turns":4},{"damage":8,"enemies":"Jaw Worm","floor":5,"turns":5},{"damage":37,"enemies":"Gremlin Nob","floor":7,"turns":5},{"damage":30,"enemies":"Large Slime","floor":11,"turns":6},{"damage":0,"enemies":"Looter","floor":13,"turns":3},{"damage":17,"enemies":"Hexaghost","floor":16,"turns":9},{"damage":0,"enemies":"3 Byrds","floor":18,"turns":2},{"damage":0,"enemies":"Colosseum Slavers","floor":20,"turns":4},{"damage":0,"enemies":"Chosen","floor":21,"turns":4},{"damage":0,"enemies":"3 Cultists","floor":24,"turns":2},{"damage":4,"enemies":"Snake Plant","floor":28,"turns":5},{"damage":8,"enemies":"Book of Stabbing","floor":30,"turns":5},{"damage":42,"enemies":"Automaton","floor":33,"turns":12},{"damage":0,"enemies":"Orb Walker","floor":35,"turns":3},{"damage":11,"enemies":"3 Darklings","floor":37,"turns":4},{"damage":3,"enemies":"Writhing Mass","floor":38,"turns":6},{"damage":16,"enemies":"Sphere and 2 Shapes","floor":39,"turns":5},{"damage":0,"enemies":"4 Shapes","floor":42,"turns":2},{"damage":15,"enemies":"Spire Growth","floor":47,"turns":5},{"damage":37,"enemies":"Transient","floor":48,"turns":5}],"seed_played":"-5615973598710526257","potions_obtained":[{"floor":7,"key":"Regen Potion"},{"floor":11,"key":"SpeedPotion"}],"is_trial":false,"path_per_floor":["M","M","?","?","M","R","E","R","T","R","M","$","M","?","R","B",null,"M","$","?","M","?","R","M","R","T","$","M","R","E","?","R","B",null,"M","?","M","M","M","R","?","M","T","$","$","R","M","M"],"character_chosen":"THE_SILENT","items_purchased":["Anchor","Well Laid Plans","Backflip"],"campfire_rested":4,"item_purchase_floors":[12,19,19],"current_hp_per_floor":[57,52,52,52,44,44,7,25,25,25,10,10,10,1,19,2,46,46,46,46,46,46,46,46,46,46,46,42,42,34,34,52,10,48,48,60,49,46,30,48,48,48,48,48,48,48,33,0],"gold":13,"neow_bonus":"TWO_FIFTY_GOLD","is_prod":false,"is_daily":false,"chose_seed":false,"campfire_upgraded":6,"win_rate":0,"timestamp":1543270323,"path_taken":["M","M","?","?","M","R","E","R","T","R","M","$","?","?","R","BOSS","M","$","?","M","?","R","M","R","T","$","M","R","E","?","R","BOSS","M","?","M","M","M","R","?","?","T","?","$","R","M","M"],"build_version":"2018-11-15","purchased_purges":4,"victory":false,"max_hp_per_floor":[60,60,60,60,60,60,60,60,60,60,60,60,60,60,60,60,60,60,60,60,60,60,60,60,60,60,60,60,60,60,60,60,60,60,60,60,60,60,60,60,60,60,60,60,60,60,60,60],"card_choices":[{"not_picked":["Flying Knee","PiercingWail"],"picked":"Dagger Spray","floor":1},{"not_picked":["Setup","Endless Agony"],"picked":"Crippling Poison","floor":2},{"not_picked":["Deflect","Slice"],"picked":"Cloak And Dagger","floor":5},{"not_picked":["Outmaneuver","Masterful Stab"],"picked":"Corpse Explosion","floor":7},{"not_picked":["Outmaneuver","Poisoned Stab"],"picked":"Dash","floor":11},{"not_picked":["Distraction","Cloak And Dagger"],"picked":"Poisoned Stab","floor":13},{"not_picked":["Storm of Steel","A Thousand Cuts"],"picked":"Glass Knife","floor":16},{"not_picked":["Predator+1","PiercingWail"],"picked":"Backstab","floor":18},{"not_picked":["Endless Agony+1","Backstab"],"picked":"Dash","floor":21},{"not_picked":["Outmaneuver+1","Terror"],"picked":"Backflip","floor":24},{"not_picked":["Acrobatics","Well Laid Plans"],"picked":"Blur","floor":28},{"not_picked":["Bullet Time","Reflex"],"picked":"Bouncing Flask+1","floor":30},{"not_picked":["Doppelganger","A Thousand Cuts"],"picked":"Burst","floor":33},{"not_picked":[],"picked":"Acrobatics","floor":35},{"not_picked":[],"picked":"Deadly Poison+1","floor":37},{"not_picked":["Cloak And Dagger"],"picked":"SKIP","floor":38},{"not_picked":["Poisoned Stab"],"picked":"SKIP","floor":39},{"not_picked":["Setup"],"picked":"SKIP","floor":42},{"not_picked":["Deadly Poison"],"picked":"SKIP","floor":47}],"player_experience":829247,"relics_obtained":[{"floor":7,"key":"Centennial Puzzle"},{"floor":9,"key":"War Paint"},{"floor":26,"key":"PreservedInsect"},{"floor":30,"key":"Orichalcum"},{"floor":43,"key":"Tingsha"}],"event_choices":[{"damage_healed":0,"gold_gain":0,"player_choice":"Grow","damage_taken":0,"max_hp_gain":0,"max_hp_loss":0,"event_name":"Living Wall","floor":3,"gold_loss":0,"cards_upgraded":["Dagger Spray"]},{"damage_healed":0,"gold_gain":0,"player_choice":"Upgraded","damage_taken":0,"max_hp_gain":0,"max_hp_loss":0,"event_name":"Upgrade Shrine","floor":4,"gold_loss":0,"cards_upgraded":["Crippling Poison"]},{"damage_healed":0,"gold_gain":0,"player_choice":"Damaged","damage_taken":9,"max_hp_gain":0,"max_hp_loss":0,"event_name":"Wheel of Change","floor":14,"gold_loss":0},{"damage_healed":0,"gold_gain":0,"player_choice":"Fight","damage_taken":0,"max_hp_gain":0,"max_hp_loss":0,"event_name":"Colosseum","floor":20,"gold_loss":0},{"damage_healed":0,"gold_gain":0,"player_choice":"Fled From Nobs","damage_taken":0,"max_hp_gain":0,"max_hp_loss":0,"event_name":"Colosseum","floor":20,"gold_loss":0},{"cards_removed":["Strike_G"],"damage_healed":0,"gold_gain":0,"player_choice":"Gave Gold","damage_taken":0,"max_hp_gain":0,"max_hp_loss":0,"event_name":"Beggar","floor":22,"gold_loss":75},{"damage_healed":0,"gold_gain":0,"player_choice":"Paid Fearfully","damage_taken":0,"max_hp_gain":0,"max_hp_loss":0,"event_name":"Masked Bandits","floor":31,"gold_loss":50},{"damage_healed":12,"gold_gain":0,"player_choice":"Writhe","damage_taken":0,"max_hp_gain":0,"max_hp_loss":0,"event_name":"Winding Halls","floor":36,"gold_loss":0,"cards_obtained":["Writhe"]},{"cards_removed":["Writhe"],"damage_healed":0,"gold_gain":0,"player_choice":"Removed Curses","damage_taken":0,"max_hp_gain":0,"max_hp_loss":0,"event_name":"Fountain of Cleansing","floor":41,"gold_loss":0}],"is_beta":true,"boss_relics":[{"not_picked":["HoveringKite","Tiny House"],"picked":"Sozu"},{"not_picked":["Coffee Dripper","Orrery"],"picked":"Busted Crown"}],"items_purged_floors":[12,19,27,45],"is_endless":false,"potions_floor_spawned":[7,11,20,30,33,42,47],"killed_by":"Transient","ascension_level":20}