{"path_per_floor":["M","$","M","?","$","R","M","M","T","?","M","M","M","$","R","B",null,"M","$","$","?","M","?"],"character_chosen":"THE_SILENT","items_purchased":["Caltrops","Flying Knee","PiercingWail","Bag of Marbles","Noxious Fumes"],"gold_per_floor":[115,36,47,47,23,23,34,48,72,247,266,281,298,28,28,129,129,147,12,12,12,12,12],"floor_reached":24,"campfire_rested":1,"playtime":1512,"current_hp_per_floor":[70,70,70,52,52,52,52,47,47,47,58,45,23,23,59,40,70,36,36,36,36,7,7],"items_purged":["Doubt","Pain"],"gold":12,"score":188,"play_id":"02b57c60-dd9e-46ca-85c9-bf08f6caa98c","local_time":"20180306042401","is_prod":false,"is_daily":false,"is_ascension_mode":false,"campfire_upgraded":1,"timestamp":1520322841,"path_taken":["M","$","M","?","$","R","M","?","T","?","M","M","M","?","R","BOSS","M","?","$","?","M","?","M"],"build_version":"2018-03-01-PROD1","purchased_purges":2,"victory":false,"master_deck":["Defend_G","Defend_G","Defend_G","Defend_G","Defend_G","Strike_G","Strike_G","Strike_G","Strike_G","Strike_G","Survivor","Neutralize","Blur","Caltrops+1","Poisoned Stab","Flying Knee","Well Laid Plans","Tactician","Malaise","PiercingWail","Grand Finale","Writhe","Pain","Noxious Fumes"],"max_hp_per_floor":[70,70,70,70,70,70,70,70,70,70,70,70,70,70,70,70,70,70,70,70,70,70,70],"relics":["Black Star","Regal Pillow","Snake Skull","Bag of Marbles","Calling Bell","Darkstone Periapt","Bird Faced Urn","Prayer Wheel"],"card_choices":[{"not_picked":["Deflect","Bane"],"picked":"Blur"},{"not_picked":["Bane","Heel Hook"],"picked":"Poisoned Stab"},{"not_picked":["Slice","Finisher"],"picked":"Well Laid Plans"},{"not_picked":["Deflect","Bane"],"picked":"Tactician"},{"not_picked":["Eviscerate","Infinite Blades"],"picked":"Malaise"},{"not_picked":["Burst","Tools of the Trade"],"picked":"Grand Finale"}],"player_experience":120378,"potions_floor_usage":[3,11,11,16,18,24,24,24],"damage_taken":[{"damage":0,"enemies":"Cultist","floor":1,"turns":4},{"damage":4,"enemies":"2 Louse","floor":3,"turns":4},{"damage":0,"enemies":"Small Slimes","floor":7,"turns":4},{"damage":5,"enemies":"Exordium Wildlife","floor":8,"turns":5},{"damage":4,"enemies":"Large Slime","floor":11,"turns":7},{"damage":13,"enemies":"Lots of Slimes","floor":12,"turns":4},{"damage":22,"enemies":"Exordium Wildlife","floor":13,"turns":6},{"damage":19,"enemies":"Hexaghost","floor":16,"turns":15},{"damage":36,"enemies":"Chosen","floor":18,"turns":10},{"damage":35,"enemies":"2 Thieves","floor":22,"turns":5},{"damage":16,"enemies":"Sentry and Sphere","floor":24,"turns":2}],"event_choices":[{"event_name":"Scrap Ooze","player_choice":"success","floor":4,"damage_taken":18},{"event_name":"Liars Game","player_choice":"agreed","floor":10,"damage_taken":0},{"event_name":"Addict","player_choice":"Ignored","floor":21,"damage_taken":0},{"event_name":"The Lab","player_choice":"Got Potions","floor":23,"damage_taken":0}],"boss_relics":[{"not_picked":["The Specimen","Eternal Feather"],"picked":"Calling Bell"}],"potions_floor_spawned":[1,7,8,13,16],"seed_played":"-2711470317771340332","killed_by":"Sentry and Sphere","ascension_level":0,"is_trial":false}