{"gold_per_floor":[111,186,156,168,179,179,198,211,211,227,239,239,37,65,65,142,142,152,152],"floor_reached":19,"playtime":804,"items_purged":[],"score":342,"play_id":"6f727b1d-2df6-411c-90ad-8c293aaeae56","local_time":"20181201135610","is_ascension_mode":true,"campfire_choices":[{"data":"Sweeping Beam","floor":6.0,"key":"SMITH"},{"data":"Stack","floor":12.0,"key":"SMITH"},{"floor":15,"key":"REST"}],"neow_cost":"NONE","seed_source_timestamp":8597973982545,"circlet_count":0,"master_deck":["AscendersBane","Strike_B","Strike_B","Strike_B","Strike_B","Defend_B","Defend_B","Defend_B","Defend_B","Zap","Dualcast","Sweeping Beam+1","Melter","Rebound","Stack+1","Conserve Battery","Undo","BootSequence","Sweeping Beam","Gash","Core Surge","FTL"],"special_seed":0,"relics":["Cracked Core","Bag of Preparation","Singing Bowl","Regal Pillow","Gremlin Horn","Sozu"],"potions_floor_usage":[16,16],"damage_taken":[{"damage":2.0,"enemies":"2 Louse","floor":1.0,"turns":3.0},{"damage":1.0,"enemies":"Small Slimes","floor":4.0,"turns":3.0},{"damage":0.0,"enemies":"Cultist","floor":5.0,"turns":2.0},{"damage":0.0,"enemies":"3 Louse","floor":7.0,"turns":2.0},{"damage":13.0,"enemies":"Blue Slaver","floor":8.0,"turns":3.0},{"damage":7.0,"enemies":"Gremlin Gang","floor":10.0,"turns":4.0},{"damage":14.0,"enemies":"Lots of Slimes","floor":11.0,"turns":3.0},{"damage":3,"enemies":"3 Sentries","floor":14,"turns":6},{"damage":26,"enemies":"Slime Boss","floor":16,"turns":9},{"damage":25,"enemies":"2 Thieves","floor":18,"turns":4},{"damage":5,"enemies":"Colosseum Slavers","floor":19,"turns":4},{"damage":40,"enemies":"Colosseum Nobs","floor":19,"turns":3}],"seed_played":"7283266429660512485","potions_obtained":[{"floor":3.0,"key":"SneckoOil"},{"floor":3.0,"key":"GamblersBrew"},{"floor":4.0,"key":"EssenceOfSteel"},{"floor":5.0,"key":"AttackPotion"},{"floor":7.0,"key":"EssenceOfSteel"}],"is_trial":false,"path_per_floor":["M","?","?","M","M","R","M","M","T","M","M","R","$","E","R","B",null,"M","?"],"character_chosen":"DEFECT","items_purchased":["Regal Pillow","Sweeping Beam"],"campfire_rested":1,"item_purchase_floors":[13,13],"current_hp_per_floor":[62,51,51,50,50,50,50,37,37,30,16,16,16,13,49,23,59,34,0],"gold":152,"neow_bonus":"RANDOM_COMMON_RELIC","is_prod":false,"is_daily":false,"chose_seed":false,"campfire_upgraded":2,"win_rate":0,"timestamp":1543668970,"path_taken":["M","?","?","M","M","R","M","M","T","?","M","R","$","E","R","BOSS","M","?"],"build_version":"2018-11-15","purchased_purges":0,"victory":false,"max_hp_per_floor":[71,71,71,71,71,71,71,71,71,71,71,71,71,71,71,71,71,71,71],"card_choices":[{"not_picked":["Turbo","Steam"],"picked":"Sweeping Beam","floor":1.0},{"not_picked":["Loop","Streamline"],"picked":"Melter","floor":4.0},{"not_picked":["Barrage","Loop"],"picked":"Rebound","floor":5.0},{"not_picked":["Barrage","Heatsinks"],"picked":"Stack","floor":7.0},{"not_picked":["Rebound","Tempest"],"picked":"Conserve Battery","floor":8.0},{"not_picked":["Steam","Defragment"],"picked":"Undo","floor":10.0},{"not_picked":["Sunder","Skim"],"picked":"BootSequence","floor":11.0},{"not_picked":["Reboot","Barrage"],"picked":"Gash","floor":14},{"not_picked":["Rainbow","Biased Cognition"],"picked":"Core Surge","floor":16},{"not_picked":["Conserve Battery","Streamline"],"picked":"FTL","floor":18}],"player_experience":838747,"relics_obtained":[{"floor":9.0,"key":"Singing Bowl"},{"floor":14,"key":"Gremlin Horn"}],"event_choices":[{"damage_healed":0.0,"max_hp_gain":0.0,"max_hp_loss":0.0,"gold_gain":75.0,"event_name":"World of Goop","player_choice":"Gather Gold","floor":2.0,"gold_loss":0.0,"damage_taken":11.0},{"damage_healed":0.0,"max_hp_gain":0.0,"max_hp_loss":0.0,"gold_gain":0.0,"event_name":"The Woman in Blue","player_choice":"Bought 2 Potions","floor":3.0,"gold_loss":0.0,"damage_taken":0.0},{"damage_healed":0,"gold_gain":0,"player_choice":"Fight","damage_taken":0,"max_hp_gain":0,"max_hp_loss":0,"event_name":"Colosseum","floor":19,"gold_loss":0},{"damage_healed":0,"gold_gain":0,"player_choice":"Fought Nobs","damage_taken":0,"max_hp_gain":0,"max_hp_loss":0,"event_name":"Colosseum","floor":19,"gold_loss":0}],"is_beta":true,"boss_relics":[{"not_picked":["FrozenCore","Busted Crown"],"picked":"Sozu"}],"items_purged_floors":[],"is_endless":false,"potions_floor_spawned":[4,5,7,10,14,18],"killed_by":"Colosseum Nobs","ascension_level":20}