{"gold_per_floor":[119,119,133,133,133,163,181,181,181,195,120,120,131,156,156,234,234,245,78,0,20,40,40,40],"floor_reached":24,"playtime":710,"items_purged":["Shame"],"score":486,"play_id":"b7091244-1fb9-4874-8524-657fa61c1ee6","local_time":"20190208164205","is_ascension_mode":true,"campfire_choices":[{"floor":8,"key":"DIG"},{"floor":12,"key":"DIG"},{"floor":15,"key":"REST"},{"floor":23,"key":"REST"}],"neow_cost":"NONE","seed_source_timestamp":611733608820332,"circlet_count":0,"master_deck":["AscendersBane","Strike_B","Strike_B","Strike_B","Defend_B","Defend_B","Defend_B","Defend_B","Zap","Dualcast","Beam Cell+1","Steam","Echo Form","Rip and Tear","Sweeping Beam+1","Gash","Hologram","Echo Form","Steam"],"relics":["Cracked Core","NeowsBlessing","Shovel","Bronze Scales","Bottled Flame","Mummified Hand","PreservedInsect","Whetstone","Sozu","Regal Pillow"],"potions_floor_usage":[13,14,22],"damage_taken":[{"damage":0,"enemies":"Small Slimes","floor":1,"turns":1},{"damage":0,"enemies":"Cultist","floor":3,"turns":1},{"damage":0,"enemies":"Lagavulin","floor":6,"turns":1},{"damage":5,"enemies":"Jaw Worm","floor":7,"turns":3},{"damage":12,"enemies":"3 Louse","floor":10,"turns":3},{"damage":12,"enemies":"Gremlin Gang","floor":13,"turns":2},{"damage":0,"enemies":"Gremlin Nob","floor":14,"turns":2},{"damage":37,"enemies":"The Guardian","floor":16,"turns":9},{"damage":7,"enemies":"3 Byrds","floor":18,"turns":3},{"damage":8,"enemies":"Spheric Guardian","floor":21,"turns":4},{"damage":42,"enemies":"Snake Plant","floor":22,"turns":4},{"damage":38,"enemies":"Gremlin Leader","floor":24,"turns":4}],"seed_played":"2696483690029386004","potions_obtained":[{"floor":1,"key":"Poison Potion"},{"floor":10,"key":"SteroidPotion"},{"floor":16,"key":"SkillPotion"}],"is_trial":false,"path_per_floor":["M","?","M","?","?","E","M","R","T","M","$","R","M","E","R","B",null,"M","$","?","M","M","R","E"],"character_chosen":"DEFECT","items_purchased":["Regal Pillow"],"campfire_rested":2,"item_purchase_floors":[19],"current_hp_per_floor":[64,64,64,64,64,64,59,59,59,47,47,47,35,35,56,19,58,51,51,51,43,1,37,0],"gold":40,"neow_bonus":"THREE_ENEMY_KILL","is_prod":false,"is_daily":false,"chose_seed":false,"campfire_upgraded":0,"win_rate":0,"timestamp":1549636925,"path_taken":["M","?","?","?","?","E","M","R","T","?","?","R","M","E","R","BOSS","M","$","?","M","M","R","E"],"build_version":"2019-01-23","purchased_purges":1,"victory":false,"max_hp_per_floor":[71,71,71,71,71,71,71,71,71,71,71,71,71,71,71,71,71,71,71,71,71,71,71,71],"card_choices":[{"not_picked":["Sunder","Force Field"],"picked":"Beam Cell","floor":1},{"not_picked":["Rebound","Auto Shields"],"picked":"Steam","floor":3},{"not_picked":["Doom and Gloom","Rebound"],"picked":"Sweeping Beam","floor":6},{"not_picked":["Darkness","Sweeping Beam","Stack"],"picked":"SKIP","floor":7},{"not_picked":["Leap","Reprogram","Ball Lightning"],"picked":"SKIP","floor":10},{"not_picked":["Cold Snap","Lockon"],"picked":"Gash","floor":13},{"not_picked":["Sweeping Beam","Sunder"],"picked":"Hologram","floor":14},{"not_picked":["Seek","Fission"],"picked":"Echo Form","floor":16},{"not_picked":["Streamline","Beam Cell"],"picked":"Steam","floor":18},{"not_picked":["Steam","Rebound","Beam Cell"],"picked":"SKIP","floor":21},{"not_picked":["Compile Driver","Force Field","Steam"],"picked":"SKIP","floor":22}],"player_experience":718880,"relics_obtained":[{"floor":2,"key":"Shovel"},{"floor":6,"key":"Bronze Scales"},{"floor":8,"key":"Bottled Flame"},{"floor":9,"key":"Mummified Hand"},{"floor":12,"key":"PreservedInsect"},{"floor":14,"key":"Whetstone"}],"event_choices":[{"damage_healed":0,"gold_gain":0,"player_choice":"Relic","damage_taken":0,"max_hp_gain":0,"max_hp_loss":0,"event_name":"Wheel of Change","floor":2,"gold_loss":0},{"cards_removed":["Strike_B"],"damage_healed":0,"gold_gain":0,"player_choice":"Forget","damage_taken":0,"max_hp_gain":0,"max_hp_loss":0,"event_name":"Living Wall","floor":4,"gold_loss":0},{"damage_healed":0,"gold_gain":0,"player_choice":"3 cards matched","damage_taken":0,"max_hp_gain":0,"max_hp_loss":0,"event_name":"Match and Keep!","floor":5,"gold_loss":0,"cards_obtained":["Shame","Echo Form","Rip and Tear"]},{"damage_healed":0,"gold_gain":0,"player_choice":"Paid Fearfully","damage_taken":0,"max_hp_gain":0,"max_hp_loss":0,"event_name":"Masked Bandits","floor":20,"gold_loss":78}],"is_beta":false,"boss_relics":[{"not_picked":["Runic Dome","Empty Cage"],"picked":"Sozu"}],"items_purged_floors":[11],"is_endless":false,"potions_floor_spawned":[1,10,16,18,21],"killed_by":"Gremlin Leader","ascension_level":18}