{"path_per_floor":["M","M","?","?","M","R","E","R","T","?","?","M","E","M","R"],"character_chosen":"IRONCLAD","items_purchased":[],"gold_per_floor":[119,133,133,133,145,145,180,180,180,180,130,149,178,189,189,189],"floor_reached":16,"campfire_rested":1,"playtime":525,"current_hp_per_floor":[71,66,70,70,74,74,44,44,44,44,44,40,10,11,34,0],"items_purged":[],"gold":189,"score":121,"play_id":"057636e2-79e1-4ead-9286-f83ddc789386","local_time":"20180429115238","is_prod":false,"is_daily":false,"chose_seed":false,"is_ascension_mode":true,"campfire_upgraded":2,"timestamp":1525017158,"path_taken":["M","M","?","?","?","R","E","R","T","?","?","M","E","M","R","BOSS"],"build_version":"2018-04-28v2","seed_source_timestamp":72869187897155,"purchased_purges":0,"victory":false,"master_deck":["Strike_R","Strike_R","Strike_R","Strike_R","Defend_R","Defend_R","Defend_R","Defend_R","Bash+1","Reaper","Twin Strike+1","Shrug It Off","Warcry","Heavy Blade+1","Dual Wield","Seeing Red"],"max_hp_per_floor":[72,72,79,79,79,79,79,79,79,79,79,79,79,79,79,79],"relics":["Burning Blood","Strawberry","Shuriken","Bottled Flame","Molten Egg 2","Bottled Lightning"],"card_choices":[{"not_picked":["Double Tap","Berserk"],"picked":"Reaper","floor":0},{"not_picked":["Disarm","Armaments"],"picked":"Twin Strike","floor":2},{"not_picked":["Havoc","Clothesline"],"picked":"Shrug It Off","floor":5},{"not_picked":["Body Slam","Shockwave"],"picked":"Warcry","floor":7},{"not_picked":["Shrug It Off","Armaments"],"picked":"Heavy Blade","floor":12},{"not_picked":["Sword Boomerang","Fiend Fire"],"picked":"Dual Wield","floor":13},{"not_picked":["Anger","Rage"],"picked":"Seeing Red","floor":14}],"player_experience":120805,"potions_floor_usage":[2,13,16],"damage_taken":[{"damage":7,"enemies":"2 Louse","floor":1,"turns":4},{"damage":12,"enemies":"Small Slimes","floor":2,"turns":3},{"damage":6,"enemies":"Cultist","floor":5,"turns":4},{"damage":41,"enemies":"3 Sentries","floor":7,"turns":9},{"damage":10,"enemies":"Looter","floor":12,"turns":4},{"damage":40,"enemies":"Lagavulin","floor":13,"turns":8},{"damage":25,"enemies":"Lots of Slimes","floor":14,"turns":5},{"damage":42,"enemies":"The Guardian","floor":16,"turns":9}],"event_choices":[{"event_name":"Scrap Ooze","player_choice":"success","floor":3,"damage_taken":3},{"event_name":"The Woman in Blue","player_choice":"Bought 0 Potions","floor":4,"damage_taken":0},{"event_name":"Accursed Blacksmith","player_choice":"Rummage","floor":10,"damage_taken":0},{"event_name":"The Cleric","player_choice":"Card Removal","floor":11,"damage_taken":0}],"boss_relics":[],"potions_floor_spawned":[1,2,14],"seed_played":"-2387314475914490090","killed_by":"The Guardian","ascension_level":2,"is_trial":false}