{"gold_per_floor":[116,65,76,87,106,139,159,5,32,32,47,47,47,375,375,472,472,482,291,566,114,133,133,152,184,254,254,280,292,307,322,322,417,417,431,431,447,447,457,485,485,42,42,42,56,70,90,102,102,102],"floor_reached":51,"playtime":2893,"items_purged":["Strike_G","Regret"],"score":887,"play_id":"0ce8502a-b14c-4053-813b-580ec6b65abe","local_time":"20190221212429","is_ascension_mode":true,"campfire_choices":[{"floor":10.0,"key":"REST"},{"floor":12.0,"key":"REST"},{"data":"Crippling Poison","floor":15.0,"key":"SMITH"},{"data":"Noxious Fumes","floor":23.0,"key":"SMITH"},{"floor":27.0,"key":"REST"},{"floor":32.0,"key":"REST"},{"floor":41,"key":"REST"},{"floor":49,"key":"REST"}],"neow_cost":"NONE","seed_source_timestamp":0,"circlet_count":0,"master_deck":["Defend_G+1","Defend_G+1","Defend_G","Defend_G","Defend_G","Strike_G","Strike_G","Strike_G","Strike_G","Survivor","Neutralize","Quick Slash","Crippling Poison+1","Quick Slash","Dagger Spray","Heel Hook","Backflip","Bandage Up","Backstab","Catalyst","Corpse Explosion","Deadly Poison+1","Noxious Fumes+1","Poisoned Stab","Bandage Up","Deflect","Backstab","Corpse Explosion","Noxious Fumes","Apotheosis","Catalyst","Calculated Gamble+1"],"special_seed":0,"relics":["Ring of the Snake","NeowsBlessing","Blood Vial","War Paint","Odd Mushroom","Lantern","Du-Vu Doll","Old Coin","Velvet Choker","Snake Skull","DollysMirror","Happy Flower","Paper Crane","Singing Bowl","Sozu","Incense Burner","Strawberry","Ornamental Fan","Gambling Chip","Toxic Egg 2"],"potions_floor_usage":[],"damage_taken":[{"damage":0.0,"enemies":"Small Slimes","floor":1.0,"turns":1.0},{"damage":0.0,"enemies":"Cultist","floor":3.0,"turns":1.0},{"damage":0.0,"enemies":"2 Louse","floor":4.0,"turns":1.0},{"damage":13.0,"enemies":"Exordium Wildlife","floor":5.0,"turns":4.0},{"damage":48.0,"enemies":"Lagavulin","floor":6.0,"turns":11.0},{"damage":0.0,"enemies":"The Mushroom Lair","floor":7.0,"turns":3.0},{"damage":0.0,"enemies":"2 Fungi Beasts","floor":11.0,"turns":3.0},{"damage":16.0,"enemies":"3 Sentries","floor":14.0,"turns":9.0},{"damage":18.0,"enemies":"The Guardian","floor":16.0,"turns":16.0},{"damage":0.0,"enemies":"Chosen","floor":18.0,"turns":3.0},{"damage":17.0,"enemies":"2 Thieves","floor":22.0,"turns":2.0},{"damage":17.0,"enemies":"Snecko","floor":24.0,"turns":5.0},{"damage":30.0,"enemies":"Gremlin Leader","floor":25.0,"turns":5.0},{"damage":29.0,"enemies":"Slavers","floor":28.0,"turns":2.0},{"damage":26.0,"enemies":"Centurion and Healer","floor":29.0,"turns":5.0},{"damage":16.0,"enemies":"Snake Plant","floor":30.0,"turns":2.0},{"damage":7.0,"enemies":"Chosen and Byrds","floor":31.0,"turns":4.0},{"damage":26.0,"enemies":"Collector","floor":33.0,"turns":8.0},{"damage":24,"enemies":"Orb Walker","floor":35,"turns":4},{"damage":16,"enemies":"3 Shapes","floor":37,"turns":1},{"damage":0,"enemies":"Jaw Worm Horde","floor":39,"turns":1},{"damage":40,"enemies":"Giant Head","floor":40,"turns":6},{"damage":18,"enemies":"Spire Growth","floor":45,"turns":4},{"damage":0,"enemies":"Maw","floor":46,"turns":4},{"damage":0,"enemies":"4 Shapes","floor":47,"turns":3},{"damage":0,"enemies":"3 Darklings","floor":48,"turns":3},{"damage":55,"enemies":"Donu and Deca","floor":50,"turns":6}],"seed_played":"8051381475559833231","potions_obtained":[{"floor":6.0,"key":"AttackPotion"},{"floor":7.0,"key":"Energy Potion"},{"floor":11.0,"key":"FairyPotion"},{"floor":18.0,"key":"Ancient Potion"},{"floor":24.0,"key":"SteroidPotion"},{"floor":31.0,"key":"FearPotion"}],"is_trial":false,"path_per_floor":["M","?","M","M","M","E","?","$","T","R","M","R","T","E","R","B",null,"M","$","?","$","M","R","M","E","T","R","E","M","M","M","R","B",null,"M","?","M","?","M","E","R","$","T","T","M","M","M","M","R","B",null],"character_chosen":"THE_SILENT","items_purchased":["Bandage Up","Backstab","Noxious Fumes","Poisoned Stab","Snake Skull","DollysMirror","Strawberry","Ornamental Fan","Catalyst"],"campfire_rested":6,"item_purchase_floors":[8,8,19,19,21,21,42,42,42],"current_hp_per_floor":[70,70,70,70,57,11,13,13,13,34,40,61,61,51,51,39,70,70,70,70,70,61,61,54,34,34,55,30,14,9,14,36,20,76,60,57,45,45,49,17,42,49,49,49,41,49,59,71,97,54],"gold":102,"neow_bonus":"THREE_ENEMY_KILL","is_prod":false,"is_daily":false,"chose_seed":false,"campfire_upgraded":2,"win_rate":0,"timestamp":1550784269,"path_taken":["M","?","M","?","M","E","?","$","T","R","M","R","?","E","R","BOSS","M","$","?","$","M","R","?","E","T","R","E","M","M","M","R","BOSS","M","?","M","?","M","E","R","$","T","?","M","M","M","M","R","BOSS"],"build_version":"2019-01-23","purchased_purges":2,"victory":true,"max_hp_per_floor":[70,70,70,70,70,70,70,70,70,70,70,70,70,70,70,70,70,70,70,70,70,70,70,70,70,70,70,72,72,74,76,76,76,76,76,78,80,80,82,84,84,91,91,91,93,95,97,97,97,97],"card_choices":[{"not_picked":["Dagger Spray","Slice"],"picked":"Quick Slash","floor":1.0},{"not_picked":["Slice","All Out Attack"],"picked":"Crippling Poison","floor":3.0},{"not_picked":["PiercingWail","Underhanded Strike"],"picked":"Quick Slash","floor":4.0},{"not_picked":["Flechettes","Underhanded Strike"],"picked":"Dagger Spray","floor":5.0},{"not_picked":["Slice","Predator"],"picked":"Heel Hook","floor":6.0},{"not_picked":["All Out Attack","Dash"],"picked":"Backflip","floor":7.0},{"not_picked":["Sucker Punch","Poisoned Stab"],"picked":"Catalyst","floor":11.0},{"not_picked":["Expertise","Escape Plan"],"picked":"Well Laid Plans","floor":14.0},{"not_picked":["Storm of Steel","Adrenaline"],"picked":"Corpse Explosion","floor":16.0},{"not_picked":["Sucker Punch","Poisoned Stab+1"],"picked":"Deadly Poison+1","floor":18.0},{"not_picked":["PiercingWail+1","Dagger Spray+1","Riddle With Holes+1"],"picked":"SKIP","floor":22.0},{"not_picked":["Dagger Throw+1","Dagger Spray"],"picked":"Deflect","floor":24.0},{"not_picked":["Storm of Steel","Slice","Finisher"],"picked":"SKIP","floor":25.0},{"not_picked":["Eviscerate","Deflect+1","Concentrate"],"picked":"Singing Bowl","floor":28.0},{"not_picked":["Dodge and Roll","Prepared+1"],"picked":"Backstab","floor":29.0},{"not_picked":["Skewer","Backflip","Distraction"],"picked":"Singing Bowl","floor":30.0},{"not_picked":["Backflip","Slice","Endless Agony"],"picked":"Singing Bowl","floor":31.0},{"not_picked":["Storm of Steel","Night Terror"],"picked":"Corpse Explosion","floor":33.0},{"not_picked":["Dodge and Roll","Concentrate"],"picked":"Noxious Fumes","floor":35},{"not_picked":["Dark Shackles","Swift Strike"],"picked":"Apotheosis","floor":36},{"not_picked":["Jack Of All Trades","Deep Breath","Forethought"],"picked":"Singing Bowl","floor":36},{"not_picked":["Quick Slash","Outmaneuver","Underhanded Strike+1"],"picked":"Singing Bowl","floor":37},{"not_picked":["Crippling Poison+1","PiercingWail","Blade Dance+1"],"picked":"Singing Bowl","floor":39},{"not_picked":["Dagger Throw+1","PiercingWail","Cloak And Dagger+1"],"picked":"Singing Bowl","floor":40},{"not_picked":["Underhanded Strike","Quick Slash+1","Deflect+1"],"picked":"Singing Bowl","floor":45},{"not_picked":["Deflect+1","Leg Sweep+1","All Out Attack+1"],"picked":"Singing Bowl","floor":46},{"not_picked":["Quick Slash+1","Reflex+1","Deadly Poison+1"],"picked":"Singing Bowl","floor":47},{"not_picked":["Concentrate+1","Prepared+1"],"picked":"Calculated Gamble+1","floor":48}],"player_experience":157213,"relics_obtained":[{"floor":6.0,"key":"War Paint"},{"floor":7.0,"key":"Odd Mushroom"},{"floor":9.0,"key":"Lantern"},{"floor":13.0,"key":"Du-Vu Doll"},{"floor":14.0,"key":"Old Coin"},{"floor":25.0,"key":"Happy Flower"},{"floor":26.0,"key":"Paper Crane"},{"floor":28.0,"key":"Singing Bowl"},{"floor":40,"key":"Incense Burner"},{"floor":43,"key":"Gambling Chip"},{"floor":44,"key":"Toxic Egg 2"}],"event_choices":[{"damage_healed":0.0,"max_hp_gain":0.0,"max_hp_loss":0.0,"gold_gain":0.0,"event_name":"WeMeetAgain","player_choice":"Paid Gold","floor":2.0,"gold_loss":51.0,"damage_taken":0.0,"relics_obtained":["Blood Vial"]},{"damage_healed":0.0,"max_hp_gain":0.0,"max_hp_loss":0.0,"gold_gain":0.0,"event_name":"Mushrooms","player_choice":"Fought Mushrooms","floor":7.0,"gold_loss":0.0,"damage_taken":0.0},{"damage_healed":0.0,"max_hp_gain":0.0,"max_hp_loss":0.0,"gold_gain":275.0,"event_name":"Golden Shrine","player_choice":"Desecrate","floor":20.0,"gold_loss":0.0,"damage_taken":0.0,"cards_obtained":["Regret"]},{"damage_healed":0,"gold_gain":0,"player_choice":"Memory 2","damage_taken":5,"max_hp_gain":0,"max_hp_loss":0,"event_name":"SensoryStone","floor":36,"gold_loss":0},{"cards_removed":["Well Laid Plans"],"damage_healed":0,"gold_gain":0,"player_choice":"Removed Power","damage_taken":0,"max_hp_gain":0,"max_hp_loss":0,"event_name":"Falling","floor":38,"gold_loss":0}],"is_beta":false,"boss_relics":[{"not_picked":["Orrery","Eternal Feather"],"picked":"Velvet Choker"},{"not_picked":["Pandora\u0027s Box","White Beast Statue"],"picked":"Sozu"}],"items_purged_floors":[19,21],"is_endless":false,"potions_floor_spawned":[6,7,11,18,24,31,40,46,47,48],"ascension_level":3}