{"gold_per_floor":[111,121,121,121,121,164,164,189,213,227,263,263,307,325,325,421,421,440,464,176,176,176,176],"floor_reached":23,"playtime":965,"items_purged":["Strike_R"],"score":418,"play_id":"a944a8c5-2418-4f2b-aa6d-04e8f884a3b9","local_time":"20190120172851","is_ascension_mode":true,"campfire_choices":[{"floor":7.0,"key":"REST"},{"data":"Havoc","floor":12.0,"key":"SMITH"},{"data":"True Grit","floor":15.0,"key":"SMITH"}],"neow_cost":"NONE","seed_source_timestamp":12912816501974,"circlet_count":0,"master_deck":["AscendersBane","Strike_R","Strike_R","Strike_R","Strike_R","Defend_R","Defend_R","Defend_R","Defend_R","Bash+1","Clash","Iron Wave","Iron Wave","Havoc+1","Shrug It Off","Feed","True Grit+1","Fiend Fire","Shrug It Off+1","Evolve"],"special_seed":0,"relics":["Burning Blood","Centennial Puzzle","Bloody Idol","Peace Pipe","Ancient Tea Set","Strawberry","PreservedInsect","Velvet Choker","Orichalcum"],"potions_floor_usage":[16,18,19,23,23],"damage_taken":[{"damage":7.0,"enemies":"Small Slimes","floor":1.0,"turns":4.0},{"damage":1.0,"enemies":"2 Louse","floor":2.0,"turns":3.0},{"damage":26.0,"enemies":"Gremlin Nob","floor":6.0,"turns":4.0},{"damage":2.0,"enemies":"Jaw Worm","floor":8.0,"turns":3.0},{"damage":2.0,"enemies":"Looter","floor":10.0,"turns":3.0},{"damage":5.0,"enemies":"3 Sentries","floor":11.0,"turns":5.0},{"damage":9.0,"enemies":"Gremlin Nob","floor":13.0,"turns":3.0},{"damage":17.0,"enemies":"Large Slime","floor":14.0,"turns":7.0},{"damage":41,"enemies":"The Guardian","floor":16,"turns":9},{"damage":17,"enemies":"2 Thieves","floor":18,"turns":5},{"damage":16,"enemies":"Spheric Guardian","floor":19,"turns":4},{"damage":45,"enemies":"Gremlin Leader","floor":23,"turns":7}],"seed_played":"1006797731881399794","potions_obtained":[{"floor":6.0,"key":"PowerPotion"},{"floor":8.0,"key":"Fire Potion"},{"floor":11.0,"key":"LiquidBronze"},{"floor":13.0,"key":"PowerPotion"},{"floor":16,"key":"AttackPotion"},{"floor":19,"key":"BloodPotion"}],"is_trial":false,"path_per_floor":["M","M","?","?","?","E","R","M","T","M","E","R","E","M","R","B",null,"M","M","$","?","?","E"],"character_chosen":"IRONCLAD","items_purchased":["Evolve","Orichalcum"],"campfire_rested":1,"item_purchase_floors":[20,20],"current_hp_per_floor":[74,79,79,44,44,24,46,50,50,54,62,62,59,51,51,19,70,62,52,52,52,34,0],"gold":176,"neow_bonus":"TEN_PERCENT_HP_BONUS","is_prod":false,"is_daily":false,"chose_seed":false,"campfire_upgraded":2,"win_rate":0,"timestamp":1548001731,"path_taken":["M","M","?","?","?","E","R","M","T","M","E","R","E","M","R","BOSS","M","M","$","?","?","E"],"build_version":"2019-01-19","purchased_purges":1,"victory":false,"max_hp_per_floor":[82,82,82,82,74,74,74,74,74,74,81,81,81,84,84,87,87,90,90,90,90,90,90],"card_choices":[{"not_picked":["Rage","Second Wind"],"picked":"Clash","floor":1.0},{"not_picked":["Flex","Wild Strike"],"picked":"Iron Wave","floor":2.0},{"not_picked":["True Grit","Evolve"],"picked":"Iron Wave","floor":6.0},{"not_picked":["Reckless Charge","Body Slam"],"picked":"Havoc","floor":8.0},{"not_picked":["Flex","Sword Boomerang","Clash"],"picked":"SKIP","floor":10.0},{"not_picked":["Carnage","Seeing Red"],"picked":"Shrug It Off","floor":11.0},{"not_picked":["Pommel Strike","Twin Strike"],"picked":"Feed","floor":13.0},{"not_picked":["Wild Strike","Pommel Strike"],"picked":"True Grit","floor":14.0},{"not_picked":["Feed","Berserk"],"picked":"Fiend Fire","floor":16},{"not_picked":["Sentinel","Sword Boomerang"],"picked":"Shrug It Off+1","floor":18},{"not_picked":["Pummel","Twin Strike","Seeing Red"],"picked":"SKIP","floor":19}],"player_experience":899905,"relics_obtained":[{"floor":6.0,"key":"Peace Pipe"},{"floor":9.0,"key":"Ancient Tea Set"},{"floor":11.0,"key":"Strawberry"},{"floor":13.0,"key":"PreservedInsect"}],"event_choices":[{"damage_healed":0.0,"max_hp_gain":0.0,"max_hp_loss":0.0,"gold_gain":0.0,"event_name":"Living Wall","player_choice":"Grow","floor":3.0,"gold_loss":0.0,"damage_taken":0.0,"cards_upgraded":["Bash"]},{"damage_healed":0.0,"max_hp_gain":0.0,"max_hp_loss":0.0,"gold_gain":0.0,"event_name":"Scrap Ooze","player_choice":"Success","floor":4.0,"gold_loss":0.0,"damage_taken":35.0,"relics_obtained":["Centennial Puzzle"]},{"damage_healed":0.0,"max_hp_gain":0.0,"max_hp_loss":8.0,"gold_gain":0.0,"event_name":"Golden Idol","player_choice":"Lose Max HP","floor":5.0,"gold_loss":0.0,"damage_taken":0.0,"relics_obtained":["Golden Idol"]},{"damage_healed":0,"gold_gain":0,"player_choice":"Gave Idol","damage_taken":0,"relics_obtained":["Bloody Idol"],"max_hp_gain":0,"max_hp_loss":0,"event_name":"Forgotten Altar","floor":21,"relics_lost":["Golden Idol"],"gold_loss":0},{"damage_healed":0,"gold_gain":0,"player_choice":"POTION ","damage_taken":18,"max_hp_gain":0,"max_hp_loss":0,"event_name":"Knowing Skull","floor":22,"potions_obtained":["Strength Potion"],"gold_loss":0,"cards_obtained":[]}],"is_beta":true,"boss_relics":[{"not_picked":["Snecko Eye","Empty Cage"],"picked":"Velvet Choker"}],"items_purged_floors":[20],"is_endless":false,"potions_floor_spawned":[6,8,11,13,16,19],"killed_by":"Gremlin Leader","ascension_level":20}