{"gold_per_floor":[318,7,7,19,31,31,63,63,141,173,21,102,114,133,133,205,205,219,229,104,139,64,64,95,95,119,119,151,151,166,197,197,270,270,283,77,77,38,38,38,66,166,166,201,214,214,229,229,229,229],"floor_reached":51,"playtime":3555,"items_purged":["Strike_B","Strike_B","Defend_B"],"score":1494,"play_id":"62810f66-a58d-4860-8bcf-eed2baaaea4f","local_time":"20190216173009","is_ascension_mode":true,"campfire_choices":[{"data":"Rip and Tear","floor":6,"key":"SMITH"},{"data":"Zap","floor":8,"key":"SMITH"},{"data":"Go for the Eyes","floor":15,"key":"SMITH"},{"floor":23,"key":"REST"},{"floor":25,"key":"REST"},{"floor":32,"key":"REST"},{"floor":40,"key":"REST"},{"floor":46,"key":"REST"},{"floor":49,"key":"RECALL"}],"neow_cost":"NO_GOLD","seed_source_timestamp":80817708620421,"circlet_count":0,"master_deck":["AscendersBane","Zap+1","Dualcast","Go for the Eyes","Rip and Tear+1","Conserve Battery","Coolheaded","Conserve Battery","Coolheaded","Seek","Sweeping Beam","Conserve Battery","Go for the Eyes+1","Echo Form+1","Cold Snap","Doom and Gloom","Coolheaded+1","Self Repair+1","Fission+1","Skim","Chaos+1","Auto Shields","Machine Learning+1","Defragment+1","Tempest+1","Stack","Loop+1","Static Discharge+1","Core Surge","Loop+1","Electrodynamics+1","Capacitor+1","Barrage+1","Conserve Battery"],"relics":["Cracked Core","Old Coin","Vajra","DataDisk","Mercury Hourglass","Frozen Egg 2","Pear","Fusion Hammer","Red Mask","Happy Flower","Strawberry","Turnip","Bag of Marbles","Orrery","Boot","Potion Belt","Ice Cream","Pocketwatch","Ancient Tea Set"],"potions_floor_usage":[7,10,33,44,50,50,50,50],"damage_taken":[{"damage":4,"enemies":"Jaw Worm","floor":1,"turns":4},{"damage":1,"enemies":"Cultist","floor":4,"turns":3},{"damage":0,"enemies":"Small Slimes","floor":5,"turns":3},{"damage":19,"enemies":"Lagavulin","floor":7,"turns":8},{"damage":4,"enemies":"Gremlin Nob","floor":10,"turns":4},{"damage":0,"enemies":"2 Fungi Beasts","floor":13,"turns":2},{"damage":0,"enemies":"Large Slime","floor":14,"turns":3},{"damage":6,"enemies":"Hexaghost","floor":16,"turns":11},{"damage":11,"enemies":"Chosen","floor":18,"turns":4},{"damage":0,"enemies":"3 Byrds","floor":19,"turns":4},{"damage":5,"enemies":"Masked Bandits","floor":21,"turns":4},{"damage":36,"enemies":"Slavers","floor":24,"turns":3},{"damage":18,"enemies":"Gremlin Leader","floor":28,"turns":4},{"damage":3,"enemies":"Snecko","floor":30,"turns":6},{"damage":13,"enemies":"Book of Stabbing","floor":31,"turns":5},{"damage":13,"enemies":"Collector","floor":33,"turns":10},{"damage":1,"enemies":"Orb Walker","floor":35,"turns":3},{"damage":0,"enemies":"Giant Head","floor":41,"turns":9},{"damage":0,"enemies":"Mind Bloom Boss Battle","floor":42,"turns":4},{"damage":0,"enemies":"Reptomancer","floor":44,"turns":4},{"damage":0,"enemies":"3 Shapes","floor":45,"turns":3},{"damage":0,"enemies":"Transient","floor":47,"turns":6},{"damage":56,"enemies":"Time Eater","floor":50,"turns":10}],"seed_played":"-8557574762894683321","potions_obtained":[{"floor":5,"key":"Dexterity Potion"},{"floor":7,"key":"SteroidPotion"},{"floor":18,"key":"FocusPotion"},{"floor":30,"key":"Ancient Potion"},{"floor":41,"key":"Swift Potion"},{"floor":42,"key":"Dexterity Potion"},{"floor":45,"key":"AttackPotion"},{"floor":47,"key":"EssenceOfSteel"}],"is_trial":false,"path_per_floor":["M","$","?","M","M","R","E","R","T","E","$","T","M","M","R","B",null,"M","M","$","?","?","R","E","R","T","?","E","?","M","E","R","B",null,"M","$","?","$","?","R","E","?","T","E","M","R","M","?","R","B",null],"character_chosen":"DEFECT","items_purchased":["Vajra","Rip and Tear","Sweeping Beam","Static Discharge+1","Core Surge","Loop+1"],"campfire_rested":5,"item_purchase_floors":[2,2,11,36,36,38],"current_hp_per_floor":[60,60,60,59,59,59,40,40,40,36,36,46,46,46,46,40,71,60,60,60,55,55,79,43,67,74,74,56,56,63,60,86,83,87,88,88,88,88,84,84,84,84,84,84,84,84,84,84,84,38],"gold":229,"neow_bonus":"ONE_RARE_RELIC","is_prod":false,"is_daily":false,"chose_seed":false,"campfire_upgraded":3,"win_rate":0,"timestamp":1550334609,"path_taken":["M","$","?","M","?","R","E","R","T","E","$","?","M","?","R","BOSS","M","M","$","?","?","R","E","R","T","?","E","?","M","E","R","BOSS","M","$","?","?","?","R","E","?","T","E","M","R","M","?","R","BOSS"],"build_version":"2019-01-23","purchased_purges":3,"victory":true,"max_hp_per_floor":[71,71,71,71,71,71,71,71,71,71,71,81,81,81,81,81,81,81,81,81,81,81,81,81,81,88,88,88,88,88,88,88,88,88,88,88,88,88,84,84,84,84,84,84,84,84,84,84,84,84],"card_choices":[{"not_picked":["Streamline","Hologram"],"picked":"Go for the Eyes","floor":1},{"not_picked":["Turbo","Leap"],"picked":"Coolheaded","floor":4},{"not_picked":["Compile Driver","Darkness"],"picked":"Conserve Battery","floor":5},{"not_picked":["Turbo","Go for the Eyes"],"picked":"Coolheaded","floor":7},{"not_picked":["Go for the Eyes","Aggregate"],"picked":"Seek","floor":10},{"not_picked":["Skim","Steam"],"picked":"Conserve Battery","floor":13},{"not_picked":["Blizzard","Stack"],"picked":"Go for the Eyes","floor":14},{"not_picked":["Amplify","Rainbow"],"picked":"Echo Form+1","floor":16},{"not_picked":["Leap","Stack"],"picked":"Cold Snap","floor":18},{"not_picked":["Go for the Eyes","Genetic Algorithm"],"picked":"Doom and Gloom","floor":19},{"not_picked":["Turbo","Scrape"],"picked":"Coolheaded+1","floor":21},{"not_picked":["Compile Driver","Undo"],"picked":"Self Repair+1","floor":24},{"not_picked":["Fusion","Streamline","Redo"],"picked":"SKIP","floor":28},{"not_picked":["Barrage","Consume"],"picked":"Chaos+1","floor":30},{"not_picked":["Coolheaded","Go for the Eyes"],"picked":"Auto Shields","floor":31},{"not_picked":["Amplify","Rainbow"],"picked":"Machine Learning+1","floor":33},{"not_picked":["Rebound+1","Barrage"],"picked":"Defragment+1","floor":34},{"not_picked":["Darkness","Gash"],"picked":"Tempest+1","floor":34},{"not_picked":["White Noise","Streamline"],"picked":"Stack","floor":34},{"not_picked":["Leap+1","Rip and Tear"],"picked":"Loop+1","floor":35},{"not_picked":["Hologram+1","Loop+1"],"picked":"Electrodynamics+1","floor":41},{"not_picked":["Sweeping Beam","Coolheaded"],"picked":"Capacitor+1","floor":42},{"not_picked":["Lockon","Chill"],"picked":"Barrage+1","floor":44},{"not_picked":["Streamline","Darkness"],"picked":"Conserve Battery","floor":45},{"not_picked":["Gash","Cold Snap","Sweeping Beam"],"picked":"SKIP","floor":47}],"player_experience":447999,"relics_obtained":[{"floor":7,"key":"DataDisk"},{"floor":9,"key":"Mercury Hourglass"},{"floor":10,"key":"Frozen Egg 2"},{"floor":12,"key":"Pear"},{"floor":21,"key":"Red Mask"},{"floor":24,"key":"Happy Flower"},{"floor":26,"key":"Strawberry"},{"floor":28,"key":"Turnip"},{"floor":31,"key":"Bag of Marbles"},{"floor":37,"key":"Boot"},{"floor":41,"key":"Potion Belt"},{"floor":42,"key":"Ice Cream"},{"floor":43,"key":"Pocketwatch"},{"floor":44,"key":"Ancient Tea Set"}],"event_choices":[{"damage_healed":0,"gold_gain":0,"cards_transformed":["Strike_B"],"player_choice":"Transformed","damage_taken":0,"max_hp_gain":0,"max_hp_loss":0,"event_name":"Transmorgrifier","floor":3,"gold_loss":0,"cards_obtained":["Conserve Battery"]},{"damage_healed":0,"gold_gain":0,"player_choice":"Fought Bandits","damage_taken":0,"max_hp_gain":0,"max_hp_loss":0,"event_name":"Masked Bandits","floor":21,"gold_loss":0},{"cards_removed":["Defend_B"],"damage_healed":0,"gold_gain":0,"player_choice":"Gave Gold","damage_taken":0,"max_hp_gain":0,"max_hp_loss":0,"event_name":"Beggar","floor":22,"gold_loss":75},{"cards_removed":["Defend_B"],"damage_healed":0,"gold_gain":0,"player_choice":"Elegance","damage_taken":0,"max_hp_gain":0,"max_hp_loss":0,"event_name":"Back to Basics","floor":27,"gold_loss":0},{"damage_healed":0,"gold_gain":0,"cards_transformed":["Strike_B","Defend_B"],"player_choice":"Became Test Subject","damage_taken":0,"max_hp_gain":0,"max_hp_loss":0,"event_name":"Drug Dealer","floor":29,"gold_loss":0,"cards_obtained":["Fission","Skim"]},{"damage_healed":0,"gold_gain":0,"player_choice":"Relic","damage_taken":0,"max_hp_gain":0,"max_hp_loss":0,"event_name":"Wheel of Change","floor":37,"gold_loss":0},{"damage_healed":0,"gold_gain":0,"player_choice":"Max HP","damage_taken":0,"max_hp_gain":0,"max_hp_loss":4,"event_name":"Winding Halls","floor":39,"gold_loss":0},{"damage_healed":0,"gold_gain":0,"player_choice":"Fight","damage_taken":0,"max_hp_gain":0,"max_hp_loss":0,"event_name":"MindBloom","floor":42,"gold_loss":0},{"damage_healed":0,"gold_gain":0,"player_choice":"Upgraded","damage_taken":0,"max_hp_gain":0,"max_hp_loss":0,"event_name":"Upgrade Shrine","floor":48,"gold_loss":0,"cards_upgraded":["Fission"]}],"is_beta":false,"boss_relics":[{"not_picked":["Runic Dome","Tiny House"],"picked":"Fusion Hammer"},{"not_picked":["Calling Bell","FrozenCore"],"picked":"Orrery"}],"items_purged_floors":[2,11,20],"is_endless":false,"potions_floor_spawned":[5,7,18,30,31,41,42,45,47],"ascension_level":17}