{"gold_per_floor":[112,127,107,125,141,141,170,180,180,180,50,50,60,93,93,168,168,180,190,190,208,219,219,250,250,250,250,285,285,305,225,225,296,296,311,321,87,87,87,87,117,117,117,135,135,235,264,281,281,281],"floor_reached":51,"playtime":4207,"items_purged":["Strike_B","Decay"],"score":1494,"play_id":"f634720e-5af5-412f-8691-76a8e903eb9a","local_time":"20190203114854","is_ascension_mode":true,"campfire_choices":[{"data":"Zap","floor":6.0,"key":"SMITH"},{"data":"Sweeping Beam","floor":10.0,"key":"SMITH"},{"data":"Sweeping Beam","floor":12.0,"key":"SMITH"},{"data":"Self Repair","floor":15.0,"key":"SMITH"},{"data":"Biased Cognition","floor":23.0,"key":"SMITH"},{"data":"Coolheaded","floor":25.0,"key":"SMITH"},{"data":"Hologram","floor":32.0,"key":"SMITH"},{"data":"Defragment","floor":40.0,"key":"SMITH"},{"data":"Go for the Eyes","floor":42.0,"key":"SMITH"},{"data":"White Noise","floor":45.0,"key":"SMITH"},{"data":"Capacitor","floor":49.0,"key":"SMITH"}],"neow_cost":"NONE","seed_source_timestamp":0,"circlet_count":0,"master_deck":["AscendersBane","Zap+1","Dualcast","Sweeping Beam+1","Self Repair+1","Sweeping Beam+1","Hologram","Cold Snap","Undo","Cold Snap","Genetic Algorithm","Leap","Biased Cognition+1","BootSequence","Reinforced Body","Hologram+1","Rainbow+1","Rainbow","White Noise+1","Go for the Eyes+1","Coolheaded+1","Conserve Battery","Echo Form","Defragment+1","Glacier+1","Capacitor+1"],"special_seed":0,"relics":["Cracked Core","The Courier","Dodecahedron","Mummified Hand","Pandora\u0027s Box","Kunai","Bottled Tornado","Strawberry","Philosopher\u0027s Stone","OrangePellets","Cables","DataDisk","Dead Branch","Bronze Scales"],"potions_floor_usage":[50,50],"damage_taken":[{"damage":0.0,"enemies":"Cultist","floor":1.0,"turns":4.0},{"damage":2.0,"enemies":"Small Slimes","floor":2.0,"turns":4.0},{"damage":5.0,"enemies":"2 Louse","floor":4.0,"turns":3.0},{"damage":6.0,"enemies":"2 Fungi Beasts","floor":5.0,"turns":4.0},{"damage":30.0,"enemies":"Gremlin Nob","floor":7.0,"turns":4.0},{"damage":0.0,"enemies":"Exordium Wildlife","floor":8.0,"turns":5.0},{"damage":6.0,"enemies":"Exordium Thugs","floor":13.0,"turns":3.0},{"damage":17.0,"enemies":"3 Sentries","floor":14.0,"turns":7.0},{"damage":31.0,"enemies":"Slime Boss","floor":16.0,"turns":13.0},{"damage":12.0,"enemies":"2 Thieves","floor":18.0,"turns":4.0},{"damage":0.0,"enemies":"Spheric Guardian","floor":19.0,"turns":4.0},{"damage":4.0,"enemies":"Shelled Parasite and Fungi","floor":21.0,"turns":7.0},{"damage":0.0,"enemies":"3 Cultists","floor":22.0,"turns":4.0},{"damage":0.0,"enemies":"Book of Stabbing","floor":24.0,"turns":5.0},{"damage":22.0,"enemies":"Slavers","floor":28.0,"turns":6.0},{"damage":0.0,"enemies":"Sentry and Sphere","floor":30.0,"turns":5.0},{"damage":10.0,"enemies":"Collector","floor":33.0,"turns":11.0},{"damage":5.0,"enemies":"3 Shapes","floor":35.0,"turns":4.0},{"damage":30.0,"enemies":"3 Darklings","floor":36.0,"turns":6.0},{"damage":5.0,"enemies":"Reptomancer","floor":41.0,"turns":5.0},{"damage":0.0,"enemies":"Transient","floor":44.0,"turns":5.0},{"damage":0.0,"enemies":"Mind Bloom Boss Battle","floor":46.0,"turns":4.0},{"damage":0.0,"enemies":"Nemesis","floor":47.0,"turns":7.0},{"damage":3.0,"enemies":"Jaw Worm Horde","floor":48.0,"turns":2.0},{"damage":0,"enemies":"Awakened One","floor":50,"turns":11}],"seed_played":"-1802295696757483054","potions_obtained":[{"floor":3.0,"key":"Fruit Juice"},{"floor":4.0,"key":"Strength Potion"},{"floor":7.0,"key":"Energy Potion"},{"floor":16.0,"key":"Dexterity Potion"},{"floor":22.0,"key":"PowerPotion"},{"floor":36.0,"key":"Energy Potion"},{"floor":41.0,"key":"SkillPotion"}],"is_trial":false,"path_per_floor":["M","M","?","M","M","R","E","M","T","R","$","R","M","E","R","B",null,"M","M","?","M","M","R","E","R","T","?","E","?","M","$","R","B",null,"M","M","$","?","?","R","E","R","T","M","R","?","E","M","R","B",null],"character_chosen":"DEFECT","items_purchased":["Genetic Algorithm","OrangePellets","Defragment"],"campfire_rested":0,"item_purchase_floors":[11,37,37],"current_hp_per_floor":[64,69,74,76,76,76,53,60,60,60,60,60,61,51,51,30,65,63,73,73,76,76,76,76,76,76,76,71,71,81,81,81,81,83,78,68,68,68,68,68,73,73,73,83,83,83,83,83,83,83],"gold":281,"neow_bonus":"THREE_CARDS","is_prod":false,"is_daily":false,"chose_seed":false,"campfire_upgraded":11,"win_rate":0,"timestamp":1549190934,"path_taken":["M","M","?","?","M","R","E","M","T","R","$","R","M","E","R","BOSS","M","M","?","?","M","R","E","R","T","?","E","?","M","$","R","BOSS","M","M","$","?","?","R","E","R","T","?","R","?","E","M","R","BOSS"],"build_version":"2019-01-23","purchased_purges":2,"victory":true,"max_hp_per_floor":[71,71,76,76,76,76,76,76,76,76,76,76,76,76,76,76,76,76,76,76,76,76,76,76,76,76,76,83,83,83,83,83,83,83,83,83,83,83,83,83,83,83,83,83,83,83,83,83,83,83],"card_choices":[{"not_picked":["Beam Cell","Go for the Eyes"],"picked":"Sweeping Beam","floor":0.0},{"not_picked":["Conserve Battery","Chill"],"picked":"Self Repair","floor":1.0},{"not_picked":["Gash","Skim"],"picked":"Sweeping Beam","floor":2.0},{"not_picked":["Turbo","Beam Cell"],"picked":"Hologram","floor":4.0},{"not_picked":["Chill","Compile Driver"],"picked":"Cold Snap","floor":5.0},{"not_picked":["Barrage","Heatsinks"],"picked":"Undo","floor":7.0},{"not_picked":["Rebound","Turbo"],"picked":"Cold Snap","floor":8.0},{"not_picked":["Recycle","Rebound"],"picked":"Leap","floor":13.0},{"not_picked":["Steam","Lockon","Leap"],"picked":"SKIP","floor":14.0},{"not_picked":["Core Surge","Hyperbeam"],"picked":"Biased Cognition","floor":16.0},{"not_picked":["Rebound","Stack"],"picked":"White Noise","floor":18.0},{"not_picked":["FTL","Streamline"],"picked":"Go for the Eyes","floor":19.0},{"not_picked":["Gash","Turbo+1"],"picked":"Coolheaded","floor":21.0},{"not_picked":["Coolheaded","Beam Cell","Skim"],"picked":"SKIP","floor":22.0},{"not_picked":["Hello World","Genetic Algorithm","Reinforced Body"],"picked":"SKIP","floor":24.0},{"not_picked":["Turbo","Rip and Tear","Undo"],"picked":"SKIP","floor":28.0},{"not_picked":["Melter","Glacier"],"picked":"Conserve Battery","floor":30.0},{"not_picked":["Electrodynamics","All For One"],"picked":"Echo Form","floor":33.0},{"not_picked":["Stack","Redo","Undo"],"picked":"SKIP","floor":35.0},{"not_picked":["Compile Driver","Beam Cell+1","Sweeping Beam"],"picked":"SKIP","floor":36.0},{"not_picked":["Turbo","Hologram"],"picked":"Glacier+1","floor":41.0},{"not_picked":["Rebound","Fusion","Streamline"],"picked":"SKIP","floor":44.0},{"not_picked":["Go for the Eyes","Leap","Tempest"],"picked":"SKIP","floor":47.0},{"not_picked":["Fusion","Consume"],"picked":"Capacitor","floor":48.0}],"player_experience":419112,"relics_obtained":[{"floor":7.0,"key":"The Courier"},{"floor":9.0,"key":"Dodecahedron"},{"floor":14.0,"key":"Mummified Hand"},{"floor":24.0,"key":"Kunai"},{"floor":26.0,"key":"Bottled Tornado"},{"floor":28.0,"key":"Strawberry"},{"floor":41.0,"key":"Cables"},{"floor":43.0,"key":"DataDisk"},{"floor":46.0,"key":"Dead Branch"},{"floor":47.0,"key":"Bronze Scales"}],"event_choices":[{"damage_healed":0.0,"max_hp_gain":0.0,"max_hp_loss":0.0,"gold_gain":0.0,"event_name":"The Woman in Blue","player_choice":"Bought 1 Potion","floor":3.0,"gold_loss":0.0,"damage_taken":0.0},{"cards_removed":["Redo"],"damage_healed":0.0,"max_hp_gain":0.0,"max_hp_loss":0.0,"gold_gain":0.0,"event_name":"Purifier","player_choice":"Purged","floor":20.0,"gold_loss":0.0,"damage_taken":0.0},{"damage_healed":0.0,"max_hp_gain":0.0,"max_hp_loss":0.0,"gold_gain":0.0,"event_name":"Forgotten Altar","player_choice":"Smashed Altar","floor":27.0,"gold_loss":0.0,"damage_taken":0.0,"cards_obtained":["Decay"]},{"damage_healed":0.0,"max_hp_gain":0.0,"max_hp_loss":0.0,"gold_gain":0.0,"event_name":"Vampires","player_choice":"Ignored","floor":29.0,"gold_loss":0.0,"damage_taken":0.0},{"cards_removed":["Skim"],"damage_healed":0.0,"max_hp_gain":0.0,"max_hp_loss":0.0,"gold_gain":0.0,"event_name":"Falling","player_choice":"Removed Skill","floor":38.0,"gold_loss":0.0,"damage_taken":0.0},{"damage_healed":0.0,"max_hp_gain":0.0,"max_hp_loss":0.0,"gold_gain":0.0,"event_name":"Accursed Blacksmith","player_choice":"Forge","floor":39.0,"gold_loss":0.0,"damage_taken":0.0,"cards_upgraded":["Rainbow"]},{"damage_healed":0.0,"max_hp_gain":0.0,"max_hp_loss":0.0,"gold_gain":0.0,"event_name":"MindBloom","player_choice":"Fight","floor":46.0,"gold_loss":0.0,"damage_taken":0.0}],"is_beta":false,"boss_relics":[{"not_picked":["Calling Bell","Empty Cage"],"picked":"Pandora\u0027s Box"},{"not_picked":["Lizard Tail","Nuclear Battery"],"picked":"Philosopher\u0027s Stone"}],"items_purged_floors":[11,31],"is_endless":false,"potions_floor_spawned":[4,7,13,16,18,22,24,36,41,44,47],"ascension_level":16}