{"path_per_floor":["M","?","M","$","M","R","M","E","T","M","R","?","$","$","R","B",null,"M","?","?","?","M","R","M","M","T","R","M","$","?","?","R"],"character_chosen":"THE_SILENT","items_purchased":["Poisoned Stab","Calculated Gamble","A Thousand Cuts"],"gold_per_floor":[117,117,134,87,107,107,124,158,158,128,128,128,47,47,47,143,143,159,159,159,159,143,143,160,178,178,178,193,51,51,51,51],"floor_reached":33,"campfire_rested":3,"playtime":3460,"current_hp_per_floor":[69,69,69,69,69,69,47,34,34,46,67,67,67,67,67,17,70,46,46,46,46,31,60,45,45,45,55,23,23,46,30,61],"items_purged":[],"gold":51,"score":243,"play_id":"48892b91-99a8-435a-a7f7-4920eda0a006","local_time":"20180321041118","is_prod":false,"is_daily":false,"is_ascension_mode":false,"campfire_upgraded":2,"timestamp":1521614478,"path_taken":["M","?","M","$","M","R","M","E","T","?","R","?","?","$","R","BOSS","M","?","?","?","M","R","M","M","T","R","?","?","?","?","R","BOSS"],"build_version":"2018-03-15v3","purchased_purges":0,"victory":false,"master_deck":["Defend_G","Defend_G","Defend_G","Defend_G","Defend_G","Strike_G","Strike_G","Strike_G","Strike_G","Strike_G","Survivor","Neutralize","Deadly Poison","Dagger Spray+1","Poisoned Stab","Sucker Punch","Cloak And Dagger","Acrobatics","Calculated Gamble","Corpse Explosion+1","Poisoned Stab","Writhe","Phantasmal Killer","PiercingWail+1","Dagger Spray+1","Deflect+1","A Thousand Cuts","Swift Strike"],"max_hp_per_floor":[70,70,70,70,70,70,70,70,70,70,70,70,70,70,70,70,70,70,70,70,70,70,70,70,70,70,70,70,70,70,70,70],"relics":["Snecko Eye","Peace Pipe","Thread and Needle","Eternal Feather","Letter Opener","Bottled Lightning"],"card_choices":[{"not_picked":["Flying Knee","Malaise"],"picked":"Deadly Poison"},{"not_picked":["Quick Slash","Flying Knee"],"picked":"Dagger Spray"},{"not_picked":["Unload","Dodge and Roll"],"picked":"Sucker Punch"},{"not_picked":["Setup","Footwork"],"picked":"Cloak And Dagger"},{"not_picked":["Underhanded Strike","Bane"],"picked":"Acrobatics"},{"not_picked":["A Thousand Cuts","Tools of the Trade"],"picked":"Corpse Explosion"},{"not_picked":["Acrobatics","Prepared"],"picked":"Poisoned Stab"},{"not_picked":["Slice","Calculated Gamble"],"picked":"Phantasmal Killer"},{"not_picked":["Finisher","Poisoned Stab"],"picked":"PiercingWail"},{"not_picked":["Sucker Punch","Masterful Stab"],"picked":"Dagger Spray"},{"not_picked":["Caltrops","Acrobatics"],"picked":"Deflect"}],"player_experience":211258,"potions_floor_usage":[5,8,8,10,18,24],"damage_taken":[{"damage":1,"enemies":"Cultist","floor":1,"turns":5},{"damage":0,"enemies":"2 Louse","floor":3,"turns":2},{"damage":0,"enemies":"Jaw Worm","floor":5,"turns":3},{"damage":22,"enemies":"Red Slaver","floor":7,"turns":4},{"damage":13,"enemies":"Lagavulin","floor":8,"turns":5},{"damage":0,"enemies":"Looter","floor":10,"turns":4},{"damage":50,"enemies":"Hexaghost","floor":16,"turns":12},{"damage":24,"enemies":"Shell Parasite","floor":18,"turns":9},{"damage":15,"enemies":"2 Thieves","floor":22,"turns":4},{"damage":30,"enemies":"Slaver and Parasite","floor":24,"turns":8},{"damage":0,"enemies":"Centurion and Healer","floor":25,"turns":10},{"damage":32,"enemies":"Chosen and Byrds","floor":28,"turns":8},{"damage":75,"enemies":"Champ","floor":33,"turns":11}],"event_choices":[{"event_name":"The Lab","player_choice":"Got Potions","floor":2,"damage_taken":0},{"event_name":"Wheel of Change","player_choice":"Curse","floor":12,"damage_taken":0},{"event_name":"Drug Dealer","player_choice":"Ignored","floor":19,"damage_taken":0},{"event_name":"The Mausoleum","player_choice":"Yes","floor":20,"damage_taken":0},{"event_name":"Vampires","player_choice":"Ignored","floor":21,"damage_taken":0},{"event_name":"The Library","player_choice":"Heal","floor":30,"damage_taken":0},{"event_name":"Knowing Skull","player_choice":"CARD ","floor":31,"damage_taken":0}],"boss_relics":[{"not_picked":["Astrolabe","Pandora\u0027s Box"],"picked":"Eternal Feather"}],"potions_floor_spawned":[3,8,16,22],"seed_played":"-3924801182265527216","killed_by":"Champ","ascension_level":0,"is_trial":false}