{"path_per_floor":["M","M","$","?","$","R","?","R","T","M","?","M","M","?","R","B",null,"M","$","M","?","$","R"],"character_chosen":"IRONCLAD","items_purchased":["Seeing Red"],"gold_per_floor":[113,127,127,127,48,48,48,48,48,67,67,86,97,67,67,162,162,180,105,118,118,118,118],"floor_reached":24,"campfire_rested":1,"playtime":1162,"current_hp_per_floor":[80,75,75,75,75,75,72,72,72,72,72,66,62,62,80,14,80,66,66,64,64,64,64],"items_purged":["Regret"],"gold":118,"score":184,"play_id":"5bc53adc-9b2a-4078-8e94-8d8e8545288f","local_time":"20180308032453","is_prod":false,"is_daily":false,"is_ascension_mode":false,"campfire_upgraded":3,"timestamp":1520492093,"path_taken":["M","M","$","?","$","R","?","R","T","?","?","?","M","?","R","BOSS","M","$","M","?","$","R","E"],"build_version":"2018-03-01-PROD1","purchased_purges":1,"victory":false,"master_deck":["Strike_R","Strike_R","Strike_R","Strike_R","Strike_R","Defend_R","Defend_R","Defend_R","Defend_R","Bash","Barricade+1","Anger+1","Anger+1","Seeing Red","Juggernaut","Feed","Uppercut+1"],"max_hp_per_floor":[80,80,80,80,80,80,80,80,80,80,80,80,80,80,80,80,80,83,83,83,83,83,83],"relics":["Burning Blood","Oddly Smooth Stone","Torii","Matryoshka","Snecko Eye"],"card_choices":[{"not_picked":["Bloodletting","Sever Soul"],"picked":"Anger"},{"not_picked":["Warcry","Pummel"],"picked":"Anger"},{"not_picked":["Cleave","Iron Wave"],"picked":"Juggernaut"},{"not_picked":["Barricade","Fiend Fire"],"picked":"Feed"},{"not_picked":["Pommel Strike","Burning Pact"],"picked":"Uppercut"}],"player_experience":137736,"potions_floor_usage":[12,16,16,16,18],"damage_taken":[{"damage":2,"enemies":"Small Slimes","floor":1,"turns":4},{"damage":11,"enemies":"Jaw Worm","floor":2,"turns":4},{"damage":6,"enemies":"2 Louse","floor":10,"turns":3},{"damage":27,"enemies":"Large Slime","floor":12,"turns":6},{"damage":10,"enemies":"3 Louse","floor":13,"turns":4},{"damage":72,"enemies":"Hexaghost","floor":16,"turns":16},{"damage":23,"enemies":"Chosen","floor":18,"turns":7},{"damage":8,"enemies":"Shell Parasite","floor":20,"turns":7},{"damage":65,"enemies":"Slavers","floor":24,"turns":5}],"event_choices":[{"event_name":"The Cleric","player_choice":"Leave","floor":4,"damage_taken":0},{"event_name":"Scrap Ooze","player_choice":"success","floor":7,"damage_taken":3},{"event_name":"Big Fish","player_choice":"Box","floor":11,"damage_taken":0},{"event_name":"The Woman in Blue","player_choice":"Bought 2 Potions","floor":14,"damage_taken":0},{"event_name":"Beggar","player_choice":"Ignored","floor":21,"damage_taken":0}],"boss_relics":[{"not_picked":["Tiny House","Eternal Feather"],"picked":"Snecko Eye"}],"potions_floor_spawned":[1,13,16],"seed_played":"-1093921227353795646","killed_by":"Slavers","ascension_level":0,"is_trial":false}