{"gold_per_floor":[111,89,102,102,402,402,437,449,449,459,474,474,494,518,518,623,623,642,658,670,685,80,108,108,108,185,185,202,202,233,46,46,46],"floor_reached":33,"playtime":3041,"items_purged":["Injury","Pain"],"score":337,"play_id":"4fd1ee17-2519-4e2e-a6c5-ef3ca5272a77","local_time":"20190119202811","is_ascension_mode":false,"campfire_choices":[{"floor":6,"key":"REST"},{"floor":12,"key":"REST"},{"data":"Backflip","floor":15,"key":"SMITH"},{"floor":25,"key":"REST"},{"floor":29,"key":"REST"},{"floor":32,"key":"REST"}],"neow_cost":"NONE","seed_source_timestamp":0,"circlet_count":0,"master_deck":["Defend_G","Defend_G","Defend_G","Defend_G","Defend_G","Strike_G","Strike_G","Strike_G","Strike_G","Survivor","Neutralize","Backstab","PiercingWail","PiercingWail","Backflip+1","Acrobatics","Sucker Punch+1","Masterful Stab+1","Parasite","Unload+1","Accuracy","Backflip","A Thousand Cuts","Sucker Punch+1","Noxious Fumes","Backflip","Noxious Fumes","Mayhem","All Out Attack+1","Backflip","Necronomicurse","Pain","Underhanded Strike+1","Crippling Poison+1","Underhanded Strike+1","Noxious Fumes"],"special_seed":0,"relics":["Cursed Key","Old Coin","Calipers","Molten Egg 2","Blood Vial","Fusion Hammer","DollysMirror","Orichalcum","Necronomicon","WarpedTongs","Potion Belt"],"potions_floor_usage":[7,16,16,20],"damage_taken":[{"damage":0.0,"enemies":"2 Louse","floor":1.0,"turns":3.0},{"damage":3.0,"enemies":"Jaw Worm","floor":3.0,"turns":3.0},{"damage":63,"enemies":"Gremlin Nob","floor":7,"turns":7},{"damage":0,"enemies":"Cultist","floor":8,"turns":6},{"damage":0,"enemies":"Red Slaver","floor":10,"turns":6},{"damage":0,"enemies":"3 Louse","floor":11,"turns":4},{"damage":0,"enemies":"Exordium Wildlife","floor":13,"turns":3},{"damage":5,"enemies":"Hexaghost","floor":16,"turns":11},{"damage":0,"enemies":"Chosen","floor":18,"turns":4},{"damage":2,"enemies":"Shell Parasite","floor":19,"turns":6},{"damage":0,"enemies":"Centurion and Healer","floor":20,"turns":7},{"damage":34,"enemies":"Sentry and Sphere","floor":21,"turns":8},{"damage":10,"enemies":"Book of Stabbing","floor":23,"turns":7},{"damage":18,"enemies":"Cultist and Chosen","floor":28,"turns":8},{"damage":27,"enemies":"Gremlin Leader","floor":30,"turns":7},{"damage":37,"enemies":"Collector","floor":33,"turns":6}],"seed_played":"5844111229191491375","potions_obtained":[{"floor":1.0,"key":"SteroidPotion"},{"floor":7,"key":"LiquidBronze"},{"floor":8,"key":"SteroidPotion"},{"floor":11,"key":"Ancient Potion"},{"floor":18,"key":"SteroidPotion"},{"floor":19,"key":"EssenceOfSteel"},{"floor":23,"key":"Fire Potion"}],"is_trial":false,"path_per_floor":["M","?","M","?","?","R","E","M","T","M","M","R","M","T","R","B",null,"M","M","M","M","$","E","?","R","T","?","M","R","E","$","R","B"],"character_chosen":"THE_SILENT","items_purchased":["Noxious Fumes","Backflip","DollysMirror","Mayhem","All Out Attack+1","Underhanded Strike+1","Noxious Fumes"],"campfire_rested":5,"item_purchase_floors":[22,22,22,22,22,31,31],"current_hp_per_floor":[70,70,67,60,48,69,6,6,6,6,6,27,27,27,27,24,70,70,68,70,36,36,28,12,33,33,33,17,38,13,13,34,0],"gold":46,"neow_bonus":"BOSS_RELIC","is_prod":false,"is_daily":false,"chose_seed":false,"campfire_upgraded":1,"win_rate":0,"timestamp":1547929691,"path_taken":["M","?","M","?","?","R","E","M","T","M","M","R","M","?","R","BOSS","M","M","M","M","$","E","?","R","T","?","?","R","E","$","R","BOSS"],"build_version":"2019-01-17v2","purchased_purges":2,"victory":false,"max_hp_per_floor":[70,70,70,70,70,70,70,70,70,70,70,70,70,70,70,70,70,70,70,70,70,70,70,70,70,70,70,70,70,70,70,70,70],"card_choices":[{"not_picked":["Prepared","Acrobatics"],"picked":"Backstab","floor":1.0},{"not_picked":["Skewer","Bane"],"picked":"PiercingWail","floor":3},{"not_picked":["Choke","Deflect"],"picked":"PiercingWail","floor":7},{"not_picked":["Dagger Throw","Bane"],"picked":"Backflip","floor":8},{"not_picked":["Reflex","Cloak And Dagger"],"picked":"Acrobatics","floor":10},{"not_picked":["Riddle With Holes+1","Outmaneuver"],"picked":"Sucker Punch+1","floor":11},{"not_picked":["Well Laid Plans","Dagger Spray+1"],"picked":"Masterful Stab+1","floor":13},{"not_picked":["Corpse Explosion","Storm of Steel"],"picked":"Unload+1","floor":16},{"not_picked":["Cloak And Dagger","Escape Plan"],"picked":"Accuracy","floor":18},{"not_picked":["Acrobatics","PiercingWail"],"picked":"Backflip","floor":19},{"not_picked":["Prepared","Deflect"],"picked":"A Thousand Cuts","floor":20},{"not_picked":["Deadly Poison","Dagger Spray+1"],"picked":"Sucker Punch+1","floor":21},{"not_picked":["Doppelganger","Reflex"],"picked":"Backflip","floor":23},{"not_picked":["Bane+1","Prepared"],"picked":"Underhanded Strike+1","floor":28},{"not_picked":["Bouncing Flask","Quick Slash+1"],"picked":"Crippling Poison+1","floor":30}],"player_experience":87355,"relics_obtained":[{"floor":7,"key":"Calipers"},{"floor":9,"key":"Molten Egg 2"},{"floor":14,"key":"Blood Vial"},{"floor":23,"key":"Orichalcum"},{"floor":24,"key":"Necronomicon"},{"floor":30,"key":"Potion Belt"}],"event_choices":[{"damage_healed":0.0,"max_hp_gain":0.0,"max_hp_loss":0.0,"gold_gain":0.0,"event_name":"World of Goop","player_choice":"Left Gold","floor":2.0,"gold_loss":22.0,"damage_taken":0.0},{"cards_removed":["Strike_G"],"damage_healed":0,"gold_gain":0,"player_choice":"Card Removal","damage_taken":7,"max_hp_gain":0,"max_hp_loss":0,"event_name":"Golden Wing","floor":4,"gold_loss":0},{"damage_healed":0,"gold_gain":0,"player_choice":"Success","damage_taken":12,"relics_obtained":["Old Coin"],"max_hp_gain":0,"max_hp_loss":0,"event_name":"Scrap Ooze","floor":5,"gold_loss":0},{"damage_healed":0,"gold_gain":0,"player_choice":"Obtained Book","damage_taken":16,"max_hp_gain":0,"max_hp_loss":0,"event_name":"Cursed Tome","floor":24,"gold_loss":0},{"damage_healed":0,"gold_gain":0,"player_choice":"Rummage","damage_taken":0,"relics_obtained":["WarpedTongs"],"max_hp_gain":0,"max_hp_loss":0,"event_name":"Accursed Blacksmith","floor":27,"gold_loss":0,"cards_obtained":["Pain"]}],"is_beta":false,"boss_relics":[{"not_picked":["WristBlade","Ectoplasm"],"picked":"Fusion Hammer"}],"items_purged_floors":[22,31],"is_endless":false,"potions_floor_spawned":[1,7,8,11,18,19,23],"killed_by":"Collector","ascension_level":0}