{"gold_per_floor":[118,193,293,28,46,46,9,27,27,42,42,7,23,40,40,117,117,117,17,17,17,17,17,17,17,17,17,17,17,17,17,17,17,17,17,17,0,0,0,0,0,0,0,0,0,0,0,0,0,0,0],"floor_reached":51,"playtime":2522,"items_purged":[],"score":1296,"play_id":"e7dee1b2-e3da-4989-adb9-cc8d663e76bd","local_time":"20181104162313","is_ascension_mode":true,"campfire_choices":[{"data":"Crippling Poison","floor":6.0,"key":"SMITH"},{"data":"Neutralize","floor":11.0,"key":"SMITH"},{"data":"Catalyst","floor":15.0,"key":"SMITH"},{"data":"Catalyst","floor":23.0,"key":"SMITH"},{"data":"Wraith Form v2","floor":27.0,"key":"SMITH"},{"floor":30.0,"key":"REST"},{"floor":32.0,"key":"REST"},{"floor":40.0,"key":"REST"},{"floor":46.0,"key":"REST"},{"floor":49.0,"key":"REST"}],"neow_cost":"NONE","seed_source_timestamp":14299353882392,"circlet_count":0,"master_deck":["AscendersBane","Defend_G+1","Defend_G+1","Defend_G+1","Defend_G+1","Defend_G+1","Strike_G+1","Strike_G+1","Strike_G+1","Strike_G+1","Strike_G+1","Survivor","Neutralize+1","Catalyst+1","Catalyst+1","Crippling Poison+1","Deadly Poison","Poisoned Stab","PiercingWail","Footwork","Acrobatics","Deadly Poison","PiercingWail","Wraith Form v2+1","Dagger Spray+1","Corpse Explosion","Crippling Poison","Well Laid Plans+1","Dodge and Roll","Catalyst+1","Dodge and Roll+1"],"special_seed":0,"relics":["Orrery","Meat on the Bone","Gremlin Horn","Ectoplasm","The Courier","Busted Crown","Red Mask","Tiny Chest","PreservedInsect"],"potions_floor_usage":[],"damage_taken":[{"damage":6.0,"enemies":"2 Louse","floor":1.0,"turns":3.0},{"damage":9.0,"enemies":"Jaw Worm","floor":5.0,"turns":4.0},{"damage":4.0,"enemies":"Cultist","floor":8.0,"turns":4.0},{"damage":26.0,"enemies":"Large Slime","floor":10.0,"turns":8.0},{"damage":13.0,"enemies":"2 Fungi Beasts","floor":13.0,"turns":5.0},{"damage":8.0,"enemies":"Looter","floor":14.0,"turns":4.0},{"damage":7.0,"enemies":"Hexaghost","floor":16.0,"turns":7.0},{"damage":27.0,"enemies":"Shell Parasite","floor":18.0,"turns":7.0},{"damage":8.0,"enemies":"2 Thieves","floor":19.0,"turns":5.0},{"damage":8.0,"enemies":"Snake Plant","floor":22.0,"turns":4.0},{"damage":13.0,"enemies":"Shelled Parasite and Fungi","floor":25.0,"turns":4.0},{"damage":12.0,"enemies":"3 Cultists","floor":28.0,"turns":5.0},{"damage":0.0,"enemies":"Snecko","floor":31.0,"turns":2.0},{"damage":23.0,"enemies":"Automaton","floor":33.0,"turns":11.0},{"damage":5.0,"enemies":"Orb Walker","floor":35.0,"turns":3.0},{"damage":6.0,"enemies":"3 Shapes","floor":38.0,"turns":4.0},{"damage":11.0,"enemies":"Sphere and 2 Shapes","floor":39.0,"turns":3.0},{"damage":45.0,"enemies":"Nemesis","floor":41.0,"turns":7.0},{"damage":1.0,"enemies":"Maw","floor":42.0,"turns":7.0},{"damage":11.0,"enemies":"Writhing Mass","floor":44.0,"turns":4.0},{"damage":13.0,"enemies":"Sphere and 2 Shapes","floor":47.0,"turns":5.0},{"damage":16.0,"enemies":"Spire Growth","floor":48.0,"turns":3.0},{"damage":26.0,"enemies":"Time Eater","floor":50.0,"turns":7.0},{"damage":35,"enemies":"Awakened One","floor":51,"turns":11}],"seed_played":"3344417715369804529","potions_obtained":[{"floor":5.0,"key":"FearPotion"},{"floor":10.0,"key":"PowerPotion"},{"floor":16.0,"key":"GamblersBrew"},{"floor":19.0,"key":"Poison Potion"},{"floor":25.0,"key":"EntropicBrew"},{"floor":33.0,"key":"FearPotion"},{"floor":35.0,"key":"SkillPotion"},{"floor":38.0,"key":"Block Potion"},{"floor":39.0,"key":"PowerPotion"}],"is_trial":false,"path_per_floor":["M","?","?","$","M","R","$","M","T","M","R","?","M","M","R","B",null,"M","M","?","?","M","R","?","M","T","R","M","$","R","M","R","B",null,"M","$","?","M","M","R","E","M","T","M","?","R","M","M","R","B","B"],"character_chosen":"THE_SILENT","items_purchased":["Meat on the Bone","Footwork"],"campfire_rested":5,"item_purchase_floors":[4,7],"current_hp_per_floor":[53,42,42,42,45,45,45,41,41,27,27,43,42,34,34,39,59,44,36,36,36,40,40,22,21,21,21,21,21,42,42,63,40,63,58,58,58,52,41,62,29,40,40,41,41,62,49,45,66,40,5],"gold":0,"neow_bonus":"BOSS_RELIC","is_prod":false,"is_daily":false,"chose_seed":false,"campfire_upgraded":5,"win_rate":0,"timestamp":1541344993,"path_taken":["M","?","?","$","M","R","$","M","T","?","R","?","M","M","R","BOSS","M","M","?","?","M","R","?","M","T","R","M","$","R","M","R","BOSS","M","$","?","M","M","R","E","M","T","M","?","R","?","M","R","BOSS","BOSS"],"build_version":"2018-11-02","purchased_purges":0,"victory":false,"max_hp_per_floor":[66,66,66,66,66,66,66,66,66,66,66,66,66,66,66,66,66,66,66,66,66,66,66,71,71,71,71,71,71,71,71,71,71,71,71,71,71,71,71,71,71,71,71,71,71,71,71,71,71,71,71],"card_choices":[{"not_picked":["Acrobatics","Sucker Punch"],"picked":"Catalyst","floor":0.0},{"not_picked":["Predator","Acrobatics"],"picked":"Catalyst","floor":0.0},{"not_picked":["Reflex","Dagger Spray"],"picked":"Crippling Poison","floor":0.0},{"not_picked":["Setup","Acrobatics"],"picked":"Deadly Poison","floor":0.0},{"not_picked":["Dagger Throw","Distraction"],"picked":"Poisoned Stab","floor":0.0},{"not_picked":["Heel Hook","Riddle With Holes"],"picked":"PiercingWail","floor":1.0},{"not_picked":["Sucker Punch","Bane","Slice"],"picked":"SKIP","floor":5.0},{"not_picked":["Quick Slash","Wraith Form v2","Endless Agony"],"picked":"SKIP","floor":8.0},{"not_picked":["Calculated Gamble","Accuracy"],"picked":"Acrobatics","floor":10.0},{"not_picked":["Sucker Punch","Quick Slash"],"picked":"Deadly Poison","floor":13.0},{"not_picked":["Dagger Throw","Bane"],"picked":"PiercingWail","floor":14.0},{"not_picked":["Storm of Steel","Phantasmal Killer"],"picked":"Wraith Form v2","floor":16.0},{"not_picked":["Setup","Blade Dance","Eviscerate"],"picked":"SKIP","floor":18.0},{"not_picked":["Setup","Deadly Poison"],"picked":"Dagger Spray+1","floor":19.0},{"not_picked":["Slice","Skewer","Quick Slash"],"picked":"SKIP","floor":22.0},{"not_picked":["Acrobatics","Sucker Punch","Poisoned Stab"],"picked":"SKIP","floor":25.0},{"not_picked":["Cloak And Dagger","Flying Knee+1","Sucker Punch"],"picked":"SKIP","floor":28.0},{"not_picked":["Blade Dance","Dagger Throw","Poisoned Stab"],"picked":"SKIP","floor":31.0},{"not_picked":["Malaise","Glass Knife"],"picked":"Corpse Explosion","floor":33.0},{"not_picked":[],"picked":"Crippling Poison","floor":35.0},{"not_picked":[],"picked":"Well Laid Plans+1","floor":38.0},{"not_picked":[],"picked":"Dodge and Roll","floor":39.0},{"not_picked":["Noxious Fumes"],"picked":"SKIP","floor":41.0},{"not_picked":["Cloak And Dagger"],"picked":"SKIP","floor":42.0},{"not_picked":["Predator"],"picked":"SKIP","floor":44.0},{"not_picked":[],"picked":"Dodge and Roll+1","floor":47.0},{"not_picked":["Reflex"],"picked":"SKIP","floor":48.0}],"player_experience":774718,"relics_obtained":[{"floor":9.0,"key":"Gremlin Horn"},{"floor":26.0,"key":"The Courier"},{"floor":41.0,"key":"Tiny Chest"},{"floor":43.0,"key":"PreservedInsect"}],"event_choices":[{"damage_healed":0.0,"max_hp_gain":0.0,"max_hp_loss":0.0,"gold_gain":75.0,"event_name":"World of Goop","player_choice":"Gather Gold","floor":2.0,"gold_loss":0.0,"damage_taken":11.0},{"damage_healed":0.0,"max_hp_gain":0.0,"max_hp_loss":0.0,"gold_gain":100.0,"event_name":"Wheel of Change","player_choice":"Gold","floor":3.0,"gold_loss":0.0,"damage_taken":0.0},{"damage_healed":16.0,"max_hp_gain":0.0,"max_hp_loss":0.0,"gold_gain":0.0,"event_name":"The Cleric","player_choice":"Healed","floor":12.0,"gold_loss":35.0,"damage_taken":0.0},{"damage_healed":0.0,"max_hp_gain":0.0,"max_hp_loss":0.0,"gold_gain":0.0,"event_name":"Back to Basics","player_choice":"Simplicity","floor":20.0,"gold_loss":0.0,"damage_taken":0.0,"cards_upgraded":["Defend_G","Defend_G","Defend_G","Defend_G","Defend_G","Strike_G","Strike_G","Strike_G","Strike_G","Strike_G"]},{"damage_healed":0.0,"max_hp_gain":0.0,"max_hp_loss":0.0,"gold_gain":0.0,"event_name":"Beggar","player_choice":"Ignored","floor":21.0,"gold_loss":0.0,"damage_taken":0.0},{"damage_healed":0.0,"max_hp_gain":5.0,"max_hp_loss":0.0,"gold_gain":0.0,"event_name":"Forgotten Altar","player_choice":"Shed Blood","floor":24.0,"gold_loss":0.0,"damage_taken":23.0},{"damage_healed":0.0,"max_hp_gain":0.0,"max_hp_loss":0.0,"gold_gain":0.0,"event_name":"Tomb of Lord Red Mask","player_choice":"Paid","floor":37.0,"gold_loss":17.0,"damage_taken":0.0,"relics_obtained":["Red Mask"]},{"damage_healed":0.0,"max_hp_gain":0.0,"max_hp_loss":0.0,"gold_gain":0.0,"event_name":"Duplicator","player_choice":"Copied","floor":45.0,"gold_loss":0.0,"damage_taken":0.0,"cards_obtained":["Catalyst"]}],"is_beta":true,"boss_relics":[{"not_picked":["Runic Dome","Astrolabe"],"picked":"Ectoplasm"},{"not_picked":["Black Star","Coffee Dripper"],"picked":"Busted Crown"}],"items_purged_floors":[],"is_endless":false,"potions_floor_spawned":[5,10,16,19,25,28,33,35,38,39],"killed_by":"Awakened One","ascension_level":20}