{"path_per_floor":["M","M","?","$","?","R","M","M","T","R","M","M","M","M","R","B",null,"M","?","$","?","M","R","M","R","T","M"],"character_chosen":"THE_SILENT","items_purchased":["Infinite Blades","Cloak And Dagger"],"gold_per_floor":[113,128,128,53,53,53,72,85,85,85,104,117,129,141,141,236,236,217,142,17,17,28,28,38,38,65,79,79],"floor_reached":28,"campfire_rested":2,"playtime":1188,"current_hp_per_floor":[70,70,70,70,84,84,84,76,76,76,76,74,77,79,79,42,84,66,66,66,50,29,54,11,36,36,31,0],"items_purged":["Regret"],"gold":79,"score":225,"play_id":"c2a4e622-d3ed-4f2f-bac1-c22a61d79a24","local_time":"20180331053357","is_prod":false,"is_daily":false,"is_ascension_mode":true,"campfire_upgraded":3,"timestamp":1522483437,"path_taken":["M","M","?","$","?","R","?","M","T","R","M","M","M","M","R","BOSS","M","?","$","?","?","R","M","R","T","M","E"],"build_version":"2018-03-29v2","purchased_purges":2,"victory":false,"master_deck":["Defend_G","Defend_G","Defend_G","Defend_G","Defend_G","Strike_G","Strike_G","Strike_G","Strike_G","Strike_G","Survivor+1","Neutralize","Blade Dance","Blade Dance","Noxious Fumes+1","Backflip","Accuracy+1","Tools of the Trade","Parasite","Writhe","Infinite Blades","Cloak And Dagger","Backstab+1","Regret"],"max_hp_per_floor":[70,70,70,70,84,84,84,84,84,84,84,84,84,84,84,84,84,84,84,84,84,84,84,84,84,84,84,84],"relics":["Cursed Key","Omamori","Mango","Bird Faced Urn","Calling Bell","Bronze Scales","Ginger","Art of War","Nilry\u0027s Codex","Dream Catcher"],"card_choices":[{"not_picked":["Cloak And Dagger","Dagger Throw"],"picked":"Blade Dance","floor":1},{"not_picked":["Blur","Flying Knee"],"picked":"Blade Dance","floor":2},{"not_picked":["Deflect","Dodge and Roll"],"picked":"Noxious Fumes","floor":7},{"not_picked":["Eviscerate","Dodge and Roll"],"picked":"Backflip","floor":11},{"not_picked":["Acrobatics","Underhanded Strike"],"picked":"Accuracy","floor":12},{"not_picked":["Doppelganger","Grand Finale"],"picked":"Tools of the Trade","floor":16},{"not_picked":["Sucker Punch","Outmaneuver"],"picked":"Backstab","floor":22}],"player_experience":267830,"potions_floor_usage":[8,11,16,18,24,27],"damage_taken":[{"damage":0,"enemies":"Small Slimes","floor":1,"turns":4},{"damage":0,"enemies":"Jaw Worm","floor":2,"turns":4},{"damage":0,"enemies":"Cultist","floor":7,"turns":3},{"damage":8,"enemies":"Large Slime","floor":8,"turns":6},{"damage":0,"enemies":"Lots of Slimes","floor":11,"turns":1},{"damage":4,"enemies":"Red Slaver","floor":12,"turns":4},{"damage":1,"enemies":"Exordium Thugs","floor":13,"turns":5},{"damage":2,"enemies":"Blue Slaver","floor":14,"turns":5},{"damage":41,"enemies":"Slime Boss","floor":16,"turns":10},{"damage":29,"enemies":"2 Thieves","floor":18,"turns":4},{"damage":27,"enemies":"Spheric Guardian","floor":22,"turns":5},{"damage":51,"enemies":"Chosen and Byrds","floor":24,"turns":7},{"damage":13,"enemies":"Snecko","floor":27,"turns":5},{"damage":32,"enemies":"Slavers","floor":28,"turns":1}],"event_choices":[{"event_name":"Big Fish","player_choice":"Box","floor":3,"damage_taken":0},{"event_name":"Accursed Blacksmith","player_choice":"Rummage","floor":5,"damage_taken":0},{"event_name":"Beggar","player_choice":"Gave Gold","floor":19,"damage_taken":0},{"event_name":"Cursed Tome","player_choice":"Obtained Book","floor":21,"damage_taken":0}],"boss_relics":[{"not_picked":["White Beast Statue","Sozu"],"picked":"Calling Bell"}],"potions_floor_spawned":[7,8,11,16,18],"seed_played":"-7922436677033318087","killed_by":"Slavers","ascension_level":1,"is_trial":false}