{"path_per_floor":["M","?","?","?","$","E","$","R","T","R","E","M","?","$","R","B",null,"M","?","M","M","$","R","M","R","T","M","E","R","$","M","R"],"character_chosen":"THE_SILENT","items_purchased":[],"gold_per_floor":[114,114,114,114,39,69,69,69,69,69,99,114,114,14,14,114,114,129,129,144,159,59,59,74,74,124,139,169,169,49,64,64,64],"floor_reached":33,"campfire_rested":6,"playtime":1536,"current_hp_per_floor":[62,48,48,45,45,45,45,66,66,66,30,30,30,30,51,45,70,62,62,49,40,40,70,32,68,68,59,35,70,70,58,70,0],"items_purged":["Wraith Form","Setup","Crippling Poison","Doppelganger"],"gold":64,"score":321,"play_id":"edda92eb-101e-43bd-b419-f4ed30a3366c","local_time":"20180408070755","daily_mods":["Insanity","Elite Swarm","Vintage"],"is_prod":false,"is_daily":true,"is_ascension_mode":false,"campfire_upgraded":1,"timestamp":1523180275,"path_taken":["M","?","?","?","$","E","$","R","T","R","E","?","?","?","R","BOSS","M","?","M","M","$","R","M","R","T","M","E","R","$","M","R","BOSS"],"build_version":"2018-04-05v2","purchased_purges":4,"victory":false,"master_deck":["Bouncing Flask","Backstab+1","Terror","Quick Slash+1","Corpse Explosion","Dash","Burst","Tactician","Neutralize","Wraith Form","Finisher+1","Dash","Acrobatics","Reflex","Blade Dance","Accuracy","Skewer","Malaise","Night Terror","Bane","Adrenaline","Reflex","Bouncing Flask","Cloak And Dagger","Outmaneuver","Deadly Poison","Noxious Fumes","Dagger Spray+1","Unload","Noxious Fumes","Blade Dance","Poisoned Stab","Outmaneuver","Flechettes+1","Accuracy","Accuracy","Dodge and Roll","Poisoned Stab","Doppelganger","Bouncing Flask","Storm of Steel","Noxious Fumes","Eviscerate+1","Riddle With Holes+1","Bane+1"],"max_hp_per_floor":[70,70,70,70,70,70,70,70,70,70,70,70,70,70,70,70,70,70,70,70,70,70,70,70,70,70,70,70,70,70,70,70,70],"relics":["Ring of the Snake","Blue Candle","Snake Skull","Anchor","Darkstone Periapt","Ornamental Fan","Pantograph","The Courier","Astrolabe","Mummified Hand","Frozen Egg 2","Regal Pillow","Bag of Marbles","Whetstone","Dodecahedron","Vajra","Lantern"],"card_choices":[],"player_experience":317598,"potions_floor_usage":[18,21,24],"damage_taken":[{"damage":8,"enemies":"Jaw Worm","floor":1,"turns":2},{"damage":0,"enemies":"Gremlin Nob","floor":6,"turns":3},{"damage":36,"enemies":"Lagavulin","floor":11,"turns":5},{"damage":0,"enemies":"Small Slimes","floor":12,"turns":2},{"damage":25,"enemies":"The Guardian","floor":16,"turns":8},{"damage":8,"enemies":"Spheric Guardian","floor":18,"turns":5},{"damage":13,"enemies":"3 Byrds","floor":20,"turns":4},{"damage":9,"enemies":"Centurion and Healer","floor":21,"turns":4},{"damage":38,"enemies":"3 Cultists","floor":24,"turns":5},{"damage":9,"enemies":"Snake Plant","floor":27,"turns":3},{"damage":24,"enemies":"Slavers","floor":28,"turns":6},{"damage":12,"enemies":"Centurion and Healer","floor":31,"turns":4},{"damage":70,"enemies":"Champ","floor":33,"turns":8}],"event_choices":[{"event_name":"Shining Light","player_choice":"Entered Light","floor":2,"damage_taken":0},{"event_name":"Purifier","player_choice":"One Purge","floor":3,"damage_taken":0},{"event_name":"Scrap Ooze","player_choice":"success","floor":4,"damage_taken":3},{"event_name":"Accursed Blacksmith","player_choice":"Ignore","floor":13,"damage_taken":0},{"event_name":"Vampires","player_choice":"Ignored","floor":19,"damage_taken":0}],"boss_relics":[{"not_picked":["Velvet Choker","Philosopher\u0027s Stone"],"picked":"Astrolabe"}],"potions_floor_spawned":[11,16,18,21,24],"seed_played":"751993229486629799","killed_by":"Champ","ascension_level":0,"is_trial":false}