{"path_per_floor":["M","$","M","?","M","E","R","$","T","?","M","M","?","M","R","B",null,"M","$","M","?","M","R"],"character_chosen":"DEFECT","items_purchased":["Apotheosis","All For One","Gash","Go for the Eyes","Multi-Cast"],"gold_per_floor":[444,9,28,28,40,69,69,47,47,47,58,71,128,146,146,243,243,256,39,54,54,72,72,72],"floor_reached":24,"campfire_rested":3,"playtime":1499,"item_purchase_floors":[2,2,2,8,19],"current_hp_per_floor":[67,67,67,52,57,33,57,57,57,50,47,44,28,10,34,41,80,73,73,75,75,43,67,0],"items_purged":["Normality"],"gold":72,"score":208,"play_id":"3bd4d64f-a1ec-46ce-9819-53be63ee0a22","local_time":"20180521050419","is_prod":false,"is_daily":false,"chose_seed":false,"is_ascension_mode":true,"campfire_upgraded":0,"timestamp":1526888059,"campfire_choices":[{"floor":7,"key":"REST"},{"floor":15,"key":"REST"},{"floor":23,"key":"REST"}],"path_taken":["M","$","M","?","M","E","R","$","T","?","M","M","?","M","R","BOSS","M","$","M","?","?","R","E"],"build_version":"2018-05-18","seed_source_timestamp":436424312138025,"purchased_purges":1,"victory":false,"master_deck":["Strike_B","Strike_B","Strike_B+1","Strike_B","Defend_B","Defend_B","Defend_B","Defend_B","Zap","Dualcast","Regret","Decay","Ball Lightning","Apotheosis","All For One","Gash+1","Streamline","Steam","Doom and Gloom","Go for the Eyes","Reboot","Turbo","Buffer+1","Doom and Gloom","Multi-Cast","Writhe","Genetic Algorithm+1"],"max_hp_per_floor":[75,75,75,75,80,80,80,80,80,80,80,80,80,80,80,80,80,80,80,80,80,80,80,80],"relics":["Calling Bell","Tiny Chest","Toolbox","Old Coin","Shuriken","Frozen Egg 2","Blood Vial","Peace Pipe","Cursed Key","Centennial Puzzle"],"card_choices":[{"not_picked":["FTL","Capacitor"],"picked":"Ball Lightning","floor":1},{"not_picked":["Force Field","Hologram"],"picked":"Streamline","floor":3},{"not_picked":["Stack","Sweeping Beam"],"picked":"Steam","floor":5},{"not_picked":["Loop","Axe Kick"],"picked":"Doom and Gloom","floor":6},{"not_picked":["Conserve Battery","Cold Snap"],"picked":"Reboot","floor":11},{"not_picked":["Beam Cell","Hologram"],"picked":"Turbo","floor":12},{"not_picked":["Streamline","Hologram","Coolheaded"],"picked":"SKIP","floor":14},{"not_picked":["Biased Cognition+1","Echo Form+1"],"picked":"Buffer+1","floor":16},{"not_picked":["Capacitor+1","Rebound"],"picked":"Doom and Gloom","floor":18},{"not_picked":["Ball Lightning+1","Storm+1","Hologram"],"picked":"SKIP","floor":20},{"not_picked":["Rebound+1","Go for the Eyes"],"picked":"Genetic Algorithm+1","floor":22}],"player_experience":443507,"potions_floor_usage":[5,6,12,14,16],"damage_taken":[{"damage":8,"enemies":"2 Louse","floor":1,"turns":4},{"damage":0,"enemies":"Small Slimes","floor":3,"turns":3},{"damage":0,"enemies":"Cultist","floor":5,"turns":3},{"damage":24,"enemies":"Lagavulin","floor":6,"turns":7},{"damage":5,"enemies":"Blue Slaver","floor":11,"turns":3},{"damage":5,"enemies":"2 Fungi Beasts","floor":12,"turns":2},{"damage":18,"enemies":"3 Sentries","floor":13,"turns":6},{"damage":20,"enemies":"3 Louse","floor":14,"turns":2},{"damage":7,"enemies":"Slime Boss","floor":16,"turns":4},{"damage":7,"enemies":"Shell Parasite","floor":18,"turns":5},{"damage":0,"enemies":"Chosen","floor":20,"turns":4},{"damage":34,"enemies":"Snecko","floor":22,"turns":5},{"damage":80,"enemies":"Slavers","floor":24,"turns":5}],"relics_obtained":[{"floor":0,"key":"Tiny Chest"},{"floor":0,"key":"Toolbox"},{"floor":0,"key":"Old Coin"},{"floor":6,"key":"Shuriken"},{"floor":9,"key":"Frozen Egg 2"},{"floor":13,"key":"Peace Pipe"}],"event_choices":[{"event_name":"Shining Light","player_choice":"Entered Light","floor":4,"damage_taken":0},{"event_name":"Scrap Ooze","player_choice":"success","floor":10,"damage_taken":7},{"event_name":"Dead Adventurer","player_choice":"Searched \u00272\u0027 times","floor":13,"damage_taken":0},{"event_name":"The Mausoleum","player_choice":"Yes","floor":21,"damage_taken":0}],"boss_relics":[{"not_picked":["Eternal Feather","Ectoplasm"],"picked":"Cursed Key"}],"items_purged_floors":[19],"potions_floor_spawned":[1,3,11,13,14],"seed_played":"9090748860013889275","killed_by":"Slavers","ascension_level":1,"potions_obtained":[{"floor":1,"key":"Fruit Juice"},{"floor":3,"key":"Weak Potion"},{"floor":11,"key":"Fire Potion"},{"floor":13,"key":"Block Potion"},{"floor":14,"key":"Regen Potion"}],"is_trial":false}