{"gold_per_floor":[12,23,198,87,101,101,128,155,178,178,209,268,268],"floor_reached":13,"playtime":403,"items_purged":["Doubt"],"score":141,"play_id":"e5e5b64c-64fd-412f-babe-8efcaaee46f1","local_time":"20190202083427","is_ascension_mode":true,"campfire_choices":[{"data":"Dual Wield","floor":6,"key":"SMITH"},{"data":"Double Tap","floor":10,"key":"SMITH"}],"neow_cost":"NO_GOLD","seed_source_timestamp":64363856386084,"circlet_count":0,"master_deck":["AscendersBane","Strike_R","Strike_R","Strike_R","Strike_R","Strike_R","Defend_R","Defend_R","Defend_R","Defend_R","Bash","Double Tap+1","Clothesline","Headbutt","Metallicize","Dual Wield+1","Spot Weakness"],"relics":["Burning Blood","Bronze Scales","Vajra","Meat on the Bone"],"potions_floor_usage":[8,8],"damage_taken":[{"damage":10,"enemies":"Small Slimes","floor":1,"turns":3},{"damage":6,"enemies":"Jaw Worm","floor":2,"turns":4},{"damage":0,"enemies":"2 Louse","floor":5,"turns":2},{"damage":42,"enemies":"Lagavulin","floor":8,"turns":6},{"damage":26,"enemies":"Gremlin Nob","floor":11,"turns":4},{"damage":48,"enemies":"Lagavulin","floor":13,"turns":8}],"seed_played":"3589493110707528574","potions_obtained":[{"floor":2,"key":"Regen Potion"},{"floor":5,"key":"BloodPotion"},{"floor":11,"key":"LiquidBronze"}],"is_trial":false,"path_per_floor":["M","M","?","$","M","R","T","E","T","R","E","?","E"],"character_chosen":"IRONCLAD","items_purchased":["Metallicize"],"campfire_rested":0,"item_purchase_floors":[4],"current_hp_per_floor":[68,68,68,68,74,74,74,58,58,58,38,38,0],"gold":268,"neow_bonus":"THREE_RARE_CARDS","is_prod":false,"is_daily":false,"chose_seed":false,"campfire_upgraded":2,"win_rate":0,"timestamp":1549089267,"path_taken":["M","M","?","$","M","R","?","E","T","R","E","?","E"],"build_version":"2019-01-23","purchased_purges":1,"victory":false,"max_hp_per_floor":[80,80,80,80,80,80,80,80,80,80,80,80,80],"card_choices":[{"not_picked":["Brutality","Juggernaut"],"picked":"Double Tap","floor":0},{"not_picked":["Thunderclap","Corruption"],"picked":"Clothesline","floor":1},{"not_picked":["Heavy Blade","Sever Soul"],"picked":"Headbutt","floor":2},{"not_picked":["Sword Boomerang","Thunderclap"],"picked":"Dual Wield","floor":5},{"not_picked":["Rage","Brutality","Twin Strike"],"picked":"SKIP","floor":8},{"not_picked":["Juggernaut","Seeing Red"],"picked":"Spot Weakness","floor":11}],"player_experience":700648,"relics_obtained":[{"floor":8,"key":"Bronze Scales"},{"floor":9,"key":"Vajra"},{"floor":11,"key":"Meat on the Bone"}],"event_choices":[{"damage_healed":0,"gold_gain":175,"player_choice":"AGREE","damage_taken":0,"max_hp_gain":0,"max_hp_loss":0,"event_name":"Liars Game","floor":3,"gold_loss":0,"cards_obtained":["Doubt"]},{"damage_healed":0,"gold_gain":59,"player_choice":"Gained Gold","damage_taken":0,"max_hp_gain":0,"max_hp_loss":0,"event_name":"Golden Wing","floor":12,"gold_loss":0}],"is_beta":false,"boss_relics":[],"items_purged_floors":[4],"is_endless":false,"potions_floor_spawned":[2,5,11],"killed_by":"Lagavulin","ascension_level":11}