{"gold_per_floor":[214,231,251,269,116,116,148,148,148,161,161,186,186,198,198,297,297,316,316,40,52,52,52,72,97,97,112,112,141,155,155,155,155],"floor_reached":33,"playtime":1914,"items_purged":["Strike_G"],"score":500,"play_id":"c70bbb9f-651e-404a-aff2-c8e1517f73ba","local_time":"20190125140857","is_ascension_mode":true,"campfire_choices":[{"data":"Neutralize","floor":6.0,"key":"SMITH"},{"data":"Caltrops","floor":8.0,"key":"SMITH"},{"data":"Sucker Punch","floor":11.0,"key":"SMITH"},{"data":"Noxious Fumes","floor":13.0,"key":"SMITH"},{"data":"Cloak And Dagger","floor":15.0,"key":"SMITH"},{"data":"After Image","floor":23.0,"key":"SMITH"},{"floor":28.0,"key":"REST"},{"floor":32,"key":"REST"}],"neow_cost":"NONE","seed_source_timestamp":7436321142046,"circlet_count":0,"master_deck":["AscendersBane","Defend_G","Defend_G","Defend_G","Defend_G","Defend_G","Strike_G","Strike_G","Strike_G","Strike_G","Survivor","Neutralize+1","Terror","Flying Knee","Caltrops+1","Cloak And Dagger+1","Sucker Punch+1","Poisoned Stab","Noxious Fumes+1","Finisher","Backflip","After Image+1","Blade Dance+1","Cloak And Dagger","Endless Agony","Corpse Explosion","PiercingWail+1","Envenom","Slice+1","Ghostly","Ghostly","Ghostly","Ghostly","Ghostly"],"special_seed":0,"relics":["Ring of the Serpent","Dodecahedron","Paper Crane","Shuriken","Bag of Preparation","Molten Egg 2","Matryoshka","Juzu Bracelet"],"potions_floor_usage":[30],"damage_taken":[{"damage":0.0,"enemies":"Small Slimes","floor":1.0,"turns":3.0},{"damage":0.0,"enemies":"2 Louse","floor":2.0,"turns":3.0},{"damage":5.0,"enemies":"Cultist","floor":3.0,"turns":5.0},{"damage":5.0,"enemies":"3 Louse","floor":4.0,"turns":4.0},{"damage":14.0,"enemies":"Lagavulin","floor":7.0,"turns":7.0},{"damage":6.0,"enemies":"Looter","floor":10.0,"turns":4.0},{"damage":20.0,"enemies":"Gremlin Nob","floor":12.0,"turns":4.0},{"damage":0.0,"enemies":"2 Fungi Beasts","floor":14.0,"turns":4.0},{"damage":4.0,"enemies":"Hexaghost","floor":16.0,"turns":7.0},{"damage":0.0,"enemies":"3 Byrds","floor":18.0,"turns":4.0},{"damage":4.0,"enemies":"Spheric Guardian","floor":21.0,"turns":4.0},{"damage":7.0,"enemies":"Shelled Parasite and Fungi","floor":24.0,"turns":5.0},{"damage":11.0,"enemies":"Gremlin Leader","floor":25.0,"turns":4.0},{"damage":31.0,"enemies":"Sentry and Sphere","floor":27.0,"turns":6.0},{"damage":17.0,"enemies":"Book of Stabbing","floor":29.0,"turns":6.0},{"damage":4,"enemies":"Snake Plant","floor":30,"turns":4},{"damage":19,"enemies":"Collector","floor":33,"turns":8}],"seed_played":"7427121528321730898","potions_obtained":[{"floor":2.0,"key":"LiquidBronze"},{"floor":3.0,"key":"Regen Potion"},{"floor":7.0,"key":"FearPotion"},{"floor":14.0,"key":"GhostInAJar"},{"floor":16.0,"key":"SpeedPotion"},{"floor":21.0,"key":"Poison Potion"},{"floor":24.0,"key":"FearPotion"},{"floor":27.0,"key":"SkillPotion"}],"is_trial":false,"path_per_floor":["M","M","M","M","$","R","E","R","T","M","R","E","R","M","R","B",null,"M","?","$","M","$","R","M","E","T","M","R","E","M","?","R","B"],"character_chosen":"THE_SILENT","items_purchased":["Cloak And Dagger","Sucker Punch","Bag of Preparation","Cloak And Dagger","Endless Agony"],"campfire_rested":2,"item_purchase_floors":[5,5,20,20,20],"current_hp_per_floor":[63,63,58,53,53,53,51,51,51,45,45,25,25,25,25,21,58,58,58,58,54,54,54,47,36,36,5,26,9,5,5,15,0],"gold":155,"neow_bonus":"HUNDRED_GOLD","is_prod":false,"is_daily":false,"chose_seed":false,"campfire_upgraded":6,"win_rate":0,"timestamp":1548421737,"path_taken":["M","M","M","M","$","R","E","R","T","M","R","E","R","M","R","BOSS","M","?","$","M","$","R","M","E","T","M","R","E","M","?","R","BOSS"],"build_version":"2019-01-23","purchased_purges":1,"victory":false,"max_hp_per_floor":[70,70,70,70,70,70,70,70,70,70,70,70,70,70,70,70,70,70,70,70,70,70,70,70,70,70,70,70,70,70,35,35,35],"card_choices":[{"not_picked":["Blade Dance","Prepared"],"picked":"Terror","floor":1.0},{"not_picked":["Deflect","Prepared"],"picked":"Flying Knee","floor":2.0},{"not_picked":["Blade Dance","Masterful Stab","Slice"],"picked":"SKIP","floor":3.0},{"not_picked":["Choke","Acrobatics"],"picked":"Caltrops","floor":4.0},{"not_picked":["Setup","A Thousand Cuts"],"picked":"Poisoned Stab","floor":7.0},{"not_picked":["Flechettes","Poisoned Stab"],"picked":"Noxious Fumes","floor":10.0},{"not_picked":["Backflip","Tools of the Trade"],"picked":"Finisher","floor":12.0},{"not_picked":["Poisoned Stab","Accuracy"],"picked":"Backflip","floor":14.0},{"not_picked":["A Thousand Cuts","Storm of Steel"],"picked":"After Image","floor":16.0},{"not_picked":["Poisoned Stab","Eviscerate"],"picked":"Blade Dance+1","floor":18.0},{"not_picked":["Endless Agony","Finisher","Flechettes"],"picked":"SKIP","floor":21.0},{"not_picked":["Noxious Fumes","Flechettes","Quick Slash"],"picked":"SKIP","floor":24.0},{"not_picked":["Predator","Choke"],"picked":"Corpse Explosion","floor":25.0},{"not_picked":["Acrobatics","Concentrate"],"picked":"PiercingWail+1","floor":27.0},{"not_picked":["Concentrate","Dodge and Roll"],"picked":"Envenom","floor":29.0},{"not_picked":["Deadly Poison","Quick Slash+1"],"picked":"Slice+1","floor":30}],"player_experience":377237,"relics_obtained":[{"floor":7.0,"key":"Dodecahedron"},{"floor":9.0,"key":"Paper Crane"},{"floor":12.0,"key":"Shuriken"},{"floor":25.0,"key":"Molten Egg 2"},{"floor":26.0,"key":"Matryoshka"},{"floor":29.0,"key":"Juzu Bracelet"}],"event_choices":[{"damage_healed":0.0,"max_hp_gain":0.0,"max_hp_loss":0.0,"gold_gain":0.0,"event_name":"Vampires","player_choice":"Ignored","floor":19.0,"gold_loss":0.0,"damage_taken":0.0},{"damage_healed":0,"gold_gain":0,"player_choice":"Became a Ghost","damage_taken":0,"max_hp_gain":0,"max_hp_loss":35,"event_name":"Ghosts","floor":31,"gold_loss":0,"cards_obtained":["Ghostly","Ghostly","Ghostly","Ghostly","Ghostly"]}],"is_beta":false,"boss_relics":[{"not_picked":["White Beast Statue","Runic Dome"],"picked":"Ring of the Serpent"}],"items_purged_floors":[5],"is_endless":false,"potions_floor_spawned":[2,3,7,12,14,16,21,24,27],"killed_by":"Collector","ascension_level":12}