{"gold_per_floor":[217,229,28,28,44,71,71,105,105,105,124,137,150,150,150,228,228,239,239,239,28,48,48,81,96,121,141,41,41,74,86,86,163,163,175,191,203,214,230,230,263,263,263,282,308,308,363,382,382,382],"floor_reached":51,"playtime":5481,"items_purged":["Strike_G","Strike_G"],"score":1357,"play_id":"cce9caa7-78cb-4661-8ee5-d3cbc2508a61","local_time":"20190130193525","is_ascension_mode":true,"campfire_choices":[{"data":"Glass Knife","floor":7.0,"key":"SMITH"},{"data":"Neutralize","floor":10.0,"key":"SMITH"},{"floor":15.0,"key":"REST"},{"data":"Footwork","floor":23.0,"key":"SMITH"},{"floor":29.0,"key":"REST"},{"floor":32.0,"key":"REST"},{"data":"Calculated Gamble","floor":40.0,"key":"SMITH"},{"data":"Reflex","floor":42.0,"key":"SMITH"},{"data":"Calculated Gamble","floor":46.0,"key":"SMITH"},{"floor":49,"key":"REST"}],"neow_cost":"NONE","seed_source_timestamp":173277398402993,"circlet_count":0,"master_deck":["AscendersBane","Defend_G","Defend_G","Defend_G","Defend_G","Defend_G","Strike_G","Strike_G+1","Survivor","Neutralize+1","Quick Slash","Glass Knife+1","Terror","Backstab","Crippling Poison+1","Dagger Throw","PiercingWail","Dagger Spray","Backstab","Footwork+1","Die Die Die","Reflex+1","Blur","Storm of Steel","Concentrate","Backflip","Cloak And Dagger","Acrobatics","Blur+1","Backstab","Calculated Gamble+1","Tools of the Trade","Well Laid Plans","PiercingWail","Calculated Gamble+1","Cloak And Dagger+1","Prepared+1","Backflip","Tactician","After Image","Predator","Acrobatics","Reflex"],"special_seed":0,"relics":["Ring of the Snake","Prayer Wheel","Tough Bandages","StoneCalendar","Sozu","MutagenicStrength","Happy Flower","Bag of Marbles","Bag of Preparation","Orrery","Pear","Ninja Scroll","Juzu Bracelet","Peace Pipe"],"potions_floor_usage":[],"damage_taken":[{"damage":1.0,"enemies":"2 Louse","floor":1.0,"turns":4.0},{"damage":2.0,"enemies":"Small Slimes","floor":2.0,"turns":5.0},{"damage":2.0,"enemies":"Jaw Worm","floor":5.0,"turns":4.0},{"damage":13.0,"enemies":"Gremlin Nob","floor":6.0,"turns":3.0},{"damage":7.0,"enemies":"Lagavulin","floor":8.0,"turns":5.0},{"damage":0.0,"enemies":"Red Slaver","floor":11.0,"turns":1.0},{"damage":0.0,"enemies":"Gremlin Gang","floor":12.0,"turns":4.0},{"damage":2.0,"enemies":"Blue Slaver","floor":13.0,"turns":2.0},{"damage":4.0,"enemies":"Slime Boss","floor":16.0,"turns":7.0},{"damage":0.0,"enemies":"Chosen","floor":18.0,"turns":3.0},{"damage":0.0,"enemies":"Spheric Guardian","floor":22.0,"turns":3.0},{"damage":17.0,"enemies":"Book of Stabbing","floor":24.0,"turns":6.0},{"damage":5.0,"enemies":"Snecko","floor":25.0,"turns":3.0},{"damage":4.0,"enemies":"Centurion and Healer","floor":27.0,"turns":6.0},{"damage":20.0,"enemies":"Gremlin Leader","floor":30.0,"turns":7.0},{"damage":7.0,"enemies":"Snake Plant","floor":31.0,"turns":3.0},{"damage":29.0,"enemies":"Champ","floor":33.0,"turns":16.0},{"damage":0.0,"enemies":"3 Darklings","floor":35.0,"turns":2.0},{"damage":0.0,"enemies":"Orb Walker","floor":36.0,"turns":1.0},{"damage":3.0,"enemies":"Spire Growth","floor":37.0,"turns":4.0},{"damage":4.0,"enemies":"4 Shapes","floor":38.0,"turns":7.0},{"damage":0.0,"enemies":"Jaw Worm Horde","floor":39.0,"turns":3.0},{"damage":0.0,"enemies":"Giant Head","floor":41.0,"turns":9.0},{"damage":7.0,"enemies":"3 Darklings","floor":44.0,"turns":4.0},{"damage":0.0,"enemies":"Nemesis","floor":45.0,"turns":5.0},{"damage":13.0,"enemies":"2 Orb Walkers","floor":47.0,"turns":3.0},{"damage":10,"enemies":"Writhing Mass","floor":48,"turns":7},{"damage":26,"enemies":"Donu and Deca","floor":50,"turns":17}],"seed_played":"3828022730200759399","potions_obtained":[{"floor":6.0,"key":"Poison Potion"},{"floor":8.0,"key":"SpeedPotion"},{"floor":12.0,"key":"Swift Potion"},{"floor":13.0,"key":"AttackPotion"},{"floor":16.0,"key":"SneckoOil"}],"is_trial":false,"path_per_floor":["M","M","$","?","M","E","R","E","T","R","M","M","M","?","R","B",null,"M","?","?","$","M","R","E","M","T","M","$","R","E","M","R","B",null,"M","M","M","M","M","R","E","R","T","M","E","R","?","M","R","B",null],"character_chosen":"THE_SILENT","items_purchased":["Glass Knife","Terror","Storm of Steel"],"campfire_rested":4,"item_purchase_floors":[3,3,21],"current_hp_per_floor":[58,56,56,49,47,34,34,27,27,27,27,27,25,5,24,20,55,55,55,55,55,55,55,38,33,33,29,29,48,28,21,40,11,52,52,52,49,45,45,45,55,55,55,48,48,48,35,25,47,21],"gold":382,"neow_bonus":"HUNDRED_GOLD","is_prod":false,"is_daily":false,"chose_seed":false,"campfire_upgraded":6,"win_rate":0,"timestamp":1548873325,"path_taken":["M","M","$","?","M","E","R","E","T","R","M","M","M","?","R","BOSS","M","?","?","?","?","R","E","M","T","M","$","R","E","M","R","BOSS","M","?","M","M","M","R","E","R","T","M","E","R","?","M","R","BOSS"],"build_version":"2019-01-23","purchased_purges":2,"victory":true,"max_hp_per_floor":[66,66,66,66,66,66,66,66,66,66,66,66,66,66,66,66,66,66,66,66,66,66,66,66,66,66,66,66,66,66,66,66,66,66,66,66,66,66,66,66,76,76,76,76,76,76,76,76,76,76],"card_choices":[{"not_picked":["Escape Plan","Bane"],"picked":"Quick Slash","floor":1.0},{"not_picked":["Bane","Deflect","Reflex"],"picked":"SKIP","floor":2.0},{"not_picked":["Predator","Flying Knee"],"picked":"Backstab","floor":5.0},{"not_picked":["Backflip","Envenom"],"picked":"Crippling Poison","floor":6.0},{"not_picked":["Bane","Dagger Throw","Catalyst"],"picked":"SKIP","floor":8.0},{"not_picked":["Flying Knee","Deflect"],"picked":"Dagger Throw","floor":11.0},{"not_picked":["Riddle With Holes","Dagger Spray"],"picked":"PiercingWail","floor":11.0},{"not_picked":["Slice","Tactician"],"picked":"Dagger Spray","floor":12.0},{"not_picked":["Acrobatics","Reflex"],"picked":"Backstab","floor":12.0},{"not_picked":["Predator","Sucker Punch"],"picked":"Footwork","floor":13.0},{"not_picked":["Sucker Punch","Terror","Doppelganger"],"picked":"SKIP","floor":13.0},{"not_picked":["Tools of the Trade","Venomology"],"picked":"Die Die Die","floor":16.0},{"not_picked":["Blur","Catalyst"],"picked":"Reflex","floor":18.0},{"not_picked":["Blade Dance","Underhanded Strike"],"picked":"Blur","floor":18.0},{"not_picked":["Grand Finale","Tactician"],"picked":"Concentrate","floor":22.0},{"not_picked":["Poisoned Stab","Finisher","Tactician"],"picked":"SKIP","floor":22.0},{"not_picked":["Slice","Masterful Stab"],"picked":"Backflip","floor":24.0},{"not_picked":["Outmaneuver","Poisoned Stab"],"picked":"Cloak And Dagger","floor":25.0},{"not_picked":["Blade Dance","Reflex+1"],"picked":"Acrobatics","floor":25.0},{"not_picked":["Sucker Punch+1","Deadly Poison","Catalyst"],"picked":"SKIP","floor":27.0},{"not_picked":["Outmaneuver+1","Poisoned Stab","Bane"],"picked":"SKIP","floor":27.0},{"not_picked":["Quick Slash","Reflex"],"picked":"Blur+1","floor":30.0},{"not_picked":["Backflip","Outmaneuver"],"picked":"Backstab","floor":31.0},{"not_picked":["Corpse Explosion","Deadly Poison+1"],"picked":"Calculated Gamble","floor":31.0},{"not_picked":["After Image","Venomology"],"picked":"Tools of the Trade","floor":33.0},{"not_picked":["Burst","Blade Dance"],"picked":"Well Laid Plans","floor":34.0},{"not_picked":["Quick Slash","Skewer"],"picked":"PiercingWail","floor":34.0},{"not_picked":["Heel Hook","Underhanded Strike"],"picked":"Calculated Gamble","floor":34.0},{"not_picked":["Terror","Quick Slash+1"],"picked":"Cloak And Dagger+1","floor":34.0},{"not_picked":["Deflect+1","Catalyst","Venomology"],"picked":"SKIP","floor":35.0},{"not_picked":["Sucker Punch+1","Setup","Outmaneuver+1"],"picked":"SKIP","floor":35.0},{"not_picked":["Masterful Stab+1","Bane"],"picked":"Prepared+1","floor":36.0},{"not_picked":["Catalyst","Sucker Punch","Underhanded Strike"],"picked":"SKIP","floor":36.0},{"not_picked":["Distraction","Terror","Dash"],"picked":"SKIP","floor":37.0},{"not_picked":["Dash","Finisher","Setup"],"picked":"SKIP","floor":37.0},{"not_picked":["All Out Attack","Distraction"],"picked":"Backflip","floor":38.0},{"not_picked":["Blur","Heel Hook+1"],"picked":"Tactician","floor":38.0},{"not_picked":["Quick Slash","Setup+1"],"picked":"After Image","floor":39.0},{"not_picked":["Riddle With Holes","Flying Knee","Sucker Punch"],"picked":"SKIP","floor":39.0},{"not_picked":["Riddle With Holes","Doppelganger","Dodge and Roll"],"picked":"SKIP","floor":41.0},{"not_picked":["Bane","Calculated Gamble"],"picked":"Predator","floor":44.0},{"not_picked":["Poisoned Stab","Flying Knee"],"picked":"Acrobatics","floor":44.0},{"not_picked":["Endless Agony","Bane+1","Finisher"],"picked":"SKIP","floor":45.0},{"not_picked":["Slice","Prepared"],"picked":"Reflex","floor":48},{"not_picked":["Deadly Poison","Dodge and Roll","Bane"],"picked":"SKIP","floor":48}],"player_experience":398281,"relics_obtained":[{"floor":6.0,"key":"Prayer Wheel"},{"floor":8.0,"key":"Tough Bandages"},{"floor":9.0,"key":"StoneCalendar"},{"floor":24.0,"key":"Happy Flower"},{"floor":26.0,"key":"Bag of Marbles"},{"floor":30.0,"key":"Bag of Preparation"},{"floor":41.0,"key":"Pear"},{"floor":43.0,"key":"Ninja Scroll"},{"floor":45.0,"key":"Juzu Bracelet"},{"floor":47.0,"key":"Peace Pipe"}],"event_choices":[{"cards_removed":["Strike_G"],"damage_healed":0.0,"max_hp_gain":0.0,"max_hp_loss":0.0,"gold_gain":0.0,"event_name":"Golden Wing","player_choice":"Card Removal","floor":4.0,"gold_loss":0.0,"damage_taken":7.0},{"damage_healed":0.0,"max_hp_gain":0.0,"max_hp_loss":0.0,"gold_gain":0.0,"event_name":"Shining Light","player_choice":"Entered Light","floor":14.0,"gold_loss":0.0,"damage_taken":20.0,"cards_upgraded":["Strike_G","Crippling Poison"]},{"damage_healed":0.0,"max_hp_gain":0.0,"max_hp_loss":0.0,"gold_gain":0.0,"event_name":"Ghosts","player_choice":"Ignored","floor":19.0,"gold_loss":0.0,"damage_taken":0.0},{"damage_healed":0.0,"max_hp_gain":0.0,"max_hp_loss":0.0,"gold_gain":0.0,"event_name":"Drug Dealer","player_choice":"Inject Mutagens","floor":20.0,"gold_loss":0.0,"damage_taken":0.0,"relics_obtained":["MutagenicStrength"]},{"damage_healed":0.0,"max_hp_gain":0.0,"max_hp_loss":0.0,"gold_gain":0.0,"event_name":"Mysterious Sphere","player_choice":"Fight","floor":47.0,"gold_loss":0.0,"damage_taken":0.0}],"is_beta":false,"boss_relics":[{"not_picked":["Black Star","HoveringKite"],"picked":"Sozu"},{"not_picked":["Empty Cage","Busted Crown"],"picked":"Orrery"}],"items_purged_floors":[21,28],"is_endless":false,"potions_floor_spawned":[6,8,11,12,13,16,18,24,30,33,36,39,44,47],"ascension_level":15}