{"gold_per_floor":[110,120,120,136,156,156,167,167,213,213,243,243],"floor_reached":12,"playtime":301,"items_purged":[],"score":116,"play_id":"a76fbfa3-9736-437e-be93-82a38c8dbd2d","local_time":"20190224130803","is_ascension_mode":true,"campfire_choices":[{"data":"Crippling Poison","floor":6,"key":"SMITH"},{"data":"Blind","floor":8,"key":"SMITH"},{"data":"Phantasmal Killer","floor":10,"key":"SMITH"}],"neow_cost":"NONE","seed_source_timestamp":219567758196367,"circlet_count":0,"master_deck":["Defend_G","Defend_G","Defend_G","Defend_G","Defend_G","Strike_G","Strike_G","Strike_G","Strike_G","Strike_G","Survivor","Neutralize","Crippling Poison+1","Dodge and Roll","Phantasmal Killer+1","Blind+1","Deadly Poison","Poisoned Stab","Escape Plan","Escape Plan","Flying Knee"],"relics":["Velvet Choker","Centennial Puzzle","Bottled Flame"],"potions_floor_usage":[5],"damage_taken":[{"damage":2,"enemies":"Small Slimes","floor":1,"turns":4},{"damage":0,"enemies":"Cultist","floor":2,"turns":4},{"damage":0,"enemies":"Jaw Worm","floor":4,"turns":4},{"damage":3,"enemies":"Exordium Thugs","floor":5,"turns":4},{"damage":0,"enemies":"Exordium Wildlife","floor":7,"turns":2},{"damage":55,"enemies":"Gremlin Nob","floor":11,"turns":5},{"damage":3,"enemies":"Lots of Slimes","floor":12,"turns":1}],"seed_played":"5633784815877778186","potions_obtained":[{"floor":1,"key":"AttackPotion"},{"floor":11,"key":"Block Potion"}],"is_trial":false,"path_per_floor":["M","M","?","M","M","R","M","R","T","R","E","M"],"character_chosen":"THE_SILENT","items_purchased":[],"campfire_rested":0,"item_purchase_floors":[],"current_hp_per_floor":[61,61,61,61,58,58,58,58,58,58,3,0],"gold":243,"neow_bonus":"BOSS_RELIC","is_prod":false,"is_daily":false,"chose_seed":false,"campfire_upgraded":3,"win_rate":0,"timestamp":1551031683,"path_taken":["M","M","?","M","M","R","M","R","T","R","E","M"],"build_version":"2019-01-23","purchased_purges":0,"victory":false,"max_hp_per_floor":[70,70,70,70,70,70,70,70,70,70,70,70],"card_choices":[{"not_picked":["Prepared","Outmaneuver"],"picked":"Crippling Poison","floor":1},{"not_picked":["Dagger Throw","PiercingWail"],"picked":"Dodge and Roll","floor":2},{"not_picked":["Bane","Flechettes"],"picked":"Poisoned Stab","floor":4},{"not_picked":["All Out Attack","Expertise"],"picked":"Escape Plan","floor":5},{"not_picked":["Sucker Punch","Tactician"],"picked":"Escape Plan","floor":7},{"not_picked":["Tactician","Blade Dance"],"picked":"Flying Knee","floor":11}],"player_experience":365309,"relics_obtained":[{"floor":9,"key":"Centennial Puzzle"},{"floor":11,"key":"Bottled Flame"}],"event_choices":[{"damage_healed":0,"gold_gain":0,"player_choice":"3 cards matched","damage_taken":0,"max_hp_gain":0,"max_hp_loss":0,"event_name":"Match and Keep!","floor":3,"gold_loss":0,"cards_obtained":["Phantasmal Killer","Blind","Deadly Poison"]}],"is_beta":false,"boss_relics":[],"items_purged_floors":[],"is_endless":false,"potions_floor_spawned":[1,11],"killed_by":"Lots of Slimes","ascension_level":9}