{"gold_per_floor":[118,131,143,29,39,39,49,84,108,108,108,108,108,128,128,207,207,127,77,77,77,77,77,77,77,77,77,77,77,77,19,19,19,19,19,19,19,19,19,19,19,19,19,19,19,19,19,19,19,19],"floor_reached":50,"playtime":3130,"items_purged":[],"score":1025,"play_id":"7088bab3-eab2-4f76-b23b-f6f65398b4c1","local_time":"20181014172319","is_ascension_mode":true,"campfire_choices":[{"data":"Caltrops","floor":6.0,"key":"SMITH"},{"data":"Neutralize","floor":10.0,"key":"SMITH"},{"data":"Finisher","floor":13.0,"key":"SMITH"},{"data":"Footwork","floor":15.0,"key":"SMITH"},{"data":"Glass Knife","floor":23.0,"key":"SMITH"},{"data":"Cloak And Dagger","floor":28.0,"key":"SMITH"},{"data":"Leg Sweep","floor":30.0,"key":"SMITH"},{"floor":32.0,"key":"REST"},{"data":"Well Laid Plans","floor":40,"key":"SMITH"},{"floor":44,"key":"REST"},{"floor":49,"key":"REST"}],"neow_cost":"NONE","seed_source_timestamp":0,"circlet_count":0,"master_deck":["Defend_G+1","Defend_G+1","Defend_G+1","Defend_G+1","Defend_G+1","Strike_G+1","Strike_G+1","Strike_G+1","Strike_G+1","Strike_G+1","Survivor+1","Neutralize+1","AscendersBane","After Image","Flying Knee","Finisher+1","Escape Plan","Backflip+1","Caltrops+1","Footwork+1","Cloak And Dagger+1","Adrenaline","Well Laid Plans+1","Glass Knife+1","Backstab","Prepared+1","Leg Sweep+1","Backflip+1","Dagger Throw","Cloak And Dagger+1","Corpse Explosion","PiercingWail+1","Backflip","After Image","Escape Plan+1","Blur"],"special_seed":0,"relics":["Ring of the Snake","Gremlin Horn","War Paint","Ectoplasm","Boot","WristBlade","Oddly Smooth Stone"],"potions_floor_usage":[47,48,50,50,50],"damage_taken":[{"damage":1.0,"enemies":"Small Slimes","floor":1.0,"turns":5.0},{"damage":1.0,"enemies":"Jaw Worm","floor":2.0,"turns":5.0},{"damage":0.0,"enemies":"2 Louse","floor":3.0,"turns":4.0},{"damage":1.0,"enemies":"2 Fungi Beasts","floor":5.0,"turns":4.0},{"damage":2.0,"enemies":"Red Slaver","floor":7.0,"turns":6.0},{"damage":28.0,"enemies":"3 Sentries","floor":8.0,"turns":9.0},{"damage":1.0,"enemies":"Exordium Wildlife","floor":14.0,"turns":6.0},{"damage":0.0,"enemies":"The Guardian","floor":16.0,"turns":12.0},{"damage":12.0,"enemies":"2 Thieves","floor":18.0,"turns":5.0},{"damage":1.0,"enemies":"Shell Parasite","floor":20.0,"turns":4.0},{"damage":3.0,"enemies":"Snecko","floor":21.0,"turns":6.0},{"damage":6.0,"enemies":"Cultist and Chosen","floor":22.0,"turns":6.0},{"damage":2.0,"enemies":"Snake Plant","floor":24.0,"turns":4.0},{"damage":0.0,"enemies":"3 Cultists","floor":25.0,"turns":5.0},{"damage":0.0,"enemies":"Chosen and Byrds","floor":27.0,"turns":3.0},{"damage":25.0,"enemies":"Collector","floor":33.0,"turns":16.0},{"damage":19,"enemies":"3 Darklings","floor":35,"turns":3},{"damage":1,"enemies":"3 Shapes","floor":38,"turns":6},{"damage":0,"enemies":"Reptomancer","floor":41,"turns":6},{"damage":2,"enemies":"Sphere and 2 Shapes","floor":42,"turns":5},{"damage":0,"enemies":"Maw","floor":45,"turns":10},{"damage":13,"enemies":"Transient","floor":47,"turns":6},{"damage":0,"enemies":"Spire Growth","floor":48,"turns":7},{"damage":65,"enemies":"Time Eater","floor":50,"turns":16}],"seed_played":"-5500355673773337837","potions_obtained":[{"floor":3.0,"key":"PowerPotion"},{"floor":5.0,"key":"Regen Potion"},{"floor":14.0,"key":"Regen Potion"},{"floor":20.0,"key":"SkillPotion"},{"floor":27.0,"key":"GamblersBrew"},{"floor":41,"key":"Fire Potion"},{"floor":42,"key":"Ancient Potion"},{"floor":48,"key":"EntropicBrew"}],"is_trial":false,"path_per_floor":["M","M","M","$","M","R","M","E","T","R","?","?","R","M","R","B",null,"M","?","M","M","M","R","M","M","T","M","R","?","R","$","R","B",null,"M","?","?","M","$","R","M","M","T","R","M","$","M","M","R"],"character_chosen":"THE_SILENT","items_purchased":["Backflip","Caltrops","AttackPotion"],"campfire_rested":3,"item_purchase_floors":[4,4,31],"current_hp_per_floor":[58,57,57,57,56,56,54,41,41,41,41,21,21,20,20,35,58,46,46,45,42,36,36,34,34,34,34,34,34,34,34,53,28,57,38,38,38,37,37,37,37,35,35,53,53,53,40,40,58,0],"gold":19,"neow_bonus":"ONE_RANDOM_RARE_CARD","is_prod":false,"is_daily":false,"chose_seed":false,"campfire_upgraded":8,"win_rate":0,"timestamp":1539530599,"path_taken":["M","M","M","$","M","R","M","E","T","R","?","?","R","?","R","BOSS","M","?","M","?","M","R","?","M","T","M","R","?","R","$","R","BOSS","M","?","?","M","$","R","M","M","T","R","M","$","?","M","R","BOSS"],"build_version":"2018-10-11","purchased_purges":0,"victory":false,"max_hp_per_floor":[66,66,66,66,66,66,66,66,66,66,66,66,66,66,66,66,66,66,66,66,66,66,66,66,66,66,66,66,66,66,66,66,66,66,66,66,63,63,63,63,63,63,63,63,63,63,63,63,63,63],"card_choices":[{"not_picked":["Skewer","Eviscerate"],"picked":"Flying Knee","floor":1.0},{"not_picked":["Eviscerate","Underhanded Strike"],"picked":"Finisher","floor":2.0},{"not_picked":["Dodge and Roll","Bane"],"picked":"Escape Plan","floor":3.0},{"not_picked":["Caltrops","Finisher"],"picked":"Footwork","floor":5.0},{"not_picked":["Catalyst","Bane"],"picked":"Cloak And Dagger","floor":7.0},{"not_picked":["PiercingWail","Backflip"],"picked":"Adrenaline","floor":8.0},{"not_picked":["Bane","Flying Knee"],"picked":"Well Laid Plans","floor":14.0},{"not_picked":["Die Die Die","Wraith Form v2"],"picked":"Glass Knife","floor":16.0},{"not_picked":["Acrobatics","Predator"],"picked":"Backstab","floor":18.0},{"not_picked":["Deadly Poison","Bane"],"picked":"Acrobatics","floor":20.0},{"not_picked":["Deflect","Bane"],"picked":"Prepared+1","floor":21.0},{"not_picked":["Eviscerate","Quick Slash"],"picked":"Leg Sweep","floor":22.0},{"not_picked":["Dagger Throw","Bane"],"picked":"Backflip+1","floor":24.0},{"not_picked":["Deflect","Deadly Poison"],"picked":"Dagger Throw","floor":25.0},{"not_picked":["Slice","Bane"],"picked":"Cloak And Dagger","floor":27.0},{"not_picked":["Bullet Time","Grand Finale"],"picked":"Corpse Explosion","floor":33.0},{"not_picked":["Slice","Cloak And Dagger"],"picked":"PiercingWail+1","floor":35},{"not_picked":["Dodge and Roll","Poisoned Stab","Quick Slash+1"],"picked":"SKIP","floor":38},{"not_picked":["Flying Knee","Dagger Throw"],"picked":"Backflip","floor":41},{"not_picked":["Quick Slash","Outmaneuver"],"picked":"After Image","floor":42},{"not_picked":["Prepared","Slice","Quick Slash"],"picked":"SKIP","floor":45},{"not_picked":["Flying Knee","Dagger Throw"],"picked":"Escape Plan+1","floor":47},{"not_picked":["Dagger Throw","Well Laid Plans"],"picked":"Blur","floor":48}],"player_experience":699996,"relics_obtained":[{"floor":8.0,"key":"Gremlin Horn"},{"floor":9.0,"key":"War Paint"},{"floor":26.0,"key":"Boot"},{"floor":43,"key":"Oddly Smooth Stone"}],"event_choices":[{"event_name":"Dead Adventurer","player_choice":"Searched \u00270\u0027 times","floor":11.0,"damage_taken":0.0},{"event_name":"Shining Light","player_choice":"Entered Light","floor":12.0,"damage_taken":0.0},{"event_name":"The Joust","player_choice":"Bet on Murderer","floor":19.0,"damage_taken":0.0},{"event_name":"Back to Basics","player_choice":"Simplicity","floor":29.0,"damage_taken":0.0},{"event_name":"Falling","player_choice":"Removed Skill","floor":36,"damage_taken":0},{"event_name":"Winding Halls","player_choice":"Max HP","floor":37,"damage_taken":0}],"is_beta":true,"boss_relics":[{"not_picked":["Orrery","Lizard Tail"],"picked":"Ectoplasm"},{"not_picked":["Sozu","Tiny House"],"picked":"WristBlade"}],"items_purged_floors":[],"is_endless":false,"potions_floor_spawned":[3,5,14,20,27,41,42,45,48],"killed_by":"Time Eater","ascension_level":20}