{"gold_per_floor":[115,135,152,152,167,167,167,167,167,193,193,207,218,27,27,27],"floor_reached":16,"playtime":775,"items_purged":[],"score":204,"play_id":"c6557362-61ce-4bdc-9a70-3307af82a7e0","local_time":"20181223123242","is_ascension_mode":true,"campfire_choices":[{"data":"Dagger Spray","floor":6,"key":"SMITH"},{"data":"Envenom","floor":11,"key":"SMITH"},{"floor":15,"key":"REST"}],"neow_cost":"NONE","seed_source_timestamp":456636157112,"circlet_count":0,"master_deck":["AscendersBane","Defend_G","Defend_G","Defend_G","Defend_G","Defend_G","Strike_G","Strike_G","Strike_G","Strike_G","Survivor","Neutralize+1","PiercingWail","Leg Sweep","Dagger Spray+1","Infinite Blades","Finisher","Envenom+1","Backflip","Poisoned Stab","Apotheosis"],"special_seed":0,"relics":["Ring of the Snake","Sundial","Anchor","Singing Bowl"],"potions_floor_usage":[16,16],"damage_taken":[{"damage":1.0,"enemies":"Small Slimes","floor":1.0,"turns":4.0},{"damage":0,"enemies":"2 Louse","floor":2,"turns":5},{"damage":4,"enemies":"Jaw Worm","floor":3,"turns":8},{"damage":6,"enemies":"Lots of Slimes","floor":5,"turns":3},{"damage":16,"enemies":"3 Sentries","floor":10,"turns":8},{"damage":2,"enemies":"Looter","floor":12,"turns":4},{"damage":4,"enemies":"Large Slime","floor":13,"turns":4},{"damage":50,"enemies":"Slime Boss","floor":16,"turns":9}],"seed_played":"7390989747742039776","potions_obtained":[{"floor":1.0,"key":"Dexterity Potion"},{"floor":3,"key":"SpeedPotion"},{"floor":12,"key":"Explosive Potion"}],"is_trial":false,"path_per_floor":["M","M","M","?","M","R","?","T","T","E","R","M","M","$","R","B"],"character_chosen":"THE_SILENT","items_purchased":["Apotheosis"],"campfire_rested":1,"item_purchase_floors":[14],"current_hp_per_floor":[58,58,54,54,48,48,48,48,48,32,32,30,26,26,45,0],"gold":27,"neow_bonus":"UPGRADE_CARD","is_prod":false,"is_daily":false,"chose_seed":false,"campfire_upgraded":2,"win_rate":0,"timestamp":1545564762,"path_taken":["M","M","M","?","M","R","?","?","T","E","R","M","M","$","R","BOSS"],"build_version":"2018-12-20","purchased_purges":0,"victory":false,"max_hp_per_floor":[66,66,66,66,66,66,66,66,66,66,66,66,66,66,66,66],"card_choices":[{"not_picked":["Riddle With Holes","Outmaneuver"],"picked":"PiercingWail","floor":1.0},{"not_picked":["Cloak And Dagger","Tactician"],"picked":"Leg Sweep","floor":2},{"not_picked":["Flying Knee","Choke"],"picked":"Dagger Spray","floor":3},{"not_picked":["Dodge and Roll","Blade Dance"],"picked":"Infinite Blades","floor":5},{"not_picked":["Quick Slash","Noxious Fumes"],"picked":"Envenom","floor":10},{"not_picked":["Flechettes","Accuracy"],"picked":"Backflip","floor":12},{"not_picked":["Backflip","Outmaneuver"],"picked":"Poisoned Stab","floor":13}],"player_experience":858090,"relics_obtained":[{"floor":8,"key":"Sundial"},{"floor":9,"key":"Anchor"},{"floor":10,"key":"Singing Bowl"}],"event_choices":[{"damage_healed":0,"gold_gain":0,"player_choice":"Ignored","damage_taken":0,"max_hp_gain":0,"max_hp_loss":0,"event_name":"Liars Game","floor":4,"gold_loss":0},{"damage_healed":0,"gold_gain":0,"cards_transformed":["Strike_G"],"player_choice":"Change","damage_taken":0,"max_hp_gain":0,"max_hp_loss":0,"event_name":"Living Wall","floor":7,"gold_loss":0,"cards_obtained":["Finisher"]}],"is_beta":true,"boss_relics":[],"items_purged_floors":[],"is_endless":false,"potions_floor_spawned":[1,3,12],"killed_by":"Slime Boss","ascension_level":20}