{"gold_per_floor":[215,226,226,241,241,241,282,302,302,322,355,355,221,240,240,330,330,350,370,370,386,401,401,108,122,122,122,141,141,141],"floor_reached":30,"playtime":2135,"items_purged":["Strike_B"],"score":439,"play_id":"b8ec4942-479f-4252-8e08-1541ea844388","local_time":"20190122175946","is_ascension_mode":true,"campfire_choices":[{"floor":6.0,"key":"REST"},{"data":"Hologram","floor":12.0,"key":"SMITH"},{"data":"Beam Cell","floor":15.0,"key":"SMITH"},{"floor":23,"key":"REST"}],"neow_cost":"NONE","seed_source_timestamp":0,"circlet_count":0,"master_deck":["AscendersBane","Defend_B","Defend_B","Defend_B","Zap+1","Static Discharge+1","Conserve Battery","Auto Shields","Machine Learning+1","Hologram+1","Cold Snap","Beam Cell","Beam Cell+1","Creative AI+1","Reinforced Body+1","Leap+1","Doom and Gloom+1","Self Repair+1","Melter","Hello World+1","BootSequence","Hologram","Conserve Battery","All For One"],"special_seed":0,"relics":["Cracked Core","Golden Idol","Frozen Egg 2","Cables","Shuriken","Astrolabe","Kunai","Letter Opener"],"potions_floor_usage":[22,30],"damage_taken":[{"damage":3.0,"enemies":"Small Slimes","floor":1.0,"turns":3.0},{"damage":4.0,"enemies":"Jaw Worm","floor":2.0,"turns":4.0},{"damage":1.0,"enemies":"Cultist","floor":4.0,"turns":4.0},{"damage":9.0,"enemies":"Lagavulin","floor":7.0,"turns":7.0},{"damage":4.0,"enemies":"Large Slime","floor":8.0,"turns":5.0},{"damage":1.0,"enemies":"Looter","floor":10.0,"turns":3.0},{"damage":12.0,"enemies":"3 Sentries","floor":11.0,"turns":7.0},{"damage":0.0,"enemies":"Red Slaver","floor":14.0,"turns":3.0},{"damage":40.0,"enemies":"The Guardian","floor":16.0,"turns":10.0},{"damage":16.0,"enemies":"Shell Parasite","floor":18.0,"turns":6.0},{"damage":13,"enemies":"Chosen","floor":19,"turns":6},{"damage":11,"enemies":"Centurion and Healer","floor":21,"turns":8},{"damage":18,"enemies":"Snake Plant","floor":22,"turns":6},{"damage":14,"enemies":"Snecko","floor":25,"turns":6},{"damage":12,"enemies":"Centurion and Healer","floor":28,"turns":7},{"damage":38,"enemies":"Gremlin Leader","floor":30,"turns":3}],"seed_played":"185168026149815752","potions_obtained":[{"floor":1.0,"key":"SkillPotion"},{"floor":2.0,"key":"SteroidPotion"},{"floor":14.0,"key":"Regen Potion"},{"floor":16.0,"key":"Dexterity Potion"},{"floor":21,"key":"SkillPotion"},{"floor":22,"key":"Strength Potion"}],"is_trial":false,"path_per_floor":["M","M","?","M","?","R","E","M","T","M","E","R","$","M","R","B",null,"M","M","?","M","M","R","$","M","T","?","M","?","E"],"character_chosen":"DEFECT","items_purchased":["Beam Cell","Kunai","Hologram"],"campfire_rested":2,"item_purchase_floors":[13,24,24],"current_hp_per_floor":[61,57,57,56,37,56,47,43,43,42,30,30,30,30,30,5,49,33,30,30,29,21,40,40,36,36,36,34,34,0],"gold":141,"neow_bonus":"HUNDRED_GOLD","is_prod":false,"is_daily":false,"chose_seed":false,"campfire_upgraded":2,"win_rate":0,"timestamp":1548176386,"path_taken":["M","M","?","M","?","R","E","M","T","?","E","R","$","M","R","BOSS","M","M","?","M","?","R","$","M","T","?","M","?","E"],"build_version":"2019-01-17v2","purchased_purges":1,"victory":false,"max_hp_per_floor":[71,71,64,64,64,64,64,64,64,64,64,64,64,64,64,64,64,64,64,64,64,64,64,64,64,64,64,64,64,64],"card_choices":[{"not_picked":["Redo","Beam Cell"],"picked":"Static Discharge","floor":1.0},{"not_picked":["Hologram","Force Field"],"picked":"Conserve Battery","floor":2.0},{"not_picked":["Compile Driver","Fusion"],"picked":"Auto Shields","floor":4.0},{"not_picked":["Steam","Rebound"],"picked":"Machine Learning","floor":7.0},{"not_picked":["Redo","Double Energy"],"picked":"Hologram","floor":8.0},{"not_picked":["Turbo","Consume"],"picked":"Cold Snap","floor":10.0},{"not_picked":["Auto Shields","Steam","Barrage"],"picked":"SKIP","floor":11.0},{"not_picked":["Skim","Leap"],"picked":"Beam Cell","floor":14.0},{"not_picked":["Multi-Cast","Thunder Strike"],"picked":"Creative AI+1","floor":16.0},{"not_picked":["Genetic Algorithm+1","Sunder"],"picked":"Self Repair+1","floor":18.0},{"not_picked":["Streamline","Beam Cell"],"picked":"Melter","floor":19},{"not_picked":["Redo","Barrage"],"picked":"Hello World+1","floor":21},{"not_picked":["Blizzard","Undo"],"picked":"BootSequence","floor":22},{"not_picked":["Static Discharge+1","Skim"],"picked":"Conserve Battery","floor":25},{"not_picked":["Genetic Algorithm","Rebound"],"picked":"All For One","floor":28}],"player_experience":367284,"relics_obtained":[{"floor":7.0,"key":"Frozen Egg 2"},{"floor":9.0,"key":"Cables"},{"floor":11.0,"key":"Shuriken"},{"floor":26,"key":"Letter Opener"}],"event_choices":[{"damage_healed":0.0,"max_hp_gain":0.0,"max_hp_loss":7.0,"gold_gain":0.0,"event_name":"Golden Idol","player_choice":"Lose Max HP","floor":3.0,"gold_loss":0.0,"damage_taken":0.0,"relics_obtained":["Golden Idol"]},{"damage_healed":0.0,"max_hp_gain":0.0,"max_hp_loss":0.0,"gold_gain":0.0,"event_name":"Shining Light","player_choice":"Entered Light","floor":5.0,"gold_loss":0.0,"damage_taken":19.0,"cards_upgraded":["Zap","Static Discharge"]},{"cards_removed":["Strike_B"],"damage_healed":0,"gold_gain":0,"player_choice":"Purged","damage_taken":0,"max_hp_gain":0,"max_hp_loss":0,"event_name":"Purifier","floor":20,"gold_loss":0},{"damage_healed":0,"gold_gain":0,"player_choice":"Ignored","damage_taken":0,"max_hp_gain":0,"max_hp_loss":0,"event_name":"Cursed Tome","floor":27,"gold_loss":0},{"cards_removed":["Dualcast"],"damage_healed":0,"gold_gain":0,"player_choice":"Offered Basic","damage_taken":0,"max_hp_gain":0,"max_hp_loss":0,"event_name":"Bonfire Elementals","floor":29,"gold_loss":0}],"is_beta":false,"boss_relics":[{"not_picked":["Tiny House","Coffee Dripper"],"picked":"Astrolabe"}],"items_purged_floors":[13],"is_endless":false,"potions_floor_spawned":[1,2,14,16,21,22,28],"killed_by":"Gremlin Leader","ascension_level":16}