{"path_per_floor":["M","M","?","?","M","R","M","R","T","$","M","?","M","?","R","B",null,"M","?","$","M","$","E","R","M","T","R","M","M","R","E","R","B",null,"M","?","$","M","?","R","E","M","T","R","$","M","R","E","R"],"character_chosen":"THE_SILENT","items_purchased":["Catalyst","Deadly Poison","Apotheosis","Strength Potion"],"gold_per_floor":[115,134,134,84,102,102,122,122,122,47,67,67,81,156,156,253,283,296,211,44,63,38,72,72,83,83,83,102,122,122,154,154,253,253,269,269,86,105,105,105,130,144,167,167,118,129,129,157,157,157],"floor_reached":50,"campfire_rested":7,"playtime":2735,"current_hp_per_floor":[76,73,73,73,77,77,77,77,77,77,77,77,73,62,77,20,82,81,81,81,59,59,47,71,55,55,55,43,40,65,50,76,43,88,58,90,90,78,78,88,56,38,40,79,79,8,48,45,85,0],"items_purged":["Clumsy","Normality"],"gold":157,"score":633,"play_id":"e05c4175-cbfd-4c8e-a28d-8dbc65b48f8a","local_time":"20180415054455","is_prod":false,"is_daily":false,"chose_seed":false,"is_ascension_mode":true,"campfire_upgraded":4,"timestamp":1523780095,"path_taken":["M","?","?","?","?","R","M","R","T","$","M","?","M","?","R","BOSS","M","?","$","?","$","E","R","M","T","R","M","M","R","E","R","BOSS","M","?","$","M","?","R","E","M","T","R","$","M","R","E","R","BOSS"],"build_version":"2018-04-12","seed_source_timestamp":277179023958832,"purchased_purges":4,"victory":false,"master_deck":["Defend_G","Defend_G+1","Defend_G+1","Defend_G","Defend_G+1","Strike_G","Strike_G","Strike_G","Strike_G","Strike_G","Survivor+1","Neutralize","Backstab","Noxious Fumes+1","Bane+1","PiercingWail","Envenom+1","Adrenaline+1","Leg Sweep+1","Dagger Spray+1","Catalyst+1","Deadly Poison+1","Calculated Gamble+1","Wraith Form v2","Apotheosis+1","Madness+1"],"max_hp_per_floor":[77,77,77,77,77,77,77,77,77,77,77,77,77,77,77,77,82,82,82,82,82,82,82,82,82,82,82,84,86,86,88,88,88,88,90,90,90,92,92,92,94,96,98,98,98,100,100,102,102,102],"relics":["Calling Bell","Strawberry","Prayer Wheel","Dodecahedron","Toxic Egg 2","Lantern","Tiny House","Bronze Scales","Centennial Puzzle","Singing Bowl","Ancient Tea Set","Eternal Feather","Oddly Smooth Stone","War Paint","Bag of Marbles"],"card_choices":[{"not_picked":["Quick Slash","Deflect"],"picked":"Backstab","floor":1},{"not_picked":["Dodge and Roll","Infinite Blades"],"picked":"Noxious Fumes","floor":2},{"not_picked":["Skewer","Blade Dance"],"picked":"Bane","floor":5},{"not_picked":["Choke","Backflip"],"picked":"PiercingWail","floor":7},{"not_picked":["Dagger Throw","Footwork"],"picked":"Terror","floor":9},{"not_picked":["Setup","Catalyst"],"picked":"Envenom","floor":13},{"not_picked":["Doppelganger","Wraith Form v2"],"picked":"Adrenaline","floor":16},{"not_picked":["Sucker Punch","Crippling Poison"],"picked":"Leg Sweep","floor":17},{"not_picked":["Quick Slash","Dodge and Roll"],"picked":"Dagger Spray","floor":18},{"not_picked":["Skewer","Acrobatics"],"picked":"Calculated Gamble","floor":26},{"not_picked":["Phantasmal Killer","Tools of the Trade"],"picked":"Wraith Form v2","floor":33},{"not_picked":["Good Instincts","Finesse"],"picked":"Madness","floor":39}],"player_experience":338752,"potions_floor_usage":[5,11,13,16,18,21,23,25,29,31,38,46,48,50],"damage_taken":[{"damage":1,"enemies":"Cultist","floor":1,"turns":5},{"damage":3,"enemies":"Small Slimes","floor":2,"turns":3},{"damage":0,"enemies":"2 Louse","floor":5,"turns":3},{"damage":0,"enemies":"Looter","floor":7,"turns":4},{"damage":0,"enemies":"3 Louse","floor":11,"turns":3},{"damage":4,"enemies":"Gremlin Gang","floor":13,"turns":5},{"damage":57,"enemies":"Slime Boss","floor":16,"turns":11},{"damage":1,"enemies":"3 Byrds","floor":18,"turns":5},{"damage":22,"enemies":"Chosen","floor":21,"turns":5},{"damage":12,"enemies":"Gremlin Leader","floor":23,"turns":6},{"damage":16,"enemies":"Snake Plant","floor":25,"turns":3},{"damage":14,"enemies":"Snecko","floor":28,"turns":7},{"damage":5,"enemies":"Chosen and Byrds","floor":29,"turns":5},{"damage":17,"enemies":"Book of Stabbing","floor":31,"turns":6},{"damage":33,"enemies":"Champ","floor":33,"turns":9},{"damage":32,"enemies":"3 Darklings","floor":35,"turns":4},{"damage":14,"enemies":"Orb Walker","floor":38,"turns":4},{"damage":34,"enemies":"2 Orb Walkers","floor":41,"turns":8},{"damage":20,"enemies":"4 Shapes","floor":42,"turns":6},{"damage":73,"enemies":"Sphere and 2 Shapes","floor":46,"turns":6},{"damage":20,"enemies":"Nemesis","floor":48,"turns":9},{"damage":86,"enemies":"Awakened One","floor":50,"turns":14}],"event_choices":[{"event_name":"Living Wall","player_choice":"Forget","floor":3,"damage_taken":0},{"event_name":"The Cleric","player_choice":"Card Removal","floor":4,"damage_taken":0},{"event_name":"Accursed Blacksmith","player_choice":"Rummage","floor":12,"damage_taken":0},{"event_name":"World of Goop","player_choice":"Gather Gold","floor":14,"damage_taken":0},{"event_name":"Addict","player_choice":"Obtained Relic","floor":19,"damage_taken":0},{"event_name":"Bonfire Elementals","player_choice":"UNCOMMON","floor":36,"damage_taken":0},{"event_name":"SensoryStone","player_choice":"Memory 1","floor":39,"damage_taken":0}],"boss_relics":[{"not_picked":["Velvet Choker","Astrolabe"],"picked":"Tiny House"},{"not_picked":["White Beast Statue","Black Star"],"picked":"Eternal Feather"}],"potions_floor_spawned":[1,2,5,13,16,21,23,28,29,35,46,48],"seed_played":"7392461854080119771","killed_by":"Awakened One","ascension_level":1,"is_trial":false}