{"gold_per_floor":[116,291,309,326,326,354,189,189,189,208,208,223,239,212,212,313,313,327,327,278,288,288,313,313,344,369,384,6,6,6,22,22,124,124,134,409,421,440,440,67,67,67,138,168,168,181,29,43,43,43],"floor_reached":50,"playtime":2541,"items_purged":["Doubt"],"score":585,"play_id":"e19e81ca-7419-4815-a43d-b1f27aaf253a","local_time":"20190110004011","is_ascension_mode":false,"campfire_choices":[{"floor":8,"key":"REST"},{"floor":11,"key":"REST"},{"floor":15,"key":"REST"},{"floor":24,"key":"REST"},{"floor":30,"key":"REST"},{"data":"Searing Blow","floor":32,"key":"SMITH"},{"floor":42,"key":"REST"},{"floor":45,"key":"REST"},{"floor":49,"key":"REST"}],"neow_cost":"NONE","seed_source_timestamp":1142183352158258,"circlet_count":0,"master_deck":["Strike_R","Strike_R","Strike_R","Strike_R","Strike_R","Defend_R","Defend_R","Defend_R","Defend_R","Bash","Flame Barrier","Searing Blow+1","Clash","Spot Weakness","Inflame","Cleave","Blood for Blood","Metallicize","Shrug It Off","Clothesline","Impervious","Cleave","Necronomicurse","True Grit","Sever Soul+1","Seeing Red","Metallicize","Flame Barrier","Burning Pact","Discovery","Double Tap","Parasite","Madness","Whirlwind","Heavy Blade+1"],"relics":["Burning Blood","Boot","Mango","Dodecahedron","Mark of Pain","Necronomicon","Charon\u0027s Ashes","StoneCalendar","Blood Vial","Medical Kit","Pear","Black Star","Omamori","MealTicket","Shuriken","Ginger","Magic Flower","Orichalcum"],"potions_floor_usage":[3,12,13,16,25,31,35,37,44,46],"damage_taken":[{"damage":2,"enemies":"Small Slimes","floor":1,"turns":3},{"damage":6,"enemies":"Jaw Worm","floor":3,"turns":2},{"damage":2,"enemies":"2 Louse","floor":4,"turns":4},{"damage":66,"enemies":"3 Sentries","floor":6,"turns":16},{"damage":8,"enemies":"Lots of Slimes","floor":10,"turns":4},{"damage":5,"enemies":"Looter","floor":12,"turns":3},{"damage":11,"enemies":"Exordium Thugs","floor":13,"turns":3},{"damage":45,"enemies":"Hexaghost","floor":16,"turns":9},{"damage":8,"enemies":"Shell Parasite","floor":18,"turns":4},{"damage":18,"enemies":"2 Thieves","floor":21,"turns":4},{"damage":22,"enemies":"Gremlin Leader","floor":23,"turns":6},{"damage":37,"enemies":"Book of Stabbing","floor":25,"turns":6},{"damage":27,"enemies":"Snake Plant","floor":27,"turns":4},{"damage":6,"enemies":"Chosen and Byrds","floor":31,"turns":5},{"damage":40,"enemies":"Champ","floor":33,"turns":16},{"damage":3,"enemies":"3 Darklings","floor":35,"turns":5},{"damage":16,"enemies":"Orb Walker","floor":37,"turns":3},{"damage":51,"enemies":"Writhing Mass","floor":38,"turns":8},{"damage":51,"enemies":"Giant Head","floor":44,"turns":10},{"damage":50,"enemies":"Jaw Worm Horde","floor":46,"turns":5},{"damage":16,"enemies":"3 Darklings","floor":48,"turns":3},{"damage":96,"enemies":"Time Eater","floor":50,"turns":10}],"seed_played":"9011887255475262176","potions_obtained":[{"floor":1,"key":"Energy Potion"},{"floor":10,"key":"PowerPotion"},{"floor":12,"key":"PowerPotion"},{"floor":13,"key":"Poison Potion"},{"floor":21,"key":"SpeedPotion"},{"floor":27,"key":"PowerPotion"},{"floor":33,"key":"Swift Potion"},{"floor":35,"key":"Fire Potion"},{"floor":38,"key":"EssenceOfSteel"},{"floor":44,"key":"GamblersBrew"}],"is_trial":false,"path_per_floor":["M","?","M","M","?","E","$","R","T","M","R","M","M","$","R","B",null,"M","?","$","M","?","E","R","E","T","M","$","?","R","M","R","B",null,"M","?","M","M","?","$","$","R","T","E","R","M","$","M","R","B"],"character_chosen":"IRONCLAD","items_purchased":["Inflame","Cleave","Clothesline","True Grit","Burning Pact","Medical Kit","Discovery","Omamori","Whirlwind","MealTicket","Orichalcum"],"campfire_rested":8,"item_purchase_floors":[7,7,14,20,28,28,28,40,40,40,47],"current_hp_per_floor":[80,80,80,80,76,16,16,44,44,42,70,71,66,66,94,55,94,92,76,76,64,64,48,76,45,45,26,26,36,67,69,69,37,104,104,104,94,51,51,51,66,97,97,54,85,47,62,58,89,0],"gold":43,"neow_bonus":"RANDOM_COMMON_RELIC","is_prod":false,"is_daily":false,"chose_seed":false,"campfire_upgraded":1,"win_rate":0,"timestamp":1547093411,"path_taken":["M","?","M","M","?","E","$","R","T","M","R","M","M","$","R","BOSS","M","?","$","M","?","E","R","E","T","M","$","?","R","?","R","BOSS","M","?","?","M","?","?","$","R","T","E","R","M","$","?","R","BOSS"],"build_version":"2019-01-08","purchased_purges":1,"victory":false,"max_hp_per_floor":[80,80,80,80,94,94,94,94,94,94,94,94,94,94,94,94,94,94,94,94,94,94,94,94,94,94,94,94,104,104,104,104,104,104,104,104,104,104,104,104,104,104,104,104,104,104,104,104,104,104],"card_choices":[{"not_picked":["Power Through","True Grit"],"picked":"Flame Barrier","floor":1},{"not_picked":["Iron Wave","Warcry"],"picked":"Searing Blow","floor":3},{"not_picked":["Uppercut","Corruption"],"picked":"Clash","floor":4},{"not_picked":["Reaper","Second Wind"],"picked":"Spot Weakness","floor":6},{"not_picked":["Body Slam","Combust"],"picked":"Blood for Blood","floor":10},{"not_picked":["Armaments","Reckless Charge"],"picked":"Metallicize","floor":12},{"not_picked":["Perfected Strike","Searing Blow"],"picked":"Shrug It Off","floor":13},{"not_picked":["Feed","Limit Break"],"picked":"Impervious","floor":16},{"not_picked":["Warcry","Searing Blow"],"picked":"Cleave","floor":18},{"not_picked":["Iron Wave+1","Searing Blow+1"],"picked":"Sever Soul+1","floor":21},{"not_picked":["Thunderclap","Carnage+1"],"picked":"Seeing Red","floor":23},{"not_picked":["Iron Wave","Fire Breathing+1"],"picked":"Metallicize","floor":25},{"not_picked":["Clash","Headbutt"],"picked":"Flame Barrier","floor":27},{"not_picked":["Searing Blow","Armaments","Warcry"],"picked":"SKIP","floor":31},{"not_picked":["Juggernaut","Reaper"],"picked":"Double Tap","floor":33},{"not_picked":["Havoc","Sword Boomerang","Fire Breathing"],"picked":"SKIP","floor":35},{"not_picked":["Disarm+1","Havoc","Entrench"],"picked":"SKIP","floor":37},{"not_picked":["Sentinel","Brutality","Corruption"],"picked":"SKIP","floor":38},{"not_picked":["Sword Boomerang+1","Perfected Strike+1","True Grit"],"picked":"SKIP","floor":44},{"not_picked":["Thunderclap","Metallicize+1","Offering"],"picked":"SKIP","floor":46},{"not_picked":["Rampage+1","Reckless Charge+1"],"picked":"Heavy Blade+1","floor":48}],"player_experience":580984,"relics_obtained":[{"floor":6,"key":"Dodecahedron"},{"floor":19,"key":"Necronomicon"},{"floor":23,"key":"Charon\u0027s Ashes"},{"floor":25,"key":"StoneCalendar"},{"floor":26,"key":"Blood Vial"},{"floor":43,"key":"Shuriken"},{"floor":44,"key":"Ginger"},{"floor":44,"key":"Magic Flower"}],"event_choices":[{"damage_healed":0,"gold_gain":175,"player_choice":"AGREE","damage_taken":0,"max_hp_gain":0,"max_hp_loss":0,"event_name":"Liars Game","floor":2,"gold_loss":0,"cards_obtained":["Doubt"]},{"damage_healed":0,"gold_gain":0,"player_choice":"Success","damage_taken":18,"relics_obtained":["Mango"],"max_hp_gain":0,"max_hp_loss":0,"event_name":"Scrap Ooze","floor":5,"gold_loss":0},{"damage_healed":0,"gold_gain":0,"player_choice":"Obtained Book","damage_taken":16,"max_hp_gain":0,"max_hp_loss":0,"event_name":"Cursed Tome","floor":19,"gold_loss":0},{"damage_healed":0,"gold_gain":0,"player_choice":"Ignored","damage_taken":0,"max_hp_gain":0,"max_hp_loss":0,"event_name":"Beggar","floor":22,"gold_loss":0},{"damage_healed":0,"gold_gain":0,"player_choice":"Opened","damage_taken":0,"relics_obtained":["Pear"],"max_hp_gain":0,"max_hp_loss":0,"event_name":"The Mausoleum","floor":29,"gold_loss":0},{"damage_healed":0,"gold_gain":275,"player_choice":"Desecrate","damage_taken":0,"max_hp_gain":0,"max_hp_loss":0,"event_name":"Golden Shrine","floor":36,"gold_loss":0,"cards_obtained":["Regret"]},{"cards_removed":["Regret"],"damage_healed":0,"gold_gain":0,"player_choice":"Took Card","damage_taken":0,"max_hp_gain":0,"max_hp_loss":0,"event_name":"NoteForYourself","floor":39,"gold_loss":0,"cards_obtained":["Madness"]}],"is_beta":true,"boss_relics":[{"not_picked":["Cursed Key","Eternal Feather"],"picked":"Mark of Pain"},{"not_picked":["Runic Dome","Tiny House"],"picked":"Black Star"}],"items_purged_floors":[7],"is_endless":false,"potions_floor_spawned":[1,10,12,13,21,27,33,35,38,44],"killed_by":"Time Eater","ascension_level":0}