{"gold_per_floor":[112,132,150,150,44,44,69,69,99,99,125,125,141,153,153,227,227,243,256,256,268,268,268,278,303,303,66,66,66,76,76,76,76],"floor_reached":33,"playtime":1247,"items_purged":["Strike_R"],"score":550,"play_id":"1223f7d6-1f4d-4551-9269-8a8f693af589","local_time":"20190224143209","is_ascension_mode":true,"campfire_choices":[{"data":"Inflame","floor":6.0,"key":"SMITH"},{"data":"Iron Wave","floor":12.0,"key":"SMITH"},{"floor":15.0,"key":"REST"},{"floor":23.0,"key":"REST"},{"floor":29,"key":"REST"},{"data":"Corruption","floor":32,"key":"SMITH"}],"neow_cost":"NONE","seed_source_timestamp":8690680304463,"circlet_count":0,"master_deck":["AscendersBane","Strike_R+1","Strike_R+1","Strike_R+1","Strike_R+1","Defend_R+1","Defend_R+1","Defend_R+1","Defend_R+1","Bash+1","Evolve","Clothesline","Clothesline+1","Inflame+1","Iron Wave+1","Battle Trance","Flame Barrier","Corruption+1","Immolate","Inflame+1","Shrug It Off+1","Thunderclap+1","Feel No Pain","Sentinel"],"special_seed":0,"relics":["Burning Blood","Kunai","Tiny Chest","Bottled Tornado","Regal Pillow","Busted Crown","Torii","Bird Faced Urn","MutagenicStrength"],"potions_floor_usage":[25,25],"damage_taken":[{"damage":1.0,"enemies":"Cultist","floor":1.0,"turns":3.0},{"damage":3.0,"enemies":"2 Louse","floor":2.0,"turns":3.0},{"damage":4.0,"enemies":"Jaw Worm","floor":3.0,"turns":3.0},{"damage":19.0,"enemies":"Gremlin Nob","floor":7.0,"turns":4.0},{"damage":17.0,"enemies":"Lagavulin","floor":11.0,"turns":7.0},{"damage":19.0,"enemies":"Exordium Wildlife","floor":13.0,"turns":5.0},{"damage":9.0,"enemies":"Blue Slaver","floor":14.0,"turns":3.0},{"damage":45.0,"enemies":"Hexaghost","floor":16.0,"turns":10.0},{"damage":20.0,"enemies":"Shell Parasite","floor":18.0,"turns":6.0},{"damage":43.0,"enemies":"3 Byrds","floor":19.0,"turns":4.0},{"damage":9.0,"enemies":"Snake Plant","floor":21.0,"turns":5.0},{"damage":9.0,"enemies":"3 Cultists","floor":24.0,"turns":5.0},{"damage":44,"enemies":"Slavers","floor":25,"turns":4},{"damage":11,"enemies":"Centurion and Healer","floor":30,"turns":5},{"damage":66,"enemies":"Collector","floor":33,"turns":9}],"seed_played":"-2342008333568865646","potions_obtained":[{"floor":1.0,"key":"SteroidPotion"},{"floor":2.0,"key":"Ancient Potion"},{"floor":14.0,"key":"Strength Potion"},{"floor":19.0,"key":"SkillPotion"},{"floor":24.0,"key":"FearPotion"}],"is_trial":false,"path_per_floor":["M","M","M","?","$","R","E","?","T","T","E","R","M","M","R","B",null,"M","M","?","M","T","R","M","E","T","$","?","R","M","?","R","B"],"character_chosen":"IRONCLAD","items_purchased":["Inflame","Iron Wave","Feel No Pain","Sentinel"],"campfire_rested":3,"item_purchase_floors":[5,5,27,27],"current_hp_per_floor":[73,75,75,52,52,52,39,44,44,44,33,33,20,17,56,17,64,50,13,13,10,10,49,46,8,8,8,8,47,50,50,50,0],"gold":76,"neow_bonus":"UPGRADE_CARD","is_prod":false,"is_daily":false,"chose_seed":false,"campfire_upgraded":3,"win_rate":0,"timestamp":1551015129,"path_taken":["M","M","M","?","$","R","E","?","T","?","E","R","?","M","R","BOSS","M","M","?","?","?","R","M","E","T","$","?","R","M","?","R","BOSS"],"build_version":"2019-02-06","purchased_purges":1,"victory":false,"max_hp_per_floor":[75,75,75,75,75,75,75,80,80,80,80,80,80,80,80,80,80,80,80,80,80,80,80,80,80,80,80,80,80,80,80,80,80],"card_choices":[{"not_picked":["Rampage","Sentinel"],"picked":"Evolve","floor":1.0},{"not_picked":["Infernal Blade","Headbutt"],"picked":"Clothesline","floor":2.0},{"not_picked":["Heavy Blade","Body Slam"],"picked":"Clothesline","floor":3.0},{"not_picked":["Combust","True Grit"],"picked":"Battle Trance","floor":7.0},{"not_picked":["Clothesline","Perfected Strike","Dropkick"],"picked":"SKIP","floor":11.0},{"not_picked":["Armaments","Warcry"],"picked":"Flame Barrier","floor":13.0},{"not_picked":["Twin Strike","Armaments"],"picked":"Corruption","floor":14.0},{"not_picked":["Berserk","Bludgeon"],"picked":"Immolate","floor":16.0},{"not_picked":["Body Slam"],"picked":"SKIP","floor":18.0},{"not_picked":["Body Slam"],"picked":"SKIP","floor":19.0},{"not_picked":["Cleave"],"picked":"SKIP","floor":21.0},{"not_picked":[],"picked":"Shrug It Off+1","floor":24.0},{"not_picked":[],"picked":"Thunderclap+1","floor":25},{"not_picked":["Corruption"],"picked":"SKIP","floor":30}],"player_experience":976539,"relics_obtained":[{"floor":7.0,"key":"Kunai"},{"floor":9.0,"key":"Tiny Chest"},{"floor":10.0,"key":"Bottled Tornado"},{"floor":11.0,"key":"Regal Pillow"},{"floor":22.0,"key":"Torii"},{"floor":25,"key":"Bird Faced Urn"}],"event_choices":[{"damage_healed":0.0,"max_hp_gain":0.0,"max_hp_loss":0.0,"gold_gain":0.0,"event_name":"Shining Light","player_choice":"Entered Light","floor":4.0,"gold_loss":0.0,"damage_taken":23.0,"cards_upgraded":["Clothesline","Defend_R"]},{"damage_healed":0.0,"max_hp_gain":5.0,"max_hp_loss":0.0,"gold_gain":0.0,"event_name":"Big Fish","player_choice":"Donut","floor":8.0,"gold_loss":0.0,"damage_taken":0.0},{"damage_healed":0.0,"max_hp_gain":0.0,"max_hp_loss":0.0,"gold_gain":0.0,"event_name":"Duplicator","player_choice":"Copied","floor":20.0,"gold_loss":0.0,"damage_taken":0.0,"cards_obtained":["Inflame"]},{"damage_healed":0,"gold_gain":0,"player_choice":"Simplicity","damage_taken":0,"max_hp_gain":0,"max_hp_loss":0,"event_name":"Back to Basics","floor":28,"gold_loss":0,"cards_upgraded":["Strike_R","Strike_R","Strike_R","Strike_R","Defend_R","Defend_R","Defend_R"]},{"damage_healed":0,"gold_gain":0,"player_choice":"Inject Mutagens","damage_taken":0,"relics_obtained":["MutagenicStrength"],"max_hp_gain":0,"max_hp_loss":0,"event_name":"Drug Dealer","floor":31,"gold_loss":0}],"is_beta":true,"boss_relics":[{"not_picked":["Lizard Tail","Calling Bell"],"picked":"Busted Crown"}],"items_purged_floors":[27],"is_endless":false,"potions_floor_spawned":[1,2,3,7,14,19,24],"killed_by":"Collector","ascension_level":20}