{"path_per_floor":["M","$","M","M","?","R","?","M","T","?","M","?","$","?","R","B",null,"M","$","M","?","?","R","M"],"character_chosen":"DEFECT","items_purchased":["Rip and Tear","Deep Breath","Apotheosis","Dexterity Potion"],"gold_per_floor":[115,25,45,63,63,63,138,162,189,154,169,169,19,19,19,143,181,200,2,25,25,25,25,46,46],"floor_reached":25,"campfire_rested":1,"playtime":1489,"current_hp_per_floor":[68,68,62,62,44,44,33,28,28,46,41,59,59,59,59,30,77,66,66,49,49,49,72,30,0],"items_purged":["Decay","Parasite"],"gold":46,"score":201,"play_id":"1b483c78-ac67-4a74-a1dd-8b8d7eff3da3","local_time":"20180515055236","is_prod":false,"is_daily":false,"chose_seed":false,"is_ascension_mode":true,"campfire_upgraded":1,"timestamp":1526372556,"path_taken":["M","$","M","M","?","R","?","M","T","?","?","?","$","?","R","BOSS","M","$","M","?","?","R","M","E"],"build_version":"2018-05-12v2","seed_source_timestamp":192659534379098,"purchased_purges":2,"victory":false,"master_deck":["Strike_B","Strike_B","Strike_B","Strike_B","Defend_B","Defend_B","Defend_B","Defend_B","Zap","Dualcast+1","Parasite","White Noise","Rip and Tear","Conserve Battery+1","Hello World","Melter","Aggregate","Deep Breath","Impulse","Multi-Cast","Stack","Sweeping Beam","Apotheosis","Normality","Chill","Darkness"],"max_hp_per_floor":[75,75,75,75,75,75,75,75,75,75,75,75,72,72,72,72,77,77,77,77,77,77,77,77,77],"relics":["Calling Bell","Blood Vial","The Courier","Peace Pipe","Golden Idol","Lantern","Tiny House","Dream Catcher"],"card_choices":[{"not_picked":["Axe Kick","Beam Cell"],"picked":"White Noise","floor":1},{"not_picked":["Stack","Rebound"],"picked":"Conserve Battery","floor":3},{"not_picked":["Loop","Heatsinks"],"picked":"Hello World","floor":4},{"not_picked":["Ball Lightning","Glacier"],"picked":"Melter","floor":8},{"not_picked":["Streamline","Darkness"],"picked":"Aggregate","floor":11},{"not_picked":["Electrodynamics","Seek"],"picked":"Multi-Cast","floor":16},{"not_picked":["Skim","Turbo"],"picked":"Stack","floor":17},{"not_picked":["Leap","Rebound"],"picked":"Sweeping Beam","floor":18},{"not_picked":["Cold Snap","Sweeping Beam","Skim"],"picked":"SKIP","floor":20},{"not_picked":["Axe Kick","Coolheaded"],"picked":"Chill","floor":23},{"not_picked":["Multi-Cast","Coolheaded"],"picked":"Darkness","floor":24}],"player_experience":422649,"potions_floor_usage":[3,4,18,18,20,24],"damage_taken":[{"damage":7,"enemies":"Small Slimes","floor":1,"turns":5},{"damage":8,"enemies":"2 Louse","floor":3,"turns":3},{"damage":2,"enemies":"Jaw Worm","floor":4,"turns":6},{"damage":7,"enemies":"Large Slime","floor":8,"turns":7},{"damage":7,"enemies":"Blue Slaver","floor":11,"turns":3},{"damage":31,"enemies":"The Guardian","floor":16,"turns":13},{"damage":11,"enemies":"Shell Parasite","floor":18,"turns":11},{"damage":19,"enemies":"Spheric Guardian","floor":20,"turns":6},{"damage":44,"enemies":"Centurion and Healer","floor":24,"turns":15},{"damage":36,"enemies":"Gremlin Leader","floor":25,"turns":2}],"event_choices":[{"event_name":"Golden Idol","player_choice":"Take Damage","floor":5,"damage_taken":0},{"event_name":"World of Goop","player_choice":"Gather Gold","floor":7,"damage_taken":0},{"event_name":"The Cleric","player_choice":"Healed","floor":10,"damage_taken":0},{"event_name":"Mushrooms","player_choice":"Healed and dodged fight","floor":12,"damage_taken":0},{"event_name":"Match and Keep!","player_choice":"1 cards matched","floor":14,"damage_taken":0},{"event_name":"Accursed Blacksmith","player_choice":"Rummage","floor":21,"damage_taken":0},{"event_name":"Beggar","player_choice":"Ignored","floor":22,"damage_taken":0}],"boss_relics":[{"not_picked":["Inserter","Runic Dome"],"picked":"Tiny House"}],"potions_floor_spawned":[1,3,11,20],"seed_played":"7510223043476192855","killed_by":"Gremlin Leader","ascension_level":1,"is_trial":false}