{"gold_per_floor":[115,115,128,139,149,149,175,175,175,175,175,6,17,31,31,129,129,142,41,59,59,74,74,84,84,141,141,151,151,151,171,171,276,276,295,295,306,130,146,146,175,194,239,239],"floor_reached":44,"playtime":2503,"items_purged":["Pain"],"score":444,"play_id":"50b79812-7150-4548-8d82-6e43e3dfd769","local_time":"20190217035116","is_ascension_mode":false,"campfire_choices":[{"data":"Neutralize","floor":6,"key":"SMITH"},{"data":"Survivor","floor":11,"key":"SMITH"},{"floor":15,"key":"REST"},{"floor":23,"key":"REST"},{"data":"Noxious Fumes","floor":27,"key":"SMITH"},{"floor":29,"key":"REST"},{"floor":32,"key":"REST"},{"floor":40,"key":"REST"}],"neow_cost":"NONE","seed_source_timestamp":274187950079676,"circlet_count":0,"master_deck":["Defend_G","Defend_G","Defend_G","Defend_G","Defend_G","Strike_G","Strike_G","Strike_G","Strike_G","Strike_G","Survivor+1","Neutralize+1","Slice","Blade Dance","Slice","Blade Dance","PiercingWail","Infinite Blades","Sucker Punch+1","Unload","Finisher","Leg Sweep+1","Noxious Fumes+1","Masterful Stab","Storm of Steel","Endless Agony+1","Accuracy+1","Apotheosis","PiercingWail"],"relics":["WristBlade","Matryoshka","Bag of Preparation","WarpedTongs","Art of War","Tiny Chest","Gremlin Horn","Lizard Tail","Regal Pillow","Strawberry"],"potions_floor_usage":[5,7,8,16,20,33,33,37,41,42],"damage_taken":[{"damage":0,"enemies":"Small Slimes","floor":1,"turns":3},{"damage":0,"enemies":"Cultist","floor":3,"turns":3},{"damage":0,"enemies":"Jaw Worm","floor":4,"turns":4},{"damage":1,"enemies":"Lots of Slimes","floor":5,"turns":3},{"damage":10,"enemies":"Lagavulin","floor":7,"turns":8},{"damage":0,"enemies":"Gremlin Gang","floor":8,"turns":1},{"damage":2,"enemies":"Large Slime","floor":13,"turns":4},{"damage":0,"enemies":"Red Slaver","floor":14,"turns":3},{"damage":23,"enemies":"The Guardian","floor":16,"turns":14},{"damage":12,"enemies":"Spheric Guardian","floor":18,"turns":4},{"damage":12,"enemies":"2 Thieves","floor":20,"turns":3},{"damage":0,"enemies":"Shelled Parasite and Fungi","floor":22,"turns":3},{"damage":10,"enemies":"Snake Plant","floor":24,"turns":5},{"damage":27,"enemies":"Centurion and Healer","floor":28,"turns":6},{"damage":6,"enemies":"Chosen and Byrds","floor":31,"turns":5},{"damage":64,"enemies":"Automaton","floor":33,"turns":10},{"damage":18,"enemies":"Orb Walker","floor":35,"turns":5},{"damage":16,"enemies":"3 Darklings","floor":37,"turns":6},{"damage":35,"enemies":"Sphere and 2 Shapes","floor":39,"turns":6},{"damage":19,"enemies":"Reptomancer","floor":41,"turns":8},{"damage":51,"enemies":"Spire Growth","floor":42,"turns":6},{"damage":24,"enemies":"Maw","floor":44,"turns":4}],"seed_played":"6248386533659254949","potions_obtained":[{"floor":4,"key":"SteroidPotion"},{"floor":5,"key":"Block Potion"},{"floor":7,"key":"SmokeBomb"},{"floor":14,"key":"GamblersBrew"},{"floor":22,"key":"Strength Potion"},{"floor":31,"key":"Strength Potion"},{"floor":33,"key":"Strength Potion"},{"floor":39,"key":"Weak Potion"},{"floor":41,"key":"Fire Potion"}],"is_trial":false,"path_per_floor":["M","?","M","M","M","R","E","M","T","?","R","$","M","M","R","B",null,"M","$","M","?","M","R","M","?","T","R","M","R","?","M","R","B",null,"M","?","M","$","M","R","E","M","T","M"],"character_chosen":"THE_SILENT","items_purchased":["Blade Dance","PiercingWail","Fruit Juice","Apotheosis"],"campfire_rested":5,"item_purchase_floors":[12,12,19,38],"current_hp_per_floor":[70,70,70,70,69,69,59,59,59,59,59,59,57,57,70,47,70,58,58,51,51,51,73,63,63,63,63,36,58,58,52,74,10,75,57,57,41,41,6,28,9,7,14,0],"gold":239,"neow_bonus":"BOSS_RELIC","is_prod":false,"is_daily":false,"chose_seed":false,"campfire_upgraded":3,"win_rate":0,"timestamp":1550388076,"path_taken":["M","?","?","M","M","R","E","M","T","?","R","$","?","M","R","BOSS","M","$","?","?","?","R","M","?","T","R","M","R","?","M","R","BOSS","M","?","M","$","M","R","E","M","T","M"],"build_version":"2019-02-06","purchased_purges":1,"victory":false,"max_hp_per_floor":[70,70,70,70,70,70,70,70,70,70,70,70,70,70,70,70,70,70,70,75,75,75,75,75,75,75,75,75,75,75,75,75,75,75,75,75,75,75,75,75,75,75,82,82],"card_choices":[{"not_picked":["Blade Dance","Deadly Poison"],"picked":"Slice","floor":1},{"not_picked":["Quick Slash","Dodge and Roll","Dagger Throw"],"picked":"SKIP","floor":3},{"not_picked":["Wraith Form v2","Bane"],"picked":"Blade Dance","floor":4},{"not_picked":["Deflect","Outmaneuver"],"picked":"Slice","floor":5},{"not_picked":["Phantasmal Killer","Flying Knee","Outmaneuver"],"picked":"SKIP","floor":7},{"not_picked":["Finisher","Crippling Poison"],"picked":"Infinite Blades","floor":13},{"not_picked":["Calculated Gamble","Tactician"],"picked":"Sucker Punch","floor":14},{"not_picked":["Phantasmal Killer","Grand Finale"],"picked":"Unload","floor":16},{"not_picked":["Underhanded Strike","Outmaneuver+1"],"picked":"Finisher","floor":18},{"not_picked":["Blade Dance","Expertise"],"picked":"Leg Sweep+1","floor":20},{"not_picked":["Finisher","Deadly Poison+1"],"picked":"Noxious Fumes","floor":22},{"not_picked":["PiercingWail","Infinite Blades+1"],"picked":"Masterful Stab","floor":24},{"not_picked":["Deadly Poison","Cloak And Dagger","Poisoned Stab"],"picked":"SKIP","floor":28},{"not_picked":["Acrobatics","Concentrate+1","Deflect"],"picked":"SKIP","floor":31},{"not_picked":["Glass Knife","Grand Finale"],"picked":"Storm of Steel","floor":33},{"not_picked":["Underhanded Strike+1","Heel Hook+1"],"picked":"Endless Agony+1","floor":35},{"not_picked":["Backflip","Tactician"],"picked":"Accuracy+1","floor":37},{"not_picked":["Terror","Acrobatics"],"picked":"PiercingWail","floor":39},{"not_picked":["Flying Knee+1","Predator","Dagger Throw+1"],"picked":"SKIP","floor":41},{"not_picked":["Quick Slash+1","Deflect","Underhanded Strike+1"],"picked":"SKIP","floor":42}],"player_experience":638433,"relics_obtained":[{"floor":7,"key":"Matryoshka"},{"floor":9,"key":"Bag of Preparation"},{"floor":26,"key":"Art of War"},{"floor":26,"key":"Tiny Chest"},{"floor":41,"key":"Regal Pillow"},{"floor":43,"key":"Strawberry"}],"event_choices":[{"damage_healed":0,"gold_gain":0,"player_choice":"Bought 0 Potions","damage_taken":0,"max_hp_gain":0,"max_hp_loss":0,"event_name":"The Woman in Blue","floor":2,"gold_loss":0},{"damage_healed":0,"gold_gain":0,"player_choice":"Rummage","damage_taken":0,"relics_obtained":["WarpedTongs"],"max_hp_gain":0,"max_hp_loss":0,"event_name":"Accursed Blacksmith","floor":10,"gold_loss":0,"cards_obtained":["Pain"]},{"damage_healed":0,"gold_gain":0,"player_choice":"Upgraded","damage_taken":0,"max_hp_gain":0,"max_hp_loss":0,"event_name":"Upgrade Shrine","floor":21,"gold_loss":0,"cards_upgraded":["Sucker Punch"]},{"damage_healed":0,"gold_gain":0,"player_choice":"Ignored","damage_taken":0,"max_hp_gain":0,"max_hp_loss":0,"event_name":"Beggar","floor":25,"gold_loss":0},{"damage_healed":0,"gold_gain":0,"player_choice":"Opened","damage_taken":0,"relics_obtained":["Gremlin Horn"],"max_hp_gain":0,"max_hp_loss":0,"event_name":"The Mausoleum","floor":30,"gold_loss":0},{"damage_healed":0,"gold_gain":0,"player_choice":"Ignored","damage_taken":0,"max_hp_gain":0,"max_hp_loss":0,"event_name":"Tomb of Lord Red Mask","floor":36,"gold_loss":0}],"is_beta":true,"boss_relics":[{"not_picked":["Pandora\u0027s Box","Empty Cage","Runic Pyramid"]},{"not_picked":["Calling Bell","Sozu"],"picked":"Lizard Tail"}],"items_purged_floors":[12],"is_endless":false,"potions_floor_spawned":[4,5,7,14,22,31,33,39,41],"killed_by":"Maw","ascension_level":0}