{"gold_per_floor":[209,225,225,225,7,7,7,24,50,65,82,82,94,124,124,198,198,211,211],"floor_reached":19,"playtime":698,"items_purged":[],"score":388,"play_id":"fd1a9240-f856-4747-81eb-5fbb7f564b7f","local_time":"20190126123545","is_ascension_mode":true,"campfire_choices":[{"data":"Zap","floor":6.0,"key":"SMITH"},{"data":"Tempest","floor":12,"key":"SMITH"},{"data":"Barrage","floor":15,"key":"SMITH"}],"neow_cost":"NONE","seed_source_timestamp":1582355160561,"circlet_count":0,"master_deck":["AscendersBane","Strike_B","Strike_B","Strike_B","Defend_B","Defend_B","Defend_B","Defend_B","Zap+1","Dualcast","Tempest+1","Capacitor","Conserve Battery","Steam","Barrage+1","Reboot","All For One","Static Discharge"],"special_seed":0,"relics":["Cracked Core","PreservedInsect","Art of War","Dodecahedron","Philosopher\u0027s Stone"],"potions_floor_usage":[14,16,18,19],"damage_taken":[{"damage":12.0,"enemies":"Jaw Worm","floor":1.0,"turns":3.0},{"damage":1.0,"enemies":"Cultist","floor":2.0,"turns":3.0},{"damage":3.0,"enemies":"2 Louse","floor":8.0,"turns":3.0},{"damage":2.0,"enemies":"Exordium Wildlife","floor":10.0,"turns":3.0},{"damage":6.0,"enemies":"Large Slime","floor":11.0,"turns":5.0},{"damage":11,"enemies":"Looter","floor":13,"turns":3},{"damage":0,"enemies":"Lagavulin","floor":14,"turns":5},{"damage":17,"enemies":"The Guardian","floor":16,"turns":10},{"damage":40,"enemies":"3 Byrds","floor":18,"turns":3},{"damage":24,"enemies":"Masked Bandits","floor":19,"turns":2}],"seed_played":"8561348649534320381","potions_obtained":[{"floor":2.0,"key":"Dexterity Potion"},{"floor":14,"key":"Explosive Potion"},{"floor":18,"key":"AttackPotion"}],"is_trial":false,"path_per_floor":["M","M","?","?","$","R","$","M","T","M","M","R","M","E","R","B",null,"M","?"],"character_chosen":"DEFECT","items_purchased":["PreservedInsect","PowerPotion"],"campfire_rested":0,"item_purchase_floors":[5,5],"current_hp_per_floor":[52,51,44,44,44,44,44,41,41,39,33,33,22,22,22,5,55,15,0],"gold":211,"neow_bonus":"HUNDRED_GOLD","is_prod":false,"is_daily":false,"chose_seed":false,"campfire_upgraded":3,"win_rate":0,"timestamp":1548502545,"path_taken":["M","M","?","?","$","R","?","M","T","?","M","R","?","E","R","BOSS","M","?"],"build_version":"2019-01-23","purchased_purges":0,"victory":false,"max_hp_per_floor":[71,71,71,71,71,71,71,71,71,71,71,71,71,71,71,71,71,71,71],"card_choices":[{"not_picked":["Redo","Chill"],"picked":"Tempest","floor":1.0},{"not_picked":["Steam","Streamline"],"picked":"Capacitor","floor":2.0},{"not_picked":["Redo","Stack"],"picked":"Conserve Battery","floor":8.0},{"not_picked":["Barrage","Hello World"],"picked":"Steam","floor":10.0},{"not_picked":["BootSequence","Compile Driver"],"picked":"Barrage","floor":11},{"not_picked":["Hello World","Scrape","Compile Driver"],"picked":"SKIP","floor":13},{"not_picked":["Capacitor","Reinforced Body"],"picked":"Reboot","floor":14},{"not_picked":["Seek","Reboot"],"picked":"All For One","floor":16},{"not_picked":["Redo","Gash"],"picked":"Static Discharge","floor":18}],"player_experience":915638,"relics_obtained":[{"floor":9.0,"key":"Art of War"},{"floor":14,"key":"Dodecahedron"}],"event_choices":[{"cards_removed":["Strike_B"],"damage_healed":0.0,"max_hp_gain":0.0,"max_hp_loss":0.0,"gold_gain":0.0,"event_name":"Golden Wing","player_choice":"Card Removal","floor":3.0,"gold_loss":0.0,"damage_taken":7.0},{"damage_healed":0.0,"max_hp_gain":0.0,"max_hp_loss":0.0,"gold_gain":0.0,"event_name":"Scrap Ooze","player_choice":"Fled","floor":4.0,"gold_loss":0.0,"damage_taken":0.0},{"damage_healed":0,"gold_gain":0,"player_choice":"Fought Bandits","damage_taken":0,"max_hp_gain":0,"max_hp_loss":0,"event_name":"Masked Bandits","floor":19,"gold_loss":0}],"is_beta":true,"boss_relics":[{"not_picked":["Orrery","Black Star"],"picked":"Philosopher\u0027s Stone"}],"items_purged_floors":[],"is_endless":false,"potions_floor_spawned":[2,10,13,14,18],"killed_by":"Masked Bandits","ascension_level":20}