{"gold_per_floor":[119,18,18,193,203,230,245,245,245,245,245,245,158,158,158,257,257,277,291,310,310,64,64,64,64,143,143,169,17,28,47,47,142,142,153,166,66,0,999,999],"floor_reached":40,"playtime":2297,"items_purged":["Shame","Doubt"],"score":450,"play_id":"b63333c2-69dd-4a12-bf03-049a0250d56f","local_time":"20190123031042","is_ascension_mode":false,"campfire_choices":[{"data":"Hello World","floor":8,"key":"SMITH"},{"data":"Gash","floor":12,"key":"SMITH"},{"floor":15,"key":"REST"},{"floor":23,"key":"REST"},{"floor":25,"key":"REST"},{"data":"Gash","floor":27,"key":"SMITH"},{"floor":32,"key":"REST"}],"neow_cost":"NONE","seed_source_timestamp":457074142906569,"circlet_count":0,"master_deck":["Strike_B","Strike_B","Strike_B","Strike_B","Defend_B","Defend_B","Defend_B","Defend_B","Dualcast","Tempest","Leap","Hello World+1","Genetic Algorithm","Gash+1","Gash+1","Purity","Buffer+1","White Noise+1","Storm+1","Panache+1","Gash","Creative AI+1","Buffer+1","Capacitor+1","Consume+1","Static Discharge+1","Self Repair+1"],"relics":["Cracked Core","Turnip","Pear","Dead Branch","Frozen Egg 2","White Beast Statue","Emotion Chip","Shuriken","Regal Pillow","Omamori","Astrolabe","Red Mask"],"potions_floor_usage":[6,19,20,22,30,33,36,36,40],"damage_taken":[{"damage":1,"enemies":"Cultist","floor":1,"turns":3},{"damage":2,"enemies":"Jaw Worm","floor":5,"turns":4},{"damage":14,"enemies":"3 Sentries","floor":6,"turns":9},{"damage":0,"enemies":"2 Louse","floor":7,"turns":2},{"damage":65,"enemies":"Hexaghost","floor":16,"turns":12},{"damage":47,"enemies":"3 Byrds","floor":18,"turns":6},{"damage":21,"enemies":"Chosen","floor":19,"turns":5},{"damage":0,"enemies":"Sentry and Sphere","floor":20,"turns":8},{"damage":45,"enemies":"Book of Stabbing","floor":28,"turns":6},{"damage":31,"enemies":"Shelled Parasite and Fungi","floor":30,"turns":4},{"damage":21,"enemies":"Snake Plant","floor":31,"turns":3},{"damage":3,"enemies":"Automaton","floor":33,"turns":8},{"damage":11,"enemies":"Orb Walker","floor":35,"turns":4},{"damage":33,"enemies":"3 Darklings","floor":36,"turns":8},{"damage":57,"enemies":"Reptomancer","floor":40,"turns":2}],"seed_played":"-1483542050424187270","potions_obtained":[{"floor":1,"key":"FocusPotion"},{"floor":7,"key":"Poison Potion"},{"floor":18,"key":"AttackPotion"},{"floor":19,"key":"Regen Potion"},{"floor":20,"key":"Fruit Juice"},{"floor":28,"key":"Fire Potion"},{"floor":30,"key":"FairyPotion"},{"floor":31,"key":"Block Potion"},{"floor":33,"key":"Strength Potion"},{"floor":35,"key":"SkillPotion"},{"floor":36,"key":"PowerPotion"}],"is_trial":false,"path_per_floor":["$","?","?","T","?","M","?","?","M","?","?"],"character_chosen":"DEFECT","items_purchased":["Leap","Hello World","Purity","Panache+1","Omamori"],"campfire_rested":4,"item_purchase_floors":[2,2,13,22,29],"current_hp_per_floor":[74,74,74,74,72,58,58,58,68,68,68,68,68,68,85,20,85,38,17,32,32,37,64,64,90,90,90,45,45,14,2,44,41,90,79,56,56,56,56,0],"gold":999,"neow_bonus":"TRANSFORM_CARD","is_prod":false,"is_daily":false,"chose_seed":false,"campfire_upgraded":3,"win_rate":0,"timestamp":1548225642,"path_taken":["M","?","$","?","M","E","M","R","T","?","?","R","$","?","R","BOSS","M","?","M","?","$","R","?","R","T","R","E","$","?","M","R","BOSS","M","M","$","?","?","E"],"build_version":"2019-01-22","purchased_purges":2,"victory":false,"max_hp_per_floor":[75,75,75,75,75,75,75,75,85,85,85,85,85,85,85,85,85,85,85,85,85,90,90,90,90,90,90,90,90,90,90,90,90,90,90,90,90,90,90,90],"card_choices":[{"not_picked":["Chill","Skim"],"picked":"Consume","floor":1},{"not_picked":["Barrage","Go for the Eyes"],"picked":"Genetic Algorithm","floor":5},{"not_picked":["Cold Snap","Reprogram"],"picked":"Gash","floor":6},{"not_picked":["Auto Shields","Genetic Algorithm"],"picked":"Gash","floor":7},{"not_picked":["Amplify","All For One"],"picked":"Buffer+1","floor":16},{"not_picked":["Go for the Eyes+1","Sweeping Beam"],"picked":"White Noise+1","floor":18},{"not_picked":["Rebound","Blizzard"],"picked":"Chill","floor":19},{"not_picked":["Beam Cell+1","Cold Snap+1"],"picked":"Storm+1","floor":20},{"not_picked":["Stack","Leap+1"],"picked":"Gash","floor":28},{"not_picked":["Sweeping Beam","Coolheaded","Loop+1"],"picked":"SKIP","floor":30},{"not_picked":["Turbo+1","Cold Snap"],"picked":"Creative AI+1","floor":31},{"not_picked":["Core Surge","Biased Cognition+1"],"picked":"Buffer+1","floor":33},{"not_picked":["Leap","Steam+1"],"picked":"Self Repair+1","floor":35},{"not_picked":["Streamline+1","Sweeping Beam","Stack+1"],"picked":"SKIP","floor":36}],"player_experience":600479,"relics_obtained":[{"floor":6,"key":"Turnip"},{"floor":9,"key":"Pear"},{"floor":11,"key":"Dead Branch"},{"floor":26,"key":"Shuriken"},{"floor":28,"key":"Regal Pillow"}],"event_choices":[{"damage_healed":0,"gold_gain":175,"player_choice":"AGREE","damage_taken":0,"max_hp_gain":0,"max_hp_loss":0,"event_name":"Liars Game","floor":4,"gold_loss":0,"cards_obtained":["Doubt"]},{"damage_healed":0,"gold_gain":0,"player_choice":"Leave","damage_taken":0,"max_hp_gain":0,"max_hp_loss":0,"event_name":"The Cleric","floor":10,"gold_loss":0},{"damage_healed":0,"gold_gain":0,"player_choice":"Gave Potion","damage_taken":0,"relics_obtained":["Frozen Egg 2"],"max_hp_gain":0,"max_hp_loss":0,"event_name":"WeMeetAgain","floor":14,"gold_loss":0},{"damage_healed":0,"gold_gain":0,"player_choice":"Stole Relic","damage_taken":0,"relics_obtained":["Emotion Chip"],"max_hp_gain":0,"max_hp_loss":0,"event_name":"Addict","floor":21,"gold_loss":0,"cards_obtained":["Shame"]},{"damage_healed":0,"gold_gain":0,"player_choice":"1 cards matched","damage_taken":0,"max_hp_gain":0,"max_hp_loss":0,"event_name":"Match and Keep!","floor":24,"gold_loss":0,"cards_obtained":["Hello World"]},{"damage_healed":0,"gold_gain":0,"player_choice":"Paid","damage_taken":0,"relics_obtained":["Red Mask"],"max_hp_gain":0,"max_hp_loss":0,"event_name":"Tomb of Lord Red Mask","floor":38,"gold_loss":66},{"damage_healed":0,"gold_gain":999,"player_choice":"Gold","damage_taken":0,"max_hp_gain":0,"max_hp_loss":0,"event_name":"MindBloom","floor":39,"gold_loss":0,"cards_obtained":["Normality","Normality"]}],"is_beta":true,"boss_relics":[{"not_picked":["Empty Cage","Ectoplasm"],"picked":"White Beast Statue"},{"not_picked":["Tiny House","Black Star"],"picked":"Astrolabe"}],"items_purged_floors":[22,37],"is_endless":false,"potions_floor_spawned":[1,7,18,19,20,28,30,31,33,35,36],"killed_by":"Reptomancer","ascension_level":0}