{"gold_per_floor":[117,117,134,84,84,117,135,160,183,198,5,5,84,127,127,258,258,283,283,383,404,420,491,46,46,46,70,94,135,160,160,160,160],"floor_reached":33,"playtime":1969,"items_purged":["Strike_B"],"score":419,"play_id":"7d0f9fce-0382-470e-a23b-2b432fb6d915","local_time":"20190114231138","is_ascension_mode":true,"campfire_choices":[{"data":"Defragment","floor":12,"key":"SMITH"},{"data":"Zap","floor":15,"key":"SMITH"},{"floor":25,"key":"REST"},{"floor":32,"key":"DIG"}],"neow_cost":"NONE","seed_source_timestamp":43836313561449,"circlet_count":0,"master_deck":["Strike_B","Strike_B","Defend_B","Defend_B","Defend_B","Defend_B","Zap+1","Dualcast","Defragment+1","Coolheaded","Beam Cell","Leap","All For One","Doom and Gloom","Gash","Rainbow","Conserve Battery+1","Hologram+1","Skim+1","Go for the Eyes","Panache","Darkness+1","Streamline","All For One"],"special_seed":0,"relics":["Cracked Core","Golden Idol","Boot","Art of War","Bag of Preparation","Anchor","Sozu","Tiny Chest","Regal Pillow","Prayer Wheel","Toxic Egg 2","Shovel","Blood Vial"],"potions_floor_usage":[6,6,8,14,16],"damage_taken":[{"damage":2,"enemies":"Jaw Worm","floor":1,"turns":3},{"damage":1,"enemies":"Cultist","floor":3,"turns":4},{"damage":33,"enemies":"3 Sentries","floor":6,"turns":10},{"damage":1,"enemies":"2 Louse","floor":7,"turns":3},{"damage":4,"enemies":"Large Slime","floor":8,"turns":6},{"damage":0,"enemies":"3 Louse","floor":10,"turns":3},{"damage":13,"enemies":"Gremlin Nob","floor":14,"turns":4},{"damage":14,"enemies":"Slime Boss","floor":16,"turns":6},{"damage":13,"enemies":"2 Thieves","floor":18,"turns":3},{"damage":0,"enemies":"3 Byrds","floor":21,"turns":4},{"damage":9,"enemies":"Snake Plant","floor":22,"turns":4},{"damage":40,"enemies":"Book of Stabbing","floor":23,"turns":6},{"damage":0,"enemies":"Shelled Parasite and Fungi","floor":27,"turns":3},{"damage":1,"enemies":"Centurion and Healer","floor":28,"turns":3},{"damage":0,"enemies":"Gremlin Leader","floor":29,"turns":5},{"damage":26,"enemies":"Snake Plant","floor":30,"turns":4},{"damage":51,"enemies":"Champ","floor":33,"turns":6}],"seed_played":"5075312838386721236","potions_obtained":[{"floor":0,"key":"Fire Potion"},{"floor":0,"key":"Regen Potion"},{"floor":0,"key":"Weak Potion"},{"floor":1,"key":"Block Potion"},{"floor":6,"key":"SpeedPotion"},{"floor":7,"key":"Weak Potion"}],"is_trial":false,"path_per_floor":["M","?","M","?","?","E","M","M","T","M","$","R","?","E","R","B",null,"M","?","?","M","M","E","$","R","T","M","M","E","M","T","R","B"],"character_chosen":"DEFECT","items_purchased":["Bag of Preparation","Gash","Go for the Eyes","Panache","Regal Pillow"],"campfire_rested":1,"item_purchase_floors":[11,11,24,24,24],"current_hp_per_floor":[66,75,74,74,56,38,37,33,33,33,33,33,33,20,20,6,58,45,70,70,70,61,21,21,58,58,58,57,57,31,31,31,0],"gold":160,"neow_bonus":"THREE_SMALL_POTIONS","is_prod":false,"is_daily":false,"chose_seed":false,"campfire_upgraded":2,"win_rate":0,"timestamp":1547529098,"path_taken":["M","?","?","?","?","E","M","M","T","M","$","R","?","E","R","BOSS","M","?","?","?","M","E","$","R","T","M","M","E","M","?","R","BOSS"],"build_version":"2019-01-10","purchased_purges":1,"victory":false,"max_hp_per_floor":[75,75,75,75,75,75,75,75,75,75,75,75,75,75,75,75,75,75,75,75,75,75,75,75,75,75,75,75,75,75,75,75,75],"card_choices":[{"not_picked":["Tempest","Compile Driver"],"picked":"Defragment","floor":1},{"not_picked":["Compile Driver","Gash"],"picked":"Coolheaded","floor":3},{"not_picked":["Reprogram","Double Energy"],"picked":"Beam Cell","floor":6},{"not_picked":["Rebound","Barrage"],"picked":"Leap","floor":7},{"not_picked":["Go for the Eyes","Streamline"],"picked":"All For One","floor":8},{"not_picked":["Auto Shields","Heatsinks"],"picked":"Doom and Gloom","floor":10},{"not_picked":["Aggregate","Ball Lightning","Electrodynamics"],"picked":"SKIP","floor":14},{"not_picked":["Biased Cognition","Amplify"],"picked":"Rainbow","floor":16},{"not_picked":["Compile Driver+1","Ball Lightning"],"picked":"Conserve Battery+1","floor":18},{"not_picked":["Turbo+1","Coolheaded"],"picked":"Hologram+1","floor":21},{"not_picked":["Conserve Battery","Blizzard","Beam Cell"],"picked":"SKIP","floor":22},{"not_picked":["Go for the Eyes","Conserve Battery"],"picked":"Skim+1","floor":23},{"not_picked":["Double Energy","Fusion","Static Discharge"],"picked":"SKIP","floor":27},{"not_picked":["Rip and Tear","Turbo","Fusion+1"],"picked":"SKIP","floor":27},{"not_picked":["Chill","Sweeping Beam+1"],"picked":"Darkness+1","floor":28},{"not_picked":["Conserve Battery","Stack"],"picked":"Streamline","floor":28},{"not_picked":["Melter","Reprogram","Stack"],"picked":"SKIP","floor":29},{"not_picked":["Rebound","Conserve Battery+1"],"picked":"All For One","floor":30},{"not_picked":["White Noise+1","Turbo+1","Melter"],"picked":"SKIP","floor":30}],"player_experience":199149,"relics_obtained":[{"floor":6,"key":"Boot"},{"floor":9,"key":"Art of War"},{"floor":14,"key":"Anchor"},{"floor":23,"key":"Tiny Chest"},{"floor":26,"key":"Prayer Wheel"},{"floor":29,"key":"Toxic Egg 2"},{"floor":31,"key":"Shovel"},{"floor":32,"key":"Blood Vial"}],"event_choices":[{"damage_healed":9,"gold_gain":0,"player_choice":"Full Heal","damage_taken":0,"max_hp_gain":0,"max_hp_loss":0,"event_name":"Wheel of Change","floor":2,"gold_loss":0},{"cards_removed":["Strike_B"],"damage_healed":0,"gold_gain":0,"player_choice":"Card Removal","damage_taken":0,"max_hp_gain":0,"max_hp_loss":0,"event_name":"The Cleric","floor":4,"gold_loss":50},{"damage_healed":0,"gold_gain":0,"player_choice":"Take Damage","damage_taken":18,"relics_obtained":["Golden Idol"],"max_hp_gain":0,"max_hp_loss":0,"event_name":"Golden Idol","floor":5,"gold_loss":0},{"damage_healed":0,"gold_gain":79,"player_choice":"Gained Gold","damage_taken":0,"max_hp_gain":0,"max_hp_loss":0,"event_name":"Golden Wing","floor":13,"gold_loss":0},{"damage_healed":25,"gold_gain":0,"player_choice":"Heal","damage_taken":0,"max_hp_gain":0,"max_hp_loss":0,"event_name":"The Library","floor":19,"gold_loss":0},{"damage_healed":0,"gold_gain":100,"player_choice":"Pray","damage_taken":0,"max_hp_gain":0,"max_hp_loss":0,"event_name":"Golden Shrine","floor":20,"gold_loss":0}],"is_beta":false,"boss_relics":[{"not_picked":["Black Star","Orrery"],"picked":"Sozu"}],"items_purged_floors":[24],"is_endless":false,"potions_floor_spawned":[1,6,7,22,28,29],"killed_by":"Champ","ascension_level":6}