{"gold_per_floor":[19,36,50,50,60,60,60,89,115,115,13,47,47,58,58,154,154,172,190,58,58,58,58,137,137,185,217,232,246,276,286,286,384,384,402,502,82,92,103,103,132,132,132,146,146,159,188,148,148,148],"floor_reached":51,"playtime":4517,"items_purged":["Strike_G","Concentrate","Blade Dance"],"score":1195,"play_id":"8bc224e5-c0b6-4d58-9cb3-5c6979c145a8","local_time":"20190113171818","is_ascension_mode":true,"campfire_choices":[{"data":"Neutralize","floor":6.0,"key":"SMITH"},{"data":"Glass Knife","floor":10.0,"key":"SMITH"},{"floor":13.0,"key":"REST"},{"data":"Terror","floor":15.0,"key":"SMITH"},{"data":"Wraith Form v2","floor":23.0,"key":"SMITH"},{"data":"Footwork","floor":25.0,"key":"SMITH"},{"floor":32.0,"key":"REST"},{"data":"Night Terror","floor":40,"key":"SMITH"},{"data":"Footwork","floor":42,"key":"SMITH"},{"data":"Well Laid Plans","floor":45,"key":"SMITH"},{"floor":49,"key":"REST"}],"neow_cost":"NO_GOLD","seed_source_timestamp":172578874330458,"circlet_count":0,"master_deck":["AscendersBane","Survivor","Neutralize+1","Glass Knife+1","Deadly Poison+1","Backstab","Terror+1","Deadly Poison","Glass Knife+1","Poisoned Stab","Corpse Explosion","Backflip+1","Wraith Form v2+1","Cloak And Dagger","Footwork+1","Quick Slash","Leg Sweep","Blur+1","Backflip+1","Heel Hook","Backflip+1","Night Terror+1","Backflip+1","Die Die Die","PiercingWail","Footwork+1","Finesse","Deflect+1","Well Laid Plans+1","Escape Plan+1"],"special_seed":0,"relics":["Ring of the Snake","Snake Skull","Smiling Mask","Bag of Preparation","Pandora\u0027s Box","Nilry\u0027s Codex","MutagenicStrength","Bottled Lightning","Vajra","Potion Belt","Pen Nib","Runic Dome","The Specimen","War Paint","Dead Branch","Ornamental Fan","Lantern"],"potions_floor_usage":[36,47,50,50,50],"damage_taken":[{"damage":2.0,"enemies":"Jaw Worm","floor":1.0,"turns":4.0},{"damage":1.0,"enemies":"Small Slimes","floor":2.0,"turns":5.0},{"damage":0.0,"enemies":"Cultist","floor":3.0,"turns":3.0},{"damage":0.0,"enemies":"3 Louse","floor":5.0,"turns":3.0},{"damage":24.0,"enemies":"3 Sentries","floor":8.0,"turns":9.0},{"damage":10.0,"enemies":"Lagavulin","floor":12.0,"turns":4.0},{"damage":0.0,"enemies":"2 Fungi Beasts","floor":14.0,"turns":1.0},{"damage":0.0,"enemies":"Slime Boss","floor":16.0,"turns":4.0},{"damage":6.0,"enemies":"2 Thieves","floor":18.0,"turns":2.0},{"damage":0.0,"enemies":"Chosen","floor":19.0,"turns":3.0},{"damage":1.0,"enemies":"Book of Stabbing","floor":27.0,"turns":3.0},{"damage":0.0,"enemies":"Snake Plant","floor":28.0,"turns":1.0},{"damage":4.0,"enemies":"Sentry and Sphere","floor":29.0,"turns":4.0},{"damage":9.0,"enemies":"Slavers","floor":30.0,"turns":5.0},{"damage":0.0,"enemies":"Shelled Parasite and Fungi","floor":31.0,"turns":2.0},{"damage":44.0,"enemies":"Automaton","floor":33.0,"turns":7.0},{"damage":0.0,"enemies":"Orb Walker","floor":35.0,"turns":1.0},{"damage":0,"enemies":"Mind Bloom Boss Battle","floor":36,"turns":4},{"damage":5,"enemies":"3 Shapes","floor":38,"turns":3},{"damage":0,"enemies":"Sphere and 2 Shapes","floor":39,"turns":6},{"damage":13,"enemies":"Giant Head","floor":41,"turns":6},{"damage":0,"enemies":"Maw","floor":44,"turns":6},{"damage":0,"enemies":"Transient","floor":46,"turns":5},{"damage":3,"enemies":"Nemesis","floor":47,"turns":7},{"damage":12,"enemies":"Awakened One","floor":50,"turns":12}],"seed_played":"-454508550980375248","potions_obtained":[{"floor":2.0,"key":"LiquidBronze"},{"floor":3.0,"key":"FearPotion"},{"floor":12.0,"key":"LiquidBronze"},{"floor":14.0,"key":"Fire Potion"},{"floor":18.0,"key":"Swift Potion"},{"floor":28.0,"key":"PowerPotion"},{"floor":31.0,"key":"FearPotion"},{"floor":38,"key":"PowerPotion"},{"floor":39,"key":"Energy Potion"},{"floor":46,"key":"Regen Potion"}],"is_trial":false,"path_per_floor":["M","M","M","?","M","R","$","E","T","R","$","E","R","M","R","B",null,"M","M","$","?","?","R","T","R","T","E","M","M","E","M","R","B",null,"M","?","$","M","M","R","E","R","T","M","R","M","E","?","R","B",null],"character_chosen":"THE_SILENT","items_purchased":["Poisoned Stab","Night Terror","Footwork","Finesse","War Paint","PowerPotion"],"campfire_rested":3,"item_purchase_floors":[11,20,37,37,37,37],"current_hp_per_floor":[61,60,60,60,60,60,60,36,36,36,36,26,47,47,47,47,64,58,58,58,42,42,42,42,42,42,41,41,37,28,28,49,5,54,54,54,54,49,49,49,36,36,36,36,36,36,48,48,69,57],"gold":148,"neow_bonus":"THREE_RARE_CARDS","is_prod":false,"is_daily":false,"chose_seed":false,"campfire_upgraded":8,"win_rate":0,"timestamp":1547396298,"path_taken":["M","M","M","?","M","R","?","E","T","R","?","E","R","M","R","BOSS","M","M","$","?","?","R","?","R","T","E","M","M","E","?","R","BOSS","M","?","$","M","M","R","E","R","T","M","R","M","E","?","R","BOSS"],"build_version":"2019-01-10","purchased_purges":3,"victory":true,"max_hp_per_floor":[70,70,70,70,70,70,70,70,70,70,70,70,70,70,70,70,70,70,70,70,70,70,70,70,70,70,70,70,70,70,70,70,70,70,70,70,70,70,70,70,70,70,70,70,70,70,70,70,70,70],"card_choices":[{"not_picked":["Storm of Steel","Venomology"],"picked":"Glass Knife","floor":0.0},{"not_picked":["Prepared","Slice"],"picked":"Deadly Poison","floor":1.0},{"not_picked":["Flying Knee","Catalyst"],"picked":"Backstab","floor":2.0},{"not_picked":["Choke","Setup"],"picked":"Terror","floor":3.0},{"not_picked":["Blade Dance","Bane"],"picked":"Deadly Poison","floor":5.0},{"not_picked":["Setup","Blur"],"picked":"Glass Knife","floor":8.0},{"not_picked":["Outmaneuver","Flying Knee"],"picked":"Corpse Explosion","floor":12.0},{"not_picked":["Infinite Blades","Deflect"],"picked":"Backflip","floor":14.0},{"not_picked":["Unload","Corpse Explosion"],"picked":"Wraith Form v2","floor":16.0},{"not_picked":["Quick Slash","Flying Knee"],"picked":"Backflip+1","floor":18.0},{"not_picked":["Setup+1","Distraction+1","Underhanded Strike+1"],"picked":"SKIP","floor":19.0},{"not_picked":["Bane","Grand Finale","Reflex"],"picked":"SKIP","floor":27.0},{"not_picked":["Eviscerate","All Out Attack"],"picked":"Backflip+1","floor":28.0},{"not_picked":["Acrobatics","Poisoned Stab","Expertise"],"picked":"SKIP","floor":29.0},{"not_picked":["Blade Dance","Tactician","Caltrops"],"picked":"SKIP","floor":30.0},{"not_picked":["Heel Hook","Underhanded Strike","Acrobatics"],"picked":"SKIP","floor":31.0},{"not_picked":["Night Terror","Storm of Steel"],"picked":"Die Die Die","floor":33.0},{"not_picked":["Bane+1","Slice"],"picked":"PiercingWail","floor":35.0},{"not_picked":["Acrobatics","Doppelganger"],"picked":"Deflect+1","floor":38},{"not_picked":["Heel Hook","Calculated Gamble+1","Underhanded Strike+1"],"picked":"SKIP","floor":39},{"not_picked":["Footwork","Reflex+1"],"picked":"Well Laid Plans","floor":41},{"not_picked":["Dodge and Roll","Slice"],"picked":"Escape Plan+1","floor":44},{"not_picked":["Cloak And Dagger","Sucker Punch+1","Deflect+1"],"picked":"SKIP","floor":46},{"not_picked":["Acrobatics+1","Bane+1","Sucker Punch"],"picked":"SKIP","floor":47}],"player_experience":339040,"relics_obtained":[{"floor":8.0,"key":"Snake Skull"},{"floor":9.0,"key":"Smiling Mask"},{"floor":12.0,"key":"Bag of Preparation"},{"floor":21.0,"key":"Nilry\u0027s Codex"},{"floor":24.0,"key":"Bottled Lightning"},{"floor":26.0,"key":"Vajra"},{"floor":27.0,"key":"Potion Belt"},{"floor":30.0,"key":"Pen Nib"},{"floor":36,"key":"The Specimen"},{"floor":41,"key":"Dead Branch"},{"floor":43,"key":"Ornamental Fan"},{"floor":47,"key":"Lantern"}],"event_choices":[{"damage_healed":0.0,"max_hp_gain":0.0,"max_hp_loss":0.0,"gold_gain":0.0,"event_name":"Living Wall","player_choice":"Grow","floor":4.0,"gold_loss":0.0,"damage_taken":0.0,"cards_upgraded":["Glass Knife"]},{"damage_healed":0.0,"max_hp_gain":0.0,"max_hp_loss":0.0,"gold_gain":0.0,"event_name":"Cursed Tome","player_choice":"Obtained Book","floor":21.0,"gold_loss":0.0,"damage_taken":16.0},{"damage_healed":0.0,"max_hp_gain":0.0,"max_hp_loss":0.0,"gold_gain":0.0,"event_name":"Drug Dealer","player_choice":"Inject Mutagens","floor":22.0,"gold_loss":0.0,"damage_taken":0.0,"relics_obtained":["MutagenicStrength"]},{"damage_healed":0,"gold_gain":0,"player_choice":"Fight","damage_taken":0,"max_hp_gain":0,"max_hp_loss":0,"event_name":"MindBloom","floor":36,"gold_loss":0},{"damage_healed":0,"gold_gain":0,"player_choice":"Upgraded Two","damage_taken":0,"max_hp_gain":0,"max_hp_loss":0,"event_name":"Designer","floor":48,"gold_loss":40,"cards_upgraded":["Backflip","Blur"]}],"is_beta":false,"boss_relics":[{"not_picked":["Calling Bell","Snecko Eye"],"picked":"Pandora\u0027s Box"},{"not_picked":["Black Star","Ring of the Serpent"],"picked":"Runic Dome"}],"items_purged_floors":[11,20,37],"is_endless":false,"potions_floor_spawned":[2,3,12,14,18,19,28,31,38,39,44,46],"ascension_level":11}