{"gold_per_floor":[119,137,137,212,212,212,225,225,251,251,262,297,316,327,327,424,424,438,438,426,2,17,17,34,34],"floor_reached":25,"playtime":1868,"items_purged":["Strike_B"],"score":236,"play_id":"bfa4e9ce-96f0-401e-bdfb-e0aa43ce9ef7","local_time":"20181103001414","is_ascension_mode":true,"campfire_choices":[{"data":"Zap","floor":6,"key":"SMITH"},{"data":"Multi-Cast","floor":8,"key":"SMITH"},{"data":"Coolheaded","floor":10,"key":"SMITH"},{"data":"Go for the Eyes","floor":15,"key":"SMITH"},{"data":"Defragment","floor":23,"key":"SMITH"}],"neow_cost":"NONE","seed_source_timestamp":713050188360482,"circlet_count":0,"master_deck":["Strike_B","Strike_B","Defend_B","Defend_B","Defend_B","Defend_B","Zap+1","Dualcast","Multi-Cast+1","Conserve Battery","Coolheaded+1","Cold Snap","Ball Lightning","Hologram","Go for the Eyes+1","Machine Learning","Defragment+1","Chill","Glacier"],"relics":["FrozenCore","Bag of Preparation","Matryoshka","Pantograph"],"potions_floor_usage":[12,16,16,25],"damage_taken":[{"damage":1,"enemies":"Cultist","floor":1,"turns":3},{"damage":0,"enemies":"Small Slimes","floor":2,"turns":2},{"damage":2,"enemies":"Jaw Worm","floor":7,"turns":3},{"damage":0,"enemies":"Looter","floor":11,"turns":3},{"damage":6,"enemies":"Gremlin Nob","floor":12,"turns":3},{"damage":17,"enemies":"Exordium Thugs","floor":13,"turns":5},{"damage":6,"enemies":"Large Slime","floor":14,"turns":3},{"damage":31,"enemies":"Hexaghost","floor":16,"turns":15},{"damage":0,"enemies":"Shell Parasite","floor":18,"turns":10},{"damage":12,"enemies":"2 Thieves","floor":20,"turns":5},{"damage":19,"enemies":"Snake Plant","floor":22,"turns":5},{"damage":2,"enemies":"Shelled Parasite and Fungi","floor":24,"turns":7},{"damage":39,"enemies":"Slavers","floor":25,"turns":7}],"seed_played":"5786218100022066770","potions_obtained":[{"floor":1,"key":"GamblersBrew"},{"floor":2,"key":"SkillPotion"},{"floor":12,"key":"EssenceOfSteel"},{"floor":22,"key":"Fire Potion"}],"is_trial":false,"path_per_floor":["M","M","?","?","?","R","M","R","T","R","M","E","M","M","R","B",null,"M","?","M","$","M","R","M","E"],"character_chosen":"DEFECT","items_purchased":["Defragment","Chill","Pantograph"],"campfire_rested":0,"item_purchase_floors":[21,21,21],"current_hp_per_floor":[74,74,74,63,68,68,66,66,66,66,66,60,43,37,37,6,80,80,80,68,68,49,49,47,8],"gold":34,"neow_bonus":"ONE_RANDOM_RARE_CARD","is_prod":false,"is_daily":false,"chose_seed":false,"campfire_upgraded":5,"win_rate":0,"timestamp":1541222054,"path_taken":["M","?","?","?","?","R","M","R","T","R","M","E","?","M","R","BOSS","M","?","M","$","?","R","M","E"],"build_version":"2018-11-01","purchased_purges":1,"victory":false,"max_hp_per_floor":[75,75,75,75,80,80,80,80,80,80,80,80,80,80,80,80,80,80,80,80,80,80,80,80,80],"card_choices":[{"not_picked":["Leap","Beam Cell"],"picked":"Conserve Battery","floor":1},{"not_picked":["Reinforced Body","Ball Lightning"],"picked":"Coolheaded","floor":2},{"not_picked":["Steam","Beam Cell"],"picked":"Cold Snap","floor":7},{"not_picked":["Auto Shields","Chaos"],"picked":"Ball Lightning","floor":11},{"not_picked":["Recycle","Steam"],"picked":"Hologram","floor":12},{"not_picked":["Redo","Skim"],"picked":"Go for the Eyes","floor":13},{"not_picked":["Blizzard","Amplify","Turbo"],"picked":"SKIP","floor":14},{"not_picked":["Core Surge","Thunder Strike"],"picked":"Machine Learning","floor":16},{"not_picked":["Cold Snap+1","Stack+1","Redo"],"picked":"SKIP","floor":18},{"not_picked":["Reprogram","Sweeping Beam","Steam"],"picked":"SKIP","floor":20},{"not_picked":["Gash","Genetic Algorithm","Beam Cell"],"picked":"SKIP","floor":22},{"not_picked":["Beam Cell+1","Stack"],"picked":"Glacier","floor":24}],"player_experience":92373,"relics_obtained":[{"floor":9,"key":"Bag of Preparation"},{"floor":12,"key":"Matryoshka"}],"event_choices":[{"damage_healed":0,"gold_gain":0,"player_choice":"Ignored","damage_taken":0,"max_hp_gain":0,"max_hp_loss":0,"event_name":"Liars Game","floor":3,"gold_loss":0},{"damage_healed":0,"gold_gain":75,"player_choice":"Gather Gold","damage_taken":11,"max_hp_gain":0,"max_hp_loss":0,"event_name":"World of Goop","floor":4,"gold_loss":0},{"damage_healed":0,"gold_gain":0,"player_choice":"Donut","damage_taken":0,"max_hp_gain":5,"max_hp_loss":0,"event_name":"Big Fish","floor":5,"gold_loss":0},{"cards_removed":["Strike_B"],"damage_healed":0,"gold_gain":0,"player_choice":"Offered Basic","damage_taken":0,"max_hp_gain":0,"max_hp_loss":0,"event_name":"Bonfire Elementals","floor":19,"gold_loss":0}],"is_beta":false,"boss_relics":[{"not_picked":["Velvet Choker","Runic Dome"],"picked":"FrozenCore"}],"items_purged_floors":[21],"is_endless":false,"potions_floor_spawned":[1,2,12,22],"killed_by":"Slavers","ascension_level":3}