{"path_per_floor":["M","$","?","M","?","R","?","R","T","M","$","R","M","M","R","B",null,"M","?","M","M","$","$","M","?","T"],"character_chosen":"IRONCLAD","items_purchased":["Whirlwind","Hemokinesis","Dream Catcher","Singing Bowl","Heavy Blade"],"gold_per_floor":[111,35,35,60,235,235,235,235,235,256,32,32,47,60,60,190,190,215,215,233,249,103,78,93,93,93,93],"floor_reached":27,"campfire_rested":1,"playtime":925,"current_hp_per_floor":[80,80,60,63,63,63,63,63,63,69,69,69,73,70,80,18,80,69,69,63,37,37,37,22,22,22,0],"items_purged":[],"gold":93,"score":203,"play_id":"e44c53fd-f831-42c5-94a9-227fa0160750","local_time":"20180323021010","is_prod":false,"is_daily":false,"is_ascension_mode":false,"campfire_upgraded":3,"timestamp":1521780010,"path_taken":["M","$","?","M","?","R","?","R","T","M","?","R","M","M","R","BOSS","M","?","M","?","?","$","M","?","T","?"],"build_version":"2018-03-22","purchased_purges":0,"victory":false,"master_deck":["Strike_R","Strike_R","Strike_R","Strike_R","Defend_R","Defend_R","Defend_R","Bash+1","Spot Weakness","Uppercut","Whirlwind+1","Rupture","True Grit","Hemokinesis+1","Rupture","Feed","Rampage+1","True Grit+1","Hemokinesis+1","Anger","Inflame","Heavy Blade","Writhe"],"max_hp_per_floor":[80,80,80,80,80,80,80,80,80,80,80,80,80,80,80,80,80,80,80,80,80,80,80,82,82,82,82],"relics":["Burning Blood","Golden Idol","Gambling Chip","Dream Catcher","Astrolabe","Singing Bowl","Happy Flower","Magic Flower"],"card_choices":[{"not_picked":["Metallicize","Anger"],"picked":"Spot Weakness","floor":0},{"not_picked":["Shrug It Off","Flex"],"picked":"Uppercut","floor":1},{"not_picked":["Wild Strike","Power Through"],"picked":"Rupture","floor":4},{"not_picked":["Iron Wave","Armaments"],"picked":"True Grit","floor":10},{"not_picked":["Second Wind","Hemokinesis"],"picked":"Thunderclap","floor":13},{"not_picked":["Metallicize","Cleave"],"picked":"Rupture","floor":14},{"not_picked":["Berserk","Double Tap"],"picked":"Feed","floor":16},{"not_picked":["Clash","Flex"],"picked":"Anger","floor":18},{"not_picked":["Bloodletting","Perfected Strike"],"picked":"Inflame","floor":21}],"player_experience":228841,"potions_floor_usage":[13,16,16,20,21,21,24,24],"damage_taken":[{"damage":0,"enemies":"2 Louse","floor":1,"turns":2},{"damage":3,"enemies":"Jaw Worm","floor":4,"turns":3},{"damage":0,"enemies":"Small Slimes","floor":10,"turns":3},{"damage":2,"enemies":"Looter","floor":13,"turns":4},{"damage":9,"enemies":"Red Slaver","floor":14,"turns":3},{"damage":83,"enemies":"Hexaghost","floor":16,"turns":10},{"damage":17,"enemies":"3 Byrds","floor":18,"turns":4},{"damage":12,"enemies":"Chosen","floor":20,"turns":4},{"damage":32,"enemies":"Snecko","floor":21,"turns":6},{"damage":23,"enemies":"Snake Plant","floor":24,"turns":6},{"damage":27,"enemies":"Slaver and Parasite","floor":27,"turns":3}],"event_choices":[{"event_name":"Golden Idol","player_choice":"Take Damage","floor":3,"damage_taken":0},{"event_name":"Liars Game","player_choice":"agreed","floor":5,"damage_taken":0},{"event_name":"Purifier","player_choice":"One Purge","floor":7,"damage_taken":0},{"event_name":"The Lab","player_choice":"Got Potions","floor":19,"damage_taken":0},{"event_name":"The Mausoleum","player_choice":"Yes","floor":25,"damage_taken":0}],"boss_relics":[{"not_picked":["Black Blood","Sozu"],"picked":"Astrolabe"}],"potions_floor_spawned":[1,4,14,20,21],"seed_played":"2281507554280542388","killed_by":"Slaver and Parasite","ascension_level":0,"is_trial":false}