{"gold_per_floor":[366,316,316,11,27,27,45,45,45,55,55,55,55,119,119,220,220,239,215,130,150,164,193,193,205,232,247,247,281,298,308,308,308],"floor_reached":33,"playtime":1839,"items_purged":[],"score":438,"play_id":"0281e8d2-9716-4c8c-a204-f08624a1fd89","local_time":"20190204162003","is_ascension_mode":true,"campfire_choices":[{"data":"1","floor":6.0,"key":"LIFT"},{"data":"2","floor":8.0,"key":"LIFT"},{"data":"3","floor":12.0,"key":"LIFT"},{"data":"Go for the Eyes","floor":15.0,"key":"SMITH"},{"data":"Fission","floor":24.0,"key":"SMITH"},{"data":"Sweeping Beam","floor":32,"key":"SMITH"}],"neow_cost":"CURSE","seed_source_timestamp":405808452857845,"circlet_count":0,"master_deck":["Strike_B","Strike_B","Strike_B","Strike_B","Defend_B","Defend_B","Defend_B","Defend_B+1","Zap+1","Dualcast+1","Chill+1","Sweeping Beam","Go for the Eyes+1","Fission+1","Sweeping Beam+1","Ball Lightning","Cold Snap","Compile Driver+1","Streamline","Cold Snap","Hologram+1"],"special_seed":0,"relics":["Cracked Core","Girya","FossilizedHelix","War Paint","Regal Pillow","Nuclear Battery","Happy Flower","Letter Opener","Strawberry","MutagenicStrength","Bottled Flame"],"potions_floor_usage":[29,29,33,33],"damage_taken":[{"damage":10.0,"enemies":"2 Louse","floor":1.0,"turns":2.0},{"damage":2.0,"enemies":"Small Slimes","floor":5.0,"turns":3.0},{"damage":0.0,"enemies":"Jaw Worm","floor":7.0,"turns":3.0},{"damage":0.0,"enemies":"Blue Slaver","floor":10.0,"turns":2.0},{"damage":11.0,"enemies":"Lagavulin Event","floor":14.0,"turns":4.0},{"damage":11.0,"enemies":"The Guardian","floor":16.0,"turns":11.0},{"damage":1.0,"enemies":"2 Thieves","floor":18.0,"turns":3.0},{"damage":0.0,"enemies":"Spheric Guardian","floor":21.0,"turns":2.0},{"damage":12.0,"enemies":"Shelled Parasite and Fungi","floor":22.0,"turns":4.0},{"damage":10.0,"enemies":"Gremlin Leader","floor":23.0,"turns":5.0},{"damage":0.0,"enemies":"Snake Plant","floor":25.0,"turns":3.0},{"damage":0.0,"enemies":"3 Cultists","floor":27.0,"turns":4.0},{"damage":0,"enemies":"Book of Stabbing","floor":29,"turns":3},{"damage":0,"enemies":"Centurion and Healer","floor":30,"turns":3},{"damage":7,"enemies":"Shelled Parasite and Fungi","floor":31,"turns":3},{"damage":43,"enemies":"Automaton","floor":33,"turns":6}],"seed_played":"2677944786545178645","potions_obtained":[{"floor":1.0,"key":"Strength Potion"},{"floor":10.0,"key":"Swift Potion"},{"floor":14.0,"key":"Dexterity Potion"},{"floor":23.0,"key":"Strength Potion"},{"floor":25.0,"key":"LiquidBronze"},{"floor":27.0,"key":"Dexterity Potion"},{"floor":29,"key":"EssenceOfSteel"}],"is_trial":false,"path_per_floor":["M","?","?","$","M","R","M","R","T","M","$","R","T","?","R","B",null,"M","$","?","M","M","E","R","M","T","M","?","E","M","M","R","B"],"character_chosen":"DEFECT","items_purchased":["Girya","Ball Lightning"],"campfire_rested":0,"item_purchase_floors":[4,19],"current_hp_per_floor":[58,58,43,43,41,41,41,41,41,41,41,41,41,30,30,19,61,60,60,60,60,48,38,38,38,45,45,45,45,45,38,38,0],"gold":308,"neow_bonus":"TWO_FIFTY_GOLD","is_prod":false,"is_daily":false,"chose_seed":false,"campfire_upgraded":3,"win_rate":0,"timestamp":1549318803,"path_taken":["M","?","?","$","M","R","M","R","T","M","?","R","?","?","R","BOSS","M","$","?","M","M","E","R","M","T","M","?","E","?","M","R","BOSS"],"build_version":"2019-01-23","purchased_purges":0,"victory":false,"max_hp_per_floor":[75,75,75,75,75,75,75,75,75,75,75,75,75,75,75,75,75,75,75,75,75,75,75,75,75,82,82,82,82,82,82,82,82],"card_choices":[{"not_picked":["Turbo","Compile Driver","Genetic Algorithm"],"picked":"SKIP","floor":1.0},{"not_picked":["Heatsinks","Capacitor"],"picked":"Chill","floor":5.0},{"not_picked":["Conserve Battery","Turbo"],"picked":"Sweeping Beam","floor":7.0},{"not_picked":["Redo","Force Field","Conserve Battery"],"picked":"SKIP","floor":10.0},{"not_picked":["Capacitor","Steam"],"picked":"Go for the Eyes","floor":14.0},{"not_picked":["Electrodynamics","Rainbow"],"picked":"Fission","floor":16.0},{"not_picked":["Leap","Consume"],"picked":"Sweeping Beam","floor":18.0},{"not_picked":["Hologram","Coolheaded"],"picked":"Cold Snap","floor":21.0},{"not_picked":["BootSequence+1","Sweeping Beam+1"],"picked":"Compile Driver+1","floor":22.0},{"not_picked":["Biased Cognition","Hyperbeam"],"picked":"Streamline","floor":23.0},{"not_picked":["Double Energy","Sweeping Beam+1"],"picked":"Cold Snap","floor":25.0},{"not_picked":["Force Field","Storm","Hologram"],"picked":"SKIP","floor":27.0},{"not_picked":["Rip and Tear","Go for the Eyes","Sweeping Beam"],"picked":"SKIP","floor":29},{"not_picked":["Fusion","Recycle+1","Steam"],"picked":"SKIP","floor":30},{"not_picked":["Steam+1","Leap"],"picked":"Hologram+1","floor":31}],"player_experience":262950,"relics_obtained":[{"floor":9.0,"key":"FossilizedHelix"},{"floor":13.0,"key":"War Paint"},{"floor":14.0,"key":"Regal Pillow"},{"floor":23.0,"key":"Letter Opener"},{"floor":26.0,"key":"Strawberry"},{"floor":29,"key":"Bottled Flame"}],"event_choices":[{"cards_removed":["Normality"],"damage_healed":0.0,"max_hp_gain":0.0,"max_hp_loss":0.0,"gold_gain":0.0,"event_name":"The Cleric","player_choice":"Card Removal","floor":2.0,"gold_loss":50.0,"damage_taken":0.0},{"damage_healed":0.0,"max_hp_gain":0.0,"max_hp_loss":0.0,"gold_gain":0.0,"event_name":"Shining Light","player_choice":"Entered Light","floor":3.0,"gold_loss":0.0,"damage_taken":15.0,"cards_upgraded":["Zap","Defend_B"]},{"damage_healed":0.0,"max_hp_gain":0.0,"max_hp_loss":0.0,"gold_gain":30.0,"event_name":"Dead Adventurer","player_choice":"Searched \u00273\u0027 times","floor":14.0,"gold_loss":0.0,"damage_taken":0.0},{"damage_healed":0.0,"max_hp_gain":0.0,"max_hp_loss":0.0,"gold_gain":0.0,"event_name":"Addict","player_choice":"Obtained Relic","floor":20.0,"gold_loss":85.0,"damage_taken":0.0,"relics_obtained":["Happy Flower"]},{"damage_healed":0.0,"max_hp_gain":0.0,"max_hp_loss":0.0,"gold_gain":0.0,"event_name":"Drug Dealer","player_choice":"Inject Mutagens","floor":28.0,"gold_loss":0.0,"damage_taken":0.0,"relics_obtained":["MutagenicStrength"]}],"is_beta":false,"boss_relics":[{"not_picked":["Runic Pyramid","Inserter"],"picked":"Nuclear Battery"}],"items_purged_floors":[],"is_endless":false,"potions_floor_spawned":[1,10,14,23,25,27,29],"killed_by":"Automaton","ascension_level":9}