{"gold_per_floor":[110,130,149,149,129,129,161,161,236,89,109,109,120,136,136,209,209,221,271,19,33,83,118,118,145,145,145,160,160,16,35,35,110,110,121,136,136,136,152,187,187,57,57,68,93,93,123,133,133,133],"floor_reached":51,"playtime":2815,"items_purged":["Strike_G","Normality","Strike_G+1"],"score":1266,"play_id":"a9bab85b-155e-4d6a-9fbe-a2d514bf782b","local_time":"20190223223104","is_ascension_mode":true,"campfire_choices":[{"data":"Skewer","floor":6.0,"key":"SMITH"},{"data":"Wraith Form v2","floor":8.0,"key":"SMITH"},{"floor":12.0,"key":"REST"},{"floor":15.0,"key":"REST"},{"floor":24.0,"key":"REST"},{"floor":27.0,"key":"REST"},{"floor":29.0,"key":"REST"},{"floor":32,"key":"REST"},{"floor":41,"key":"REST"},{"data":"Noxious Fumes","floor":46,"key":"SMITH"},{"floor":49,"key":"RECALL"}],"neow_cost":"NONE","seed_source_timestamp":0,"circlet_count":0,"master_deck":["AscendersBane","Defend_G+1","Defend_G+1","Defend_G+1","Defend_G+1","Defend_G+1","Strike_G+1","Strike_G+1","Strike_G+1","Survivor+1","Neutralize+1","Backflip+1","Escape Plan+1","Skewer+1","Wraith Form v2+1","Noxious Fumes+1","Calculated Gamble+1","PiercingWail+1","Backstab+1","Doppelganger+1","Cloak And Dagger+1","Bouncing Flask+1","PiercingWail+1","A Thousand Cuts+1","Footwork+1","Deflect+1","Well Laid Plans+1","Die Die Die+1","Caltrops+1","Backflip+1","Noxious Fumes+1","Catalyst+1","Footwork+1","Cloak And Dagger+1","Dagger Spray+1"],"special_seed":0,"relics":["Ring of the Snake","NeowsBlessing","Omamori","Letter Opener","Calling Bell","Vajra","Mummified Hand","Prayer Wheel","PreservedInsect","Darkstone Periapt","Incense Burner","Regal Pillow","Bronze Scales","Busted Crown","Mark of the Bloom","Smiling Mask","Toxic Egg 2","Ancient Tea Set","Happy Flower"],"potions_floor_usage":[33,50,50],"damage_taken":[{"damage":0.0,"enemies":"Jaw Worm","floor":1.0,"turns":1.0},{"damage":0.0,"enemies":"Small Slimes","floor":2.0,"turns":1.0},{"damage":0.0,"enemies":"Cultist","floor":3.0,"turns":1.0},{"damage":20.0,"enemies":"Gremlin Nob","floor":7.0,"turns":5.0},{"damage":16.0,"enemies":"Lots of Slimes","floor":11.0,"turns":4.0},{"damage":10.0,"enemies":"Exordium Wildlife","floor":13.0,"turns":6.0},{"damage":0.0,"enemies":"Red Slaver","floor":14.0,"turns":4.0},{"damage":19.0,"enemies":"Slime Boss","floor":16.0,"turns":14.0},{"damage":21.0,"enemies":"Spheric Guardian","floor":18.0,"turns":4.0},{"damage":0.0,"enemies":"Chosen","floor":21.0,"turns":5.0},{"damage":3.0,"enemies":"Book of Stabbing","floor":23.0,"turns":5.0},{"damage":39.0,"enemies":"Gremlin Leader","floor":25.0,"turns":6.0},{"damage":14.0,"enemies":"Snake Plant","floor":28.0,"turns":5.0},{"damage":19,"enemies":"3 Cultists","floor":31,"turns":5},{"damage":45,"enemies":"Champ","floor":33,"turns":15},{"damage":24,"enemies":"3 Darklings","floor":35,"turns":5},{"damage":17,"enemies":"Orb Walker","floor":36,"turns":4},{"damage":11,"enemies":"Jaw Worm Horde","floor":39,"turns":3},{"damage":9,"enemies":"Giant Head","floor":40,"turns":7},{"damage":15,"enemies":"Transient","floor":44,"turns":5},{"damage":3,"enemies":"Nemesis","floor":47,"turns":3},{"damage":1,"enemies":"3 Darklings","floor":48,"turns":3},{"damage":11,"enemies":"Awakened One","floor":50,"turns":14}],"seed_played":"-967838015924695604","potions_obtained":[{"floor":1.0,"key":"Fire Potion"},{"floor":5.0,"key":"SkillPotion"},{"floor":11.0,"key":"Poison Potion"},{"floor":13.0,"key":"LiquidBronze"},{"floor":14.0,"key":"Dexterity Potion"},{"floor":25.0,"key":"Dexterity Potion"},{"floor":31,"key":"GamblersBrew"},{"floor":35,"key":"Explosive Potion"}],"is_trial":false,"path_per_floor":["M","M","M","?","?","R","E","R","T","$","M","R","M","M","R","B",null,"M","?","$","M","?","E","R","E","T","R","M","R","$","M","R","B",null,"M","M","?","?","M","E","R","$","T","M","T","R","E","M","R","B",null],"character_chosen":"THE_SILENT","items_purchased":["Noxious Fumes","PreservedInsect","Bronze Scales","Noxious Fumes"],"campfire_rested":7,"item_purchase_floors":[10,20,30,42],"current_hp_per_floor":[59,59,59,39,39,39,19,19,19,19,3,22,12,12,31,12,53,32,26,26,26,26,23,42,3,3,37,23,57,57,38,66,21,55,31,14,54,54,43,34,34,34,34,19,19,19,16,15,15,4],"gold":133,"neow_bonus":"THREE_ENEMY_KILL","is_prod":false,"is_daily":false,"chose_seed":false,"campfire_upgraded":3,"win_rate":0,"timestamp":1550989864,"path_taken":["M","M","M","?","?","R","E","R","T","$","?","R","?","M","R","BOSS","M","?","$","?","?","E","R","E","T","R","M","R","$","M","R","BOSS","M","M","?","?","M","E","R","$","T","M","?","R","E","M","R","BOSS"],"build_version":"2019-01-23","purchased_purges":3,"victory":true,"max_hp_per_floor":[66,66,66,66,66,66,66,66,66,66,66,66,66,66,66,66,66,66,66,66,66,66,66,66,66,66,66,66,66,66,66,66,66,66,66,66,54,54,54,54,54,54,54,54,54,54,54,54,54,54],"card_choices":[{"not_picked":["Eviscerate","Underhanded Strike"],"picked":"Backflip","floor":1.0},{"not_picked":["Slice","Prepared"],"picked":"Escape Plan","floor":2.0},{"not_picked":["Prepared","Deflect"],"picked":"Skewer","floor":3.0},{"not_picked":["Cloak And Dagger","Caltrops"],"picked":"Wraith Form v2","floor":7.0},{"not_picked":["Infinite Blades","Eviscerate"],"picked":"Calculated Gamble","floor":11.0},{"not_picked":["Acrobatics","Catalyst"],"picked":"PiercingWail","floor":13.0},{"not_picked":["Predator","Infinite Blades"],"picked":"Backstab","floor":14.0},{"not_picked":["Unload","Bullet Time"],"picked":"Doppelganger","floor":16.0},{"not_picked":["Bane","Sucker Punch"],"picked":"Cloak And Dagger","floor":18.0},{"not_picked":["Escape Plan","Prepared"],"picked":"Bouncing Flask+1","floor":18.0},{"not_picked":["Outmaneuver","Deflect"],"picked":"PiercingWail","floor":21.0},{"not_picked":["Bane","Underhanded Strike","Heel Hook+1"],"picked":"SKIP","floor":21.0},{"not_picked":["Dagger Spray","Grand Finale"],"picked":"A Thousand Cuts","floor":23.0},{"not_picked":["Outmaneuver","Reflex","Bane"],"picked":"SKIP","floor":25.0},{"not_picked":["Bouncing Flask","Poisoned Stab"],"picked":"Footwork","floor":28.0},{"not_picked":["Leg Sweep","Poisoned Stab"],"picked":"Deflect","floor":28.0},{"not_picked":["Quick Slash","Outmaneuver"],"picked":"Well Laid Plans","floor":31},{"not_picked":["PiercingWail","Reflex","Dagger Throw"],"picked":"SKIP","floor":31},{"not_picked":["Storm of Steel","A Thousand Cuts"],"picked":"Die Die Die","floor":33},{"not_picked":[],"picked":"Caltrops+1","floor":35},{"not_picked":[],"picked":"Backflip","floor":35},{"not_picked":["Dagger Spray"],"picked":"SKIP","floor":36},{"not_picked":["Bane"],"picked":"SKIP","floor":36},{"not_picked":["Blade Dance"],"picked":"SKIP","floor":39},{"not_picked":["Bane+1"],"picked":"SKIP","floor":39},{"not_picked":["Accuracy"],"picked":"SKIP","floor":40},{"not_picked":[],"picked":"Catalyst+1","floor":44},{"not_picked":[],"picked":"Footwork+1","floor":44},{"not_picked":["Terror+1"],"picked":"SKIP","floor":47},{"not_picked":[],"picked":"Cloak And Dagger+1","floor":48},{"not_picked":[],"picked":"Dagger Spray+1","floor":48}],"player_experience":236561,"relics_obtained":[{"floor":7.0,"key":"Omamori"},{"floor":9.0,"key":"Letter Opener"},{"floor":17.0,"key":"Vajra"},{"floor":17.0,"key":"Mummified Hand"},{"floor":17.0,"key":"Prayer Wheel"},{"floor":23.0,"key":"Darkstone Periapt"},{"floor":25.0,"key":"Incense Burner"},{"floor":26.0,"key":"Regal Pillow"},{"floor":40,"key":"Smiling Mask"},{"floor":43,"key":"Toxic Egg 2"},{"floor":45,"key":"Ancient Tea Set"},{"floor":47,"key":"Happy Flower"}],"event_choices":[{"damage_healed":0.0,"max_hp_gain":0.0,"max_hp_loss":0.0,"gold_gain":0.0,"event_name":"Shining Light","player_choice":"Entered Light","floor":4.0,"gold_loss":0.0,"damage_taken":20.0,"cards_upgraded":["Survivor","Defend_G"]},{"damage_healed":0.0,"max_hp_gain":0.0,"max_hp_loss":0.0,"gold_gain":0.0,"event_name":"The Woman in Blue","player_choice":"Bought 1 Potion","floor":5.0,"gold_loss":0.0,"damage_taken":0.0},{"damage_healed":0.0,"max_hp_gain":0.0,"max_hp_loss":0.0,"gold_gain":50.0,"event_name":"FaceTrader","player_choice":"Touch","floor":19.0,"gold_loss":0.0,"damage_taken":6.0},{"damage_healed":0.0,"max_hp_gain":0.0,"max_hp_loss":0.0,"gold_gain":50.0,"event_name":"Nest","player_choice":"Stole From Cult","floor":22.0,"gold_loss":0.0,"damage_taken":0.0},{"damage_healed":54,"gold_gain":0,"player_choice":"Heal","damage_taken":0,"max_hp_gain":0,"max_hp_loss":12,"event_name":"The Moai Head","floor":37,"gold_loss":0},{"damage_healed":0,"gold_gain":0,"player_choice":"Upgrade","damage_taken":0,"relics_obtained":["Mark of the Bloom"],"max_hp_gain":0,"max_hp_loss":0,"event_name":"MindBloom","floor":38,"gold_loss":0,"cards_upgraded":["Defend_G","Defend_G","Defend_G","Defend_G","Strike_G","Strike_G","Strike_G","Strike_G","Neutralize","Backflip","Escape Plan","Noxious Fumes","Calculated Gamble","PiercingWail","Backstab","Doppelganger","Cloak And Dagger","PiercingWail","A Thousand Cuts","Footwork","Deflect","Well Laid Plans","Die Die Die","Backflip"]}],"is_beta":false,"boss_relics":[{"not_picked":["Coffee Dripper","White Beast Statue"],"picked":"Calling Bell"},{"not_picked":["Eternal Feather","Snecko Eye"],"picked":"Busted Crown"}],"items_purged_floors":[10,20,42],"is_endless":false,"potions_floor_spawned":[1,11,13,14,25,31,35,36,39],"ascension_level":15}