{"gold_per_floor":[112,124,144,109,128,128,154,154,154,154,154,174,174,187,187,258,258,269,269,283,283,17,17,48,48,117,135,135,150,150,150,150,228,228,242,21,21,21,41,41,74,74,74,88,88,115,135,154,154,154,154],"floor_reached":52,"playtime":3423,"items_purged":["Endless Agony"],"score":1810,"play_id":"f40f3dd1-1f65-4cc6-bc27-5547514f3ad2","local_time":"20181019005036","is_ascension_mode":true,"campfire_choices":[{"data":"Poisoned Stab","floor":6,"key":"SMITH"},{"floor":8,"key":"REST"},{"data":"Neutralize","floor":10,"key":"SMITH"},{"floor":15,"key":"REST"},{"data":"Dodge and Roll","floor":23,"key":"SMITH"},{"data":"Die Die Die","floor":25,"key":"SMITH"},{"data":"Slice","floor":28,"key":"SMITH"},{"floor":32,"key":"REST"},{"data":"Glass Knife","floor":40,"key":"SMITH"},{"floor":45,"key":"REST"},{"floor":49,"key":"REST"}],"neow_cost":"NONE","seed_source_timestamp":14813236919838,"circlet_count":0,"master_deck":["Defend_G+1","Defend_G","Defend_G","Survivor+1","Neutralize+1","AscendersBane","Poisoned Stab+1","Dagger Throw","Dodge and Roll+1","Slice+1","Crippling Poison+1","Backflip+1","Dodge and Roll+1","Adrenaline+1","Envenom+1","Heel Hook+1","Endless Agony+1","Blur+1","Blade Dance+1","Die Die Die+1","Distraction+1","Malaise+1","Deflect+1","Glass Knife+1","PiercingWail+1","Backflip+1","Bouncing Flask+1","Deadly Poison+1","Cloak And Dagger+1","Adrenaline+1"],"relics":["Ring of the Snake","Toxic Egg 2","Thread and Needle","Astrolabe","Shuriken","Matryoshka","StoneCalendar","Vajra","Blue Candle","Nilry\u0027s Codex","Busted Crown","Gremlin Horn","Boot","Molten Egg 2","Frozen Egg 2"],"potions_floor_usage":[7,24,24,29,33,41,48,50],"damage_taken":[{"damage":11,"enemies":"Cultist","floor":1,"turns":5},{"damage":8,"enemies":"Jaw Worm","floor":2,"turns":5},{"damage":1,"enemies":"Small Slimes","floor":3,"turns":3},{"damage":11,"enemies":"3 Louse","floor":5,"turns":5},{"damage":38,"enemies":"3 Sentries","floor":7,"turns":10},{"damage":0,"enemies":"Looter","floor":12,"turns":3},{"damage":0,"enemies":"Exordium Thugs","floor":14,"turns":3},{"damage":23,"enemies":"The Guardian","floor":16,"turns":13},{"damage":3,"enemies":"Spheric Guardian","floor":18,"turns":4},{"damage":0,"enemies":"2 Thieves","floor":20,"turns":5},{"damage":4,"enemies":"Book of Stabbing","floor":24,"turns":4},{"damage":1,"enemies":"Snecko","floor":27,"turns":4},{"damage":0,"enemies":"Cultist and Chosen","floor":29,"turns":3},{"damage":0,"enemies":"Colosseum Slavers","floor":31,"turns":3},{"damage":28,"enemies":"Collector","floor":33,"turns":13},{"damage":0,"enemies":"Orb Walker","floor":35,"turns":3},{"damage":0,"enemies":"3 Shapes","floor":39,"turns":4},{"damage":4,"enemies":"Nemesis","floor":41,"turns":7},{"damage":0,"enemies":"Transient","floor":44,"turns":6},{"damage":7,"enemies":"Giant Head","floor":46,"turns":7},{"damage":15,"enemies":"Maw","floor":47,"turns":5},{"damage":27,"enemies":"Spire Growth","floor":48,"turns":5},{"damage":9,"enemies":"Donu and Deca","floor":50,"turns":10},{"damage":33,"enemies":"Awakened One","floor":51,"turns":14}],"seed_played":"-5267911134309977618","potions_obtained":[{"floor":2,"key":"FearPotion"},{"floor":12,"key":"Energy Potion"},{"floor":16,"key":"PowerPotion"},{"floor":24,"key":"AttackPotion"},{"floor":29,"key":"Dexterity Potion"},{"floor":35,"key":"Block Potion"},{"floor":46,"key":"Block Potion"},{"floor":47,"key":"GhostInAJar"}],"is_trial":false,"path_per_floor":["M","M","M","?","M","R","E","R","T","R","?","M","?","M","R","B",null,"M","T","M","?","$","R","E","R","T","M","R","M","?","?","R","B",null,"M","$","?","?","M","R","E","?","T","M","R","E","M","M","R","B","B"],"character_chosen":"THE_SILENT","items_purchased":["Matryoshka","Backflip+1","Bouncing Flask+1"],"campfire_rested":5,"item_purchase_floors":[22,36,36],"current_hp_per_floor":[54,46,45,63,52,52,14,35,35,35,13,13,13,13,34,11,57,54,54,54,54,54,54,50,50,50,49,49,49,28,28,49,21,59,59,59,59,59,59,59,55,55,55,55,72,65,50,23,44,35,2],"gold":154,"neow_bonus":"TEN_PERCENT_HP_BONUS","is_prod":false,"is_daily":false,"chose_seed":false,"campfire_upgraded":6,"win_rate":0,"timestamp":1539903036,"path_taken":["M","M","M","?","?","R","E","R","T","R","?","?","?","M","R","BOSS","M","?","?","?","$","R","E","R","T","M","R","?","?","?","R","BOSS","M","$","?","?","M","R","E","?","T","?","R","E","M","M","R","BOSS","BOSS"],"build_version":"2018-10-17v3","purchased_purges":1,"victory":true,"max_hp_per_floor":[72,72,72,72,72,72,72,72,72,72,72,72,72,72,72,72,72,72,72,72,72,72,72,72,72,72,72,72,72,72,72,72,72,72,72,72,72,72,72,72,72,72,72,72,72,72,72,72,72,72,72],"card_choices":[{"not_picked":["Prepared","Deflect"],"picked":"Poisoned Stab","floor":1},{"not_picked":["Deflect","Backflip"],"picked":"Dagger Throw","floor":2},{"not_picked":["Dagger Throw","Acrobatics"],"picked":"Dodge and Roll","floor":3},{"not_picked":["Skewer","Blade Dance"],"picked":"Slice","floor":5},{"not_picked":["Acrobatics","Phantasmal Killer"],"picked":"Crippling Poison","floor":7},{"not_picked":["Quick Slash","Dagger Throw"],"picked":"Backflip+1","floor":12},{"not_picked":["Dagger Throw","Prepared+1"],"picked":"Dodge and Roll+1","floor":14},{"not_picked":["Glass Knife","A Thousand Cuts"],"picked":"Adrenaline+1","floor":16},{"not_picked":["Endless Agony","Dash+1"],"picked":"Blur+1","floor":18},{"not_picked":["Dodge and Roll+1","Skewer"],"picked":"Blade Dance+1","floor":20},{"not_picked":["Bane","Dagger Throw"],"picked":"Malaise+1","floor":24},{"not_picked":["Predator","Dagger Throw"],"picked":"Deflect+1","floor":27},{"not_picked":["Masterful Stab","Concentrate+1"],"picked":"Endless Agony","floor":29},{"not_picked":["Malaise+1","A Thousand Cuts"],"picked":"Glass Knife","floor":33},{"not_picked":[],"picked":"PiercingWail+1","floor":35},{"not_picked":[],"picked":"Deadly Poison+1","floor":39},{"not_picked":["Skewer"],"picked":"SKIP","floor":41},{"not_picked":["Masterful Stab+1"],"picked":"SKIP","floor":44},{"not_picked":[],"picked":"Cloak And Dagger+1","floor":46},{"not_picked":["Masterful Stab+1"],"picked":"SKIP","floor":47},{"not_picked":[],"picked":"Adrenaline+1","floor":48}],"player_experience":721452,"relics_obtained":[{"floor":7,"key":"Toxic Egg 2"},{"floor":9,"key":"Thread and Needle"},{"floor":19,"key":"Shuriken"},{"floor":24,"key":"StoneCalendar"},{"floor":26,"key":"Vajra"},{"floor":26,"key":"Blue Candle"},{"floor":30,"key":"Nilry\u0027s Codex"},{"floor":41,"key":"Gremlin Horn"},{"floor":43,"key":"Boot"},{"floor":43,"key":"Molten Egg 2"},{"floor":46,"key":"Frozen Egg 2"}],"event_choices":[{"damage_healed":18,"gold_gain":0,"player_choice":"Healed","damage_taken":0,"max_hp_gain":0,"max_hp_loss":0,"event_name":"The Cleric","floor":4,"gold_loss":35},{"damage_healed":0,"gold_gain":0,"player_choice":"Entered Light","damage_taken":22,"max_hp_gain":0,"max_hp_loss":0,"event_name":"Shining Light","floor":11,"gold_loss":0,"cards_upgraded":["Strike_G","Defend_G"]},{"cards_removed":["Strike_G"],"damage_healed":0,"gold_gain":0,"player_choice":"Offered Basic","damage_taken":0,"max_hp_gain":0,"max_hp_loss":0,"event_name":"Bonfire Elementals","floor":13,"gold_loss":0},{"damage_healed":0,"gold_gain":0,"cards_transformed":["Defend_G","Strike_G"],"player_choice":"Became Test Subject","damage_taken":0,"max_hp_gain":0,"max_hp_loss":0,"event_name":"Drug Dealer","floor":21,"gold_loss":0,"cards_obtained":["Die Die Die","Distraction"]},{"damage_healed":0,"gold_gain":0,"player_choice":"Obtained Book","damage_taken":21,"max_hp_gain":0,"max_hp_loss":0,"event_name":"Cursed Tome","floor":30,"gold_loss":0},{"damage_healed":0,"gold_gain":0,"player_choice":"Fight","damage_taken":0,"max_hp_gain":0,"max_hp_loss":0,"event_name":"Colosseum","floor":31,"gold_loss":0},{"damage_healed":0,"gold_gain":0,"player_choice":"Fled From Nobs","damage_taken":0,"max_hp_gain":0,"max_hp_loss":0,"event_name":"Colosseum","floor":31,"gold_loss":0},{"cards_removed":["Defend_G"],"damage_healed":0,"gold_gain":0,"player_choice":"Removed Skill","damage_taken":0,"max_hp_gain":0,"max_hp_loss":0,"event_name":"Falling","floor":37,"gold_loss":0},{"damage_healed":0,"gold_gain":0,"player_choice":"Ignored","damage_taken":0,"max_hp_gain":0,"max_hp_loss":0,"event_name":"SecretPortal","floor":38,"gold_loss":0},{"damage_healed":0,"gold_gain":0,"player_choice":"Upgraded","damage_taken":0,"max_hp_gain":0,"max_hp_loss":0,"event_name":"Upgrade Shrine","floor":42,"gold_loss":0,"cards_upgraded":["Survivor"]}],"is_beta":true,"boss_relics":[{"not_picked":["Ring of the Serpent","Pandora\u0027s Box"],"picked":"Astrolabe"},{"not_picked":["Philosopher\u0027s Stone","Runic Pyramid"],"picked":"Busted Crown"}],"items_purged_floors":[36],"is_endless":false,"potions_floor_spawned":[2,12,16,24,29,35,46,47],"ascension_level":20}