{"gold_per_floor":[115,40,40,40,57,57,92,92,92,92,109,137,153,172,172,274,274,286,286,297,212,232,232,242,242,291,310,310,59,93,43,43,144,144,155,255,273,284,284,284,309,15,40,53,53,53,3,15,15,15],"floor_reached":50,"playtime":2111,"items_purged":["Injury","Decay","Strike_G","Writhe","Normality"],"score":750,"play_id":"0a98d388-d50d-4576-b02a-8419234f735d","local_time":"20190223163218","is_ascension_mode":true,"campfire_choices":[{"data":"Neutralize","floor":6,"key":"SMITH"},{"data":"Quick Slash","floor":8,"key":"SMITH"},{"floor":15,"key":"REST"},{"data":"Venomology","floor":23,"key":"SMITH"},{"data":"Glass Knife","floor":25,"key":"SMITH"},{"data":"Noxious Fumes","floor":28,"key":"SMITH"},{"floor":32,"key":"REST"},{"data":"Envenom","floor":40,"key":"SMITH"},{"data":"Crippling Poison","floor":45,"key":"SMITH"},{"floor":49,"key":"REST"}],"neow_cost":"CURSE","seed_source_timestamp":143609784315646,"circlet_count":0,"master_deck":["Defend_G+1","Defend_G","Defend_G+1","Defend_G+1","Defend_G+1","Strike_G","Strike_G","Strike_G","Strike_G","Survivor","Neutralize+1","Flying Knee+1","Flying Knee","Quick Slash+1","Dodge and Roll","Slice","Noxious Fumes+1","Flying Knee","Venomology+1","Outmaneuver+1","Predator","Glass Knife+1","Choke","Envenom+1","Crippling Poison+1","Dodge and Roll+1","Dodge and Roll+1","Crippling Poison+1","Skewer+1"],"relics":["Ring of the Snake","Anchor","Pear","Bag of Marbles","Velvet Choker","Smiling Mask","Bronze Scales","Sling","Mercury Hourglass","Cursed Key","Mango","The Courier","Snake Skull","War Paint","Oddly Smooth Stone"],"potions_floor_usage":[12,16,20,22,22,22,27,30,30,33,33,36,36,41,41,41,48,50,50,50,50],"damage_taken":[{"damage":1,"enemies":"Small Slimes","floor":1,"turns":4},{"damage":1,"enemies":"2 Louse","floor":5,"turns":3},{"damage":31,"enemies":"3 Sentries","floor":7,"turns":11},{"damage":0,"enemies":"Jaw Worm","floor":11,"turns":2},{"damage":21,"enemies":"Gremlin Nob","floor":12,"turns":5},{"damage":12,"enemies":"Exordium Thugs","floor":13,"turns":4},{"damage":0,"enemies":"Blue Slaver","floor":14,"turns":2},{"damage":10,"enemies":"Slime Boss","floor":16,"turns":7},{"damage":17,"enemies":"Shell Parasite","floor":18,"turns":5},{"damage":15,"enemies":"3 Byrds","floor":20,"turns":4},{"damage":0,"enemies":"3 Cultists","floor":22,"turns":3},{"damage":6,"enemies":"Chosen and Byrds","floor":24,"turns":6},{"damage":0,"enemies":"Snake Plant","floor":27,"turns":2},{"damage":21,"enemies":"Book of Stabbing","floor":30,"turns":4},{"damage":29,"enemies":"Champ","floor":33,"turns":12},{"damage":5,"enemies":"Orb Walker","floor":35,"turns":3},{"damage":17,"enemies":"Mind Bloom Boss Battle","floor":36,"turns":7},{"damage":0,"enemies":"3 Shapes","floor":37,"turns":5},{"damage":29,"enemies":"Jaw Worm Horde","floor":38,"turns":4},{"damage":19,"enemies":"Giant Head","floor":41,"turns":7},{"damage":3,"enemies":"4 Shapes","floor":44,"turns":6},{"damage":8,"enemies":"Spire Growth","floor":48,"turns":5},{"damage":69,"enemies":"Awakened One","floor":50,"turns":11}],"seed_played":"2924409716993184087","potions_obtained":[{"floor":1,"key":"LiquidBronze"},{"floor":7,"key":"GhostInAJar"},{"floor":12,"key":"Strength Potion"},{"floor":18,"key":"Dexterity Potion"},{"floor":20,"key":"Swift Potion"},{"floor":24,"key":"Energy Potion"},{"floor":36,"key":"FearPotion"},{"floor":41,"key":"Poison Potion"},{"floor":44,"key":"Poison Potion"},{"floor":48,"key":"PowerPotion"}],"is_trial":false,"path_per_floor":["M","$","?","?","M","R","E","R","T","$","M","E","M","M","R","B",null,"M","?","M","?","M","R","M","R","T","M","R","$","E","$","R","B",null,"M","?","M","M","?","R","E","$","T","M","R","?","$","M","R","B"],"character_chosen":"THE_SILENT","items_purchased":["Sling","Snake Skull","War Paint"],"campfire_rested":3,"item_purchase_floors":[29,42,42],"current_hp_per_floor":[76,76,76,59,58,58,27,27,37,37,37,16,4,4,32,22,76,59,59,44,44,44,44,38,38,38,38,38,38,17,17,45,16,75,70,67,67,38,65,65,46,46,46,43,43,43,43,35,67,0],"gold":15,"neow_bonus":"TWENTY_PERCENT_HP_BONUS","is_prod":false,"is_daily":false,"chose_seed":false,"campfire_upgraded":7,"win_rate":0,"timestamp":1550957538,"path_taken":["M","$","?","?","M","R","E","R","T","$","M","E","M","M","R","BOSS","M","?","M","?","M","R","M","R","T","M","R","$","E","$","R","BOSS","M","?","M","M","?","R","E","?","T","M","R","?","$","M","R","BOSS"],"build_version":"2019-01-23","purchased_purges":5,"victory":false,"max_hp_per_floor":[84,84,84,84,84,84,84,84,94,94,94,94,94,94,94,94,94,94,94,94,94,94,94,94,94,94,94,94,94,94,94,94,94,94,94,108,108,108,108,108,108,108,108,108,108,108,108,108,108,108],"card_choices":[{"not_picked":["Bane","Concentrate"],"picked":"Flying Knee","floor":1},{"not_picked":["Heel Hook","Concentrate"],"picked":"Flying Knee","floor":5},{"not_picked":["Blur","Accuracy"],"picked":"Quick Slash","floor":7},{"not_picked":["Underhanded Strike","Sucker Punch"],"picked":"Dodge and Roll","floor":11},{"not_picked":["Burst","Deadly Poison"],"picked":"Slice","floor":12},{"not_picked":["PiercingWail","Acrobatics"],"picked":"Noxious Fumes","floor":13},{"not_picked":["Flechettes","Accuracy"],"picked":"Flying Knee","floor":14},{"not_picked":["Storm of Steel","Grand Finale"],"picked":"Venomology","floor":16},{"not_picked":["Acrobatics","Backflip"],"picked":"Outmaneuver+1","floor":18},{"not_picked":["Masterful Stab+1","Underhanded Strike"],"picked":"Predator","floor":20},{"not_picked":["Flying Knee","Underhanded Strike","Bane"],"picked":"SKIP","floor":22},{"not_picked":["Distraction","Crippling Poison"],"picked":"Glass Knife","floor":24},{"not_picked":["Flying Knee","Cloak And Dagger+1"],"picked":"Choke","floor":27},{"not_picked":["Outmaneuver","Heel Hook+1","Well Laid Plans"],"picked":"SKIP","floor":30},{"not_picked":["Unload","Phantasmal Killer"],"picked":"Envenom","floor":33},{"not_picked":["Underhanded Strike+1","Quick Slash+1"],"picked":"Crippling Poison","floor":35},{"not_picked":["Accuracy","Underhanded Strike"],"picked":"Dodge and Roll+1","floor":36},{"not_picked":["Prepared","Deadly Poison","Cloak And Dagger+1"],"picked":"SKIP","floor":37},{"not_picked":["Calculated Gamble+1","Setup+1"],"picked":"Dodge and Roll+1","floor":38},{"not_picked":["Slice+1","Glass Knife"],"picked":"Crippling Poison+1","floor":41},{"not_picked":["Finisher+1","Sucker Punch"],"picked":"Skewer+1","floor":44},{"not_picked":["All Out Attack+1","Blade Dance","Flying Knee+1"],"picked":"SKIP","floor":48}],"player_experience":350050,"relics_obtained":[{"floor":7,"key":"Anchor"},{"floor":9,"key":"Pear"},{"floor":12,"key":"Bag of Marbles"},{"floor":26,"key":"Bronze Scales"},{"floor":30,"key":"Mercury Hourglass"},{"floor":36,"key":"Mango"},{"floor":41,"key":"The Courier"},{"floor":43,"key":"Oddly Smooth Stone"}],"event_choices":[{"damage_healed":0,"gold_gain":0,"player_choice":"Grow","damage_taken":0,"max_hp_gain":0,"max_hp_loss":0,"event_name":"Living Wall","floor":3,"gold_loss":0,"cards_upgraded":["Flying Knee"]},{"damage_healed":0,"gold_gain":0,"player_choice":"Entered Light","damage_taken":17,"max_hp_gain":0,"max_hp_loss":0,"event_name":"Shining Light","floor":4,"gold_loss":0,"cards_upgraded":["Defend_G","Defend_G"]},{"damage_healed":0,"gold_gain":0,"player_choice":"Smashed Altar","damage_taken":0,"max_hp_gain":0,"max_hp_loss":0,"event_name":"Forgotten Altar","floor":19,"gold_loss":0,"cards_obtained":["Decay"]},{"damage_healed":0,"gold_gain":0,"player_choice":"Obtained Relic","damage_taken":0,"relics_obtained":["Smiling Mask"],"max_hp_gain":0,"max_hp_loss":0,"event_name":"Addict","floor":21,"gold_loss":85},{"damage_healed":0,"gold_gain":0,"player_choice":"Fight","damage_taken":0,"max_hp_gain":0,"max_hp_loss":0,"event_name":"MindBloom","floor":36,"gold_loss":0},{"damage_healed":27,"gold_gain":0,"player_choice":"Writhe","damage_taken":0,"max_hp_gain":0,"max_hp_loss":0,"event_name":"Winding Halls","floor":39,"gold_loss":0,"cards_obtained":["Writhe"]},{"damage_healed":0,"gold_gain":0,"player_choice":"Ignored","damage_taken":0,"max_hp_gain":0,"max_hp_loss":0,"event_name":"Mysterious Sphere","floor":46,"gold_loss":0}],"is_beta":false,"boss_relics":[{"not_picked":["Runic Pyramid","Fusion Hammer"],"picked":"Velvet Choker"},{"not_picked":["Philosopher\u0027s Stone","Astrolabe"],"picked":"Cursed Key"}],"items_purged_floors":[2,29,31,42,47],"is_endless":false,"potions_floor_spawned":[1,7,12,18,20,24,36,41,44,48],"killed_by":"Awakened One","ascension_level":8}