{"gold_per_floor":[110,110,121,9,25,25,42,42,67,99,122,147,177,208,220,335,347,375,407,419,431,12,39,13,28,51,80,92,127,137,164,164,263,263,275,275,289,308,308,335,335,347,374,391,391,405,437,0,0,0],"floor_reached":51,"playtime":9193,"items_purged":["Regret","Strike_B"],"score":845,"play_id":"67813291-a8ec-420c-a23e-017e9c692eac","local_time":"20190120193831","is_ascension_mode":false,"campfire_choices":[{"data":"Genetic Algorithm","floor":6.0,"key":"SMITH"},{"data":"Consume","floor":15.0,"key":"SMITH"},{"floor":32.0,"key":"REST"},{"floor":41,"key":"REST"},{"floor":45,"key":"REST"},{"floor":49,"key":"REST"}],"neow_cost":"NONE","seed_source_timestamp":17424658559828,"circlet_count":0,"master_deck":["Zap","Dualcast","Static Discharge","Genetic Algorithm+1","Fusion","BootSequence","Compile Driver","Coolheaded","White Noise","Loop","Consume+1","Cold Snap","Creative AI","Leap","Stack","RitualDagger","FTL+1","Leap","Compile Driver+1","Leap","Coolheaded","Recycle+1","Echo Form","Leap+1","Double Energy","Leap","Rainbow","Loop","Aggregate","Conserve Battery","Chill","Rebound+1","Redo","Cold Snap","Turbo+1","Madness","Madness","Conserve Battery+1","Parasite","Streamline+1","Rainbow","BootSequence+1"],"special_seed":0,"relics":["Velvet Choker","Centennial Puzzle","MawBank","Inserter","TheAbacus","Vajra","Bronze Scales","Ice Cream","Ornamental Fan","Smiling Mask","Pandora\u0027s Box","Art of War","Oddly Smooth Stone","Whetstone","Red Mask"],"potions_floor_usage":[40,42,44,50],"damage_taken":[{"damage":5.0,"enemies":"Small Slimes","floor":1.0,"turns":4.0},{"damage":5.0,"enemies":"Jaw Worm","floor":3.0,"turns":4.0},{"damage":6.0,"enemies":"2 Louse","floor":5.0,"turns":4.0},{"damage":7.0,"enemies":"Blue Slaver","floor":7.0,"turns":4.0},{"damage":6.0,"enemies":"Lagavulin","floor":10.0,"turns":7.0},{"damage":4.0,"enemies":"3 Louse","floor":11.0,"turns":3.0},{"damage":1.0,"enemies":"Large Slime","floor":12.0,"turns":7.0},{"damage":1.0,"enemies":"Red Slaver","floor":13.0,"turns":3.0},{"damage":0.0,"enemies":"Exordium Thugs","floor":14.0,"turns":4.0},{"damage":22.0,"enemies":"Slime Boss","floor":16.0,"turns":20.0},{"damage":2.0,"enemies":"Shell Parasite","floor":18.0,"turns":8.0},{"damage":0.0,"enemies":"Chosen","floor":19.0,"turns":7.0},{"damage":0.0,"enemies":"Snake Plant","floor":20.0,"turns":2.0},{"damage":0.0,"enemies":"Gremlin Leader","floor":23.0,"turns":5.0},{"damage":1.0,"enemies":"Centurion and Healer","floor":25.0,"turns":11.0},{"damage":20.0,"enemies":"Book of Stabbing","floor":27.0,"turns":6.0},{"damage":0.0,"enemies":"Chosen and Byrds","floor":28.0,"turns":6.0},{"damage":29.0,"enemies":"Gremlin Leader","floor":29.0,"turns":11.0},{"damage":2.0,"enemies":"Snake Plant","floor":30.0,"turns":5.0},{"damage":5.0,"enemies":"Slavers","floor":31.0,"turns":6.0},{"damage":9.0,"enemies":"Collector","floor":33.0,"turns":10.0},{"damage":0,"enemies":"3 Shapes","floor":35,"turns":5},{"damage":0,"enemies":"3 Darklings","floor":37,"turns":7},{"damage":0,"enemies":"4 Shapes","floor":38,"turns":5},{"damage":45,"enemies":"Reptomancer","floor":40,"turns":9},{"damage":25,"enemies":"Transient","floor":42,"turns":5},{"damage":8,"enemies":"Writhing Mass","floor":44,"turns":8},{"damage":16,"enemies":"Maw","floor":46,"turns":9},{"damage":0,"enemies":"Giant Head","floor":47,"turns":8},{"damage":22,"enemies":"Donu and Deca","floor":50,"turns":11}],"seed_played":"-7394165013610649980","potions_obtained":[{"floor":1.0,"key":"SmokeBomb"},{"floor":3.0,"key":"Fire Potion"},{"floor":11.0,"key":"AttackPotion"},{"floor":16.0,"key":"Explosive Potion"},{"floor":23.0,"key":"Poison Potion"},{"floor":31.0,"key":"Strength Potion"},{"floor":38,"key":"SkillPotion"},{"floor":40,"key":"PowerPotion"},{"floor":42,"key":"Swift Potion"},{"floor":44,"key":"LiquidBronze"}],"is_trial":false,"path_per_floor":["M","?","M","$","M","R","M","$","T","E","M","M","M","M","R","B",null,"M","M","M","?","$","E","$","M","T","E","M","E","M","E","R","B",null,"M","?","M","M","?","E","R","M","T","M","R","M","E","?","R","B",null],"character_chosen":"DEFECT","items_purchased":["Fusion","FTL","Leap","TheAbacus","PowerPotion","Leap"],"campfire_rested":4,"item_purchase_floors":[4,22,22,22,22,24],"current_hp_per_floor":[70,70,65,65,59,59,52,52,52,46,42,41,40,40,40,18,75,73,73,73,67,67,67,67,66,66,46,46,17,15,10,32,23,75,75,75,75,75,66,21,43,18,18,10,32,16,16,16,38,16],"gold":0,"neow_bonus":"BOSS_RELIC","is_prod":false,"is_daily":false,"chose_seed":false,"campfire_upgraded":2,"win_rate":0,"timestamp":1548013111,"path_taken":["M","?","M","$","M","R","M","$","T","E","M","M","M","M","R","BOSS","M","M","M","?","$","E","$","M","T","E","M","E","M","E","R","BOSS","M","?","M","M","?","E","R","M","T","M","R","M","E","?","R","BOSS"],"build_version":"2019-01-17v2","purchased_purges":2,"victory":true,"max_hp_per_floor":[75,75,75,75,75,75,75,75,75,75,75,75,75,75,75,75,75,75,75,75,75,75,75,75,75,75,75,75,75,75,75,75,75,75,75,75,75,75,75,75,75,75,75,75,75,75,75,75,75,75],"card_choices":[{"not_picked":["Redo","Coolheaded"],"picked":"Static Discharge","floor":1.0},{"not_picked":["Cold Snap","Hyperbeam"],"picked":"Genetic Algorithm","floor":3.0},{"not_picked":["Beam Cell","Turbo"],"picked":"BootSequence","floor":5.0},{"not_picked":["Lockon","Gash"],"picked":"Compile Driver","floor":7.0},{"not_picked":["Ball Lightning","Redo"],"picked":"Coolheaded","floor":10.0},{"not_picked":["Steam","Machine Learning"],"picked":"White Noise","floor":11.0},{"not_picked":["Storm","Streamline"],"picked":"Loop","floor":12.0},{"not_picked":["Beam Cell","Scrape"],"picked":"Consume","floor":13.0},{"not_picked":["Fusion","Storm"],"picked":"Cold Snap","floor":14.0},{"not_picked":["All For One","Fission"],"picked":"Creative AI","floor":16.0},{"not_picked":["Beam Cell+1","Compile Driver"],"picked":"Leap","floor":18.0},{"not_picked":["Rebound","Leap"],"picked":"Stack","floor":19.0},{"not_picked":["Go for the Eyes","Gash+1"],"picked":"Compile Driver+1","floor":23.0},{"not_picked":["Cold Snap","Glacier+1"],"picked":"Coolheaded","floor":25.0},{"not_picked":["Beam Cell","Lockon"],"picked":"Recycle+1","floor":27.0},{"not_picked":["Coolheaded","Gash"],"picked":"Echo Form","floor":28.0},{"not_picked":["Skim","Gash"],"picked":"Leap+1","floor":29.0},{"not_picked":["Sweeping Beam","Beam Cell"],"picked":"Double Energy","floor":30.0},{"not_picked":["Heatsinks+1","Beam Cell"],"picked":"Leap","floor":31.0},{"not_picked":["All For One","Meteor Strike"],"picked":"Rainbow","floor":33.0},{"not_picked":["Go for the Eyes","Blizzard+1"],"picked":"Cold Snap","floor":35},{"not_picked":["Darkness","Compile Driver"],"picked":"Turbo+1","floor":37},{"not_picked":["Gash+1","Hologram","Turbo"],"picked":"SKIP","floor":38},{"not_picked":["Hologram","Lockon"],"picked":"Conserve Battery+1","floor":40},{"not_picked":["Hologram+1","Barrage","Heatsinks+1"],"picked":"SKIP","floor":42},{"not_picked":["Conserve Battery","Auto Shields"],"picked":"Streamline+1","floor":44},{"not_picked":["Barrage+1","Coolheaded"],"picked":"Rainbow","floor":46},{"not_picked":["Tempest+1","Rebound+1"],"picked":"BootSequence+1","floor":47}],"player_experience":98498,"relics_obtained":[{"floor":10.0,"key":"MawBank"},{"floor":23.0,"key":"Vajra"},{"floor":26.0,"key":"Bronze Scales"},{"floor":27.0,"key":"Ice Cream"},{"floor":29.0,"key":"Ornamental Fan"},{"floor":31.0,"key":"Smiling Mask"},{"floor":40,"key":"Art of War"},{"floor":43,"key":"Oddly Smooth Stone"},{"floor":47,"key":"Whetstone"}],"event_choices":[{"damage_healed":0.0,"max_hp_gain":0.0,"max_hp_loss":0.0,"gold_gain":0.0,"event_name":"Big Fish","player_choice":"Box","floor":2.0,"gold_loss":0.0,"damage_taken":0.0,"relics_obtained":["Centennial Puzzle"],"cards_obtained":["Regret"]},{"damage_healed":0.0,"max_hp_gain":0.0,"max_hp_loss":0.0,"gold_gain":0.0,"event_name":"Nest","player_choice":"Joined the Cult","floor":21.0,"gold_loss":0.0,"damage_taken":6.0,"cards_obtained":["RitualDagger"]},{"cards_removed":["Rip and Tear"],"damage_healed":0,"gold_gain":0,"player_choice":"Removed Attack","damage_taken":0,"max_hp_gain":0,"max_hp_loss":0,"event_name":"Falling","floor":36,"gold_loss":0},{"damage_healed":0,"gold_gain":0,"player_choice":"Embrace Madness","damage_taken":9,"max_hp_gain":0,"max_hp_loss":0,"event_name":"Winding Halls","floor":39,"gold_loss":0,"cards_obtained":["Madness","Madness"]},{"damage_healed":0,"gold_gain":0,"player_choice":"Paid","damage_taken":0,"relics_obtained":["Red Mask"],"max_hp_gain":0,"max_hp_loss":0,"event_name":"Tomb of Lord Red Mask","floor":48,"gold_loss":437}],"is_beta":false,"boss_relics":[{"not_picked":["Empty Cage","Eternal Feather"],"picked":"Inserter"},{"not_picked":["Nuclear Battery","Orrery"],"picked":"Pandora\u0027s Box"}],"items_purged_floors":[4,22],"is_endless":false,"potions_floor_spawned":[1,3,11,16,19,20,23,25,31,38,40,42,44],"ascension_level":0}