{"path_per_floor":["M","?","?","M","M","R","$","$","T","R","M","R","M","M","R","B",null,"M","?","$","?","?","R","M","$","T","?"],"character_chosen":"THE_SILENT","items_purchased":["Cloak And Dagger","Bane"],"gold_per_floor":[118,118,118,129,142,142,67,42,42,42,56,56,72,86,86,189,189,203,103,56,56,56,56,71,71,71,71],"floor_reached":28,"campfire_rested":1,"playtime":1191,"current_hp_per_floor":[70,68,68,62,62,62,62,62,62,62,62,62,62,58,80,54,80,66,66,66,66,66,66,55,55,55,55],"items_purged":["Regret"],"gold":71,"score":206,"play_id":"e680e6ee-ea1c-465f-9dfc-df0925c4c5d0","local_time":"20180319035837","is_prod":false,"is_daily":false,"is_ascension_mode":false,"campfire_upgraded":4,"timestamp":1521440917,"path_taken":["M","?","?","?","M","R","?","$","T","R","M","R","M","M","R","BOSS","M","?","$","?","?","R","M","$","T","?","E"],"build_version":"2018-03-15v3","purchased_purges":1,"victory":false,"master_deck":["Defend_G","Defend_G","Defend_G","Defend_G","Defend_G","Strike_G","Strike_G","Strike_G","Strike_G","Strike_G","Survivor+1","Neutralize","Poisoned Stab","Dagger Spray+1","Expertise+1","Cloak And Dagger","Deflect","Envenom","Bullet Time","Cloak And Dagger+1","J.A.X.","Bane+1","Deadly Poison","Bane+1"],"max_hp_per_floor":[70,80,80,80,80,80,80,80,80,80,80,80,80,80,80,80,80,80,80,80,80,80,80,80,80,80,80],"relics":["Velvet Choker","Pear","Meat on the Bone","Dead Branch","The Specimen","Gremlin Horn","Bottled Lightning"],"card_choices":[{"not_picked":["Flying Knee","Bane"],"picked":"Poisoned Stab"},{"not_picked":["Flying Knee","Dodge and Roll"],"picked":"Dagger Spray"},{"not_picked":["Slice","Deflect"],"picked":"Expertise"},{"not_picked":["Choke","Flying Knee"],"picked":"Deflect"},{"not_picked":["Blur","Sucker Punch"],"picked":"Envenom"},{"not_picked":["Phantasmal Killer","Tactician"],"picked":"Bullet Time"},{"not_picked":["Dagger Throw","Prepared"],"picked":"Cloak And Dagger"},{"not_picked":["Flying Knee","Sucker Punch"],"picked":"Bane"}],"player_experience":197368,"potions_floor_usage":[18,28,28,28,28],"damage_taken":[{"damage":0,"enemies":"2 Louse","floor":1,"turns":3},{"damage":6,"enemies":"Small Slimes","floor":4,"turns":4},{"damage":0,"enemies":"Cultist","floor":5,"turns":3},{"damage":0,"enemies":"Gremlin Gang","floor":11,"turns":1},{"damage":0,"enemies":"Red Slaver","floor":13,"turns":4},{"damage":4,"enemies":"Exordium Thugs","floor":14,"turns":3},{"damage":26,"enemies":"The Guardian","floor":16,"turns":13},{"damage":14,"enemies":"Spheric Guardian","floor":18,"turns":8},{"damage":11,"enemies":"Shell Parasite","floor":24,"turns":6},{"damage":65,"enemies":"Gremlin Leader","floor":28,"turns":7}],"event_choices":[{"event_name":"Scrap Ooze","player_choice":"success","floor":2,"damage_taken":12},{"event_name":"Big Fish","player_choice":"Box","floor":3,"damage_taken":0},{"event_name":"Drug Dealer","player_choice":"Got JAXXED","floor":19,"damage_taken":0},{"event_name":"The Mausoleum","player_choice":"Yes","floor":21,"damage_taken":0},{"event_name":"The Library","player_choice":"Read","floor":22,"damage_taken":0},{"event_name":"Beggar","player_choice":"Ignored","floor":27,"damage_taken":0}],"boss_relics":[{"not_picked":["Eternal Feather","Philosopher\u0027s Stone"],"picked":"The Specimen"}],"potions_floor_spawned":[11,14,16,24],"seed_played":"-8350934828948790236","killed_by":"Gremlin Leader","ascension_level":0,"is_trial":false}