{"path_per_floor":["M","M","M","?","M","R","M","$","T","R","M","R","M","$","R","B",null,"M","M","M","?"],"character_chosen":"IRONCLAD","items_purchased":["Juggernaut","Clothesline","Headbutt","Dream Catcher"],"gold_per_floor":[111,129,149,224,238,238,255,80,133,133,151,151,170,19,19,124,124,141,156,175,175],"floor_reached":22,"campfire_rested":3,"playtime":1873,"current_hp_per_floor":[66,64,60,49,35,59,53,53,53,53,56,80,80,80,80,40,80,51,40,10,10],"items_purged":[],"gold":175,"play_id":"1f176390-2065-400c-b2ea-b0fcdf6ee19a","is_prod":false,"is_daily":false,"is_ascension_mode":false,"campfire_upgraded":1,"path_taken":["M","M","M","?","M","R","M","$","T","R","?","R","M","$","R","BOSS","M","M","M","?","M"],"build_version":"2018-01-25-PROD3","purchased_purges":0,"victory":false,"master_deck":["Defend_R","Defend_R","Defend_R","Defend_R","Bash","Flex","Armaments","Heavy Blade","Sword Boomerang","Second Wind","Juggernaut+1","Clothesline","Headbutt","Blood for Blood","Armaments","Hemokinesis","Double Tap","Twin Strike","Armaments","Anger","Bite_R","Bite_R","Bite_R","Bite_R","Bite_R"],"max_hp_per_floor":[80,80,80,80,80,80,80,80,80,80,80,80,80,80,80,80,80,80,80,80,56],"relics":["Burning Blood","Vajra","Dream Catcher","Runic Pyramid"],"card_choices":[{"not_picked":["Feel No Pain","Thunderclap"],"picked":"Flex"},{"not_picked":["Pommel Strike","Corruption"],"picked":"Armaments"},{"not_picked":["Second Wind","Fire Breathing"],"picked":"Heavy Blade"},{"not_picked":["Metallicize","Power Through"],"picked":"Sword Boomerang"},{"not_picked":["Intimidate","Inflame"],"picked":"Second Wind"},{"not_picked":["Warcry","Power Through"],"picked":"Blood for Blood"},{"not_picked":["Disarm","Hemokinesis"],"picked":"Armaments"},{"not_picked":["Metallicize","Thunderclap"],"picked":"Hemokinesis"},{"not_picked":["Offering","Demon Form"],"picked":"Double Tap"},{"not_picked":["Sword Boomerang","Clothesline"],"picked":"Twin Strike"},{"not_picked":["Body Slam","Warcry"],"picked":"Armaments"},{"not_picked":["Burning Pact","Heavy Blade"],"picked":"Anger"}],"player_experience":5264,"potions_floor_usage":[1,5,5,11,13,16,18,19,20],"damage_taken":[{"damage":20,"enemies":"Blue Slaver","floor":1,"turns":5},{"damage":8,"enemies":"Jaw Worm","floor":2,"turns":3},{"damage":10,"enemies":"Cultist","floor":3,"turns":4},{"damage":20,"enemies":"Gremlin Gang","floor":5,"turns":7},{"damage":12,"enemies":"3 Louse","floor":7,"turns":3},{"damage":3,"enemies":"Red Slaver","floor":11,"turns":3},{"damage":5,"enemies":"2 Fungi Beasts","floor":13,"turns":2},{"damage":46,"enemies":"Hexaghost","floor":16,"turns":8},{"damage":35,"enemies":"3 Byrds","floor":18,"turns":5},{"damage":17,"enemies":"Spheric Guardian","floor":19,"turns":5},{"damage":36,"enemies":"Snake Plant","floor":20,"turns":6},{"damage":15,"enemies":"Centurion and Healer","floor":22,"turns":3}],"event_choices":[{"event_name":"World of Goop","player_choice":"Gather Gold","floor":4,"damage_taken":0},{"event_name":"Vampires","player_choice":"Became a vampire","floor":21,"damage_taken":0}],"boss_relics":[{"not_picked":["Runic Dome","Eternal Feather"],"picked":"Runic Pyramid"}],"potions_floor_spawned":[2,7,11,13,18,19],"seed_played":"-7657366788535616466","killed_by":"Centurion and Healer","ascension_level":0,"is_trial":false}