{"gold_per_floor":[112,131,131,56,76,76,101,101,101,101,116,150,150,166,166,241,241,255,80,97,77,89,89,122,37,37,53,53],"floor_reached":28,"playtime":1787,"items_purged":["Strike_B"],"score":471,"play_id":"434d6f40-d5b7-4755-a286-5b7f53bc82e5","local_time":"20190220212313","is_ascension_mode":true,"campfire_choices":[{"data":"Zap","floor":6.0,"key":"SMITH"},{"floor":10.0,"key":"REST"},{"data":"Reinforced Body","floor":13.0,"key":"SMITH"},{"floor":15.0,"key":"REST"},{"data":"Defragment","floor":23.0,"key":"SMITH"}],"neow_cost":"NONE","seed_source_timestamp":7301795476225,"circlet_count":0,"master_deck":["AscendersBane","Strike_B","Strike_B","Defend_B","Defend_B","Defend_B","Defend_B+1","Zap+1","Dualcast","BootSequence","Compile Driver","Ball Lightning","Genetic Algorithm+1","Ball Lightning","Conserve Battery","Reinforced Body+1","Defragment+1","Multi-Cast","Beam Cell","Loop","Hologram","Sunder","Coolheaded","Auto Shields","Cold Snap"],"special_seed":0,"relics":["Cracked Core","Cables","Bag of Marbles","Darkstone Periapt","Runic Pyramid","Boot","Dream Catcher"],"potions_floor_usage":[28],"damage_taken":[{"damage":1.0,"enemies":"2 Louse","floor":1.0,"turns":2.0},{"damage":0.0,"enemies":"Jaw Worm","floor":2.0,"turns":3.0},{"damage":7.0,"enemies":"Small Slimes","floor":5.0,"turns":3.0},{"damage":35.0,"enemies":"3 Sentries","floor":7.0,"turns":8.0},{"damage":6.0,"enemies":"Exordium Thugs","floor":11.0,"turns":3.0},{"damage":8.0,"enemies":"Gremlin Nob","floor":12.0,"turns":3.0},{"damage":0.0,"enemies":"Red Slaver","floor":14.0,"turns":2.0},{"damage":30.0,"enemies":"The Guardian","floor":16.0,"turns":11.0},{"damage":1.0,"enemies":"Spheric Guardian","floor":18.0,"turns":4.0},{"damage":6.0,"enemies":"2 Thieves","floor":20.0,"turns":4.0},{"damage":18.0,"enemies":"Sentry and Sphere","floor":22.0,"turns":7.0},{"damage":24.0,"enemies":"Slavers","floor":24.0,"turns":7.0},{"damage":5.0,"enemies":"Shelled Parasite and Fungi","floor":27.0,"turns":8.0},{"damage":13,"enemies":"Chosen and Byrds","floor":28,"turns":5}],"seed_played":"2020638913125883409","potions_obtained":[{"floor":1.0,"key":"FocusPotion"},{"floor":11.0,"key":"LiquidBronze"},{"floor":14.0,"key":"Block Potion"},{"floor":21.0,"key":"Weak Potion"},{"floor":24.0,"key":"Dexterity Potion"},{"floor":27.0,"key":"Strength Potion"}],"is_trial":false,"path_per_floor":["M","M","?","?","M","R","E","?","T","R","M","E","R","M","R","B",null,"M","$","M","?","M","R","E","$","T","M","M"],"character_chosen":"DEFECT","items_purchased":["Loop","Hologram","Auto Shields"],"campfire_rested":2,"item_purchase_floors":[19,19,25],"current_hp_per_floor":[63,63,68,68,61,61,26,3,3,25,19,11,11,11,33,3,58,57,57,51,51,33,33,9,9,9,4,0],"gold":53,"neow_bonus":"THREE_CARDS","is_prod":false,"is_daily":false,"chose_seed":false,"campfire_upgraded":3,"win_rate":0,"timestamp":1550694193,"path_taken":["M","M","?","?","M","R","E","?","T","R","M","E","R","?","R","BOSS","M","$","M","?","M","R","E","?","T","M","?"],"build_version":"2019-01-23","purchased_purges":1,"victory":false,"max_hp_per_floor":[71,71,76,76,76,76,76,76,76,76,76,76,76,76,76,76,76,76,76,76,76,76,76,76,76,76,76,76],"card_choices":[{"not_picked":["Rebound","Hologram"],"picked":"BootSequence","floor":0.0},{"not_picked":["Aggregate","Chill"],"picked":"Compile Driver","floor":1.0},{"not_picked":["Hologram","Static Discharge"],"picked":"Ball Lightning","floor":2.0},{"not_picked":["Go for the Eyes","Compile Driver"],"picked":"Genetic Algorithm","floor":5.0},{"not_picked":["Blizzard","Cold Snap"],"picked":"Ball Lightning","floor":7.0},{"not_picked":["Chill","Sweeping Beam"],"picked":"Conserve Battery","floor":11.0},{"not_picked":["Loop","Steam"],"picked":"Reinforced Body","floor":12.0},{"not_picked":["Scrape","Genetic Algorithm"],"picked":"Defragment","floor":14.0},{"not_picked":["Seek","Reboot"],"picked":"Multi-Cast","floor":16.0},{"not_picked":["Turbo","Tempest"],"picked":"Beam Cell","floor":18.0},{"not_picked":["Ball Lightning","Lockon"],"picked":"Sunder","floor":20.0},{"not_picked":["Beam Cell","Hologram"],"picked":"Coolheaded","floor":22.0},{"not_picked":["Barrage","Storm","Hyperbeam"],"picked":"SKIP","floor":24.0},{"not_picked":["Storm","Blizzard"],"picked":"Cold Snap","floor":27.0}],"player_experience":456290,"relics_obtained":[{"floor":7.0,"key":"Cables"},{"floor":9.0,"key":"Bag of Marbles"},{"floor":12.0,"key":"Darkstone Periapt"},{"floor":24.0,"key":"Boot"},{"floor":26.0,"key":"Dream Catcher"}],"event_choices":[{"damage_healed":0.0,"max_hp_gain":5.0,"max_hp_loss":0.0,"gold_gain":0.0,"event_name":"Big Fish","player_choice":"Donut","floor":3.0,"gold_loss":0.0,"damage_taken":0.0},{"cards_removed":["Strike_B"],"damage_healed":0.0,"max_hp_gain":0.0,"max_hp_loss":0.0,"gold_gain":0.0,"event_name":"The Cleric","player_choice":"Card Removal","floor":4.0,"gold_loss":75.0,"damage_taken":0.0},{"damage_healed":0.0,"max_hp_gain":0.0,"max_hp_loss":0.0,"gold_gain":0.0,"event_name":"Shining Light","player_choice":"Entered Light","floor":8.0,"gold_loss":0.0,"damage_taken":23.0,"cards_upgraded":["Defend_B","Genetic Algorithm"]},{"damage_healed":0.0,"max_hp_gain":0.0,"max_hp_loss":0.0,"gold_gain":0.0,"event_name":"The Woman in Blue","player_choice":"Bought 1 Potion","floor":21.0,"gold_loss":0.0,"damage_taken":0.0}],"is_beta":false,"boss_relics":[{"not_picked":["Busted Crown","Eternal Feather"],"picked":"Runic Pyramid"}],"items_purged_floors":[19],"is_endless":false,"potions_floor_spawned":[1,11,14,24,27],"killed_by":"Chosen and Byrds","ascension_level":18}