{"gold_per_floor":[112,112,126,76,76,102,102,122,173,24,55,55,6,19,19,19],"floor_reached":16,"playtime":1138,"items_purged":[],"score":151,"play_id":"3223cea2-d561-42c2-9083-aed03c7bcee9","local_time":"20190223154606","is_ascension_mode":true,"campfire_choices":[{"floor":7,"key":"REST"},{"floor":12,"key":"REST"},{"data":"Hyperbeam","floor":15,"key":"SMITH"}],"neow_cost":"NONE","seed_source_timestamp":23670477975500,"circlet_count":0,"master_deck":["Strike_B","Strike_B","Strike_B","Strike_B","Defend_B","Defend_B","Defend_B","Defend_B","Zap+1","Dualcast","Turbo","Compile Driver","Gash","Genetic Algorithm","Hyperbeam+1"],"relics":["Philosopher\u0027s Stone","Art of War","Boot","Happy Flower"],"potions_floor_usage":[16,16,16],"damage_taken":[{"damage":3,"enemies":"Jaw Worm","floor":1,"turns":4},{"damage":6,"enemies":"2 Louse","floor":3,"turns":3},{"damage":53,"enemies":"Gremlin Nob","floor":6,"turns":5},{"damage":2,"enemies":"Cultist","floor":8,"turns":3},{"damage":6,"enemies":"3 Sentries","floor":11,"turns":4},{"damage":7,"enemies":"Looter","floor":14,"turns":3},{"damage":36,"enemies":"The Guardian","floor":16,"turns":5}],"seed_played":"-5624765658320750609","potions_obtained":[{"floor":11,"key":"FocusPotion"},{"floor":14,"key":"Block Potion"}],"is_trial":false,"path_per_floor":["M","?","M","?","?","E","R","M","T","$","E","R","$","M","R","B"],"character_chosen":"DEFECT","items_purchased":["Hyperbeam","Poison Potion"],"campfire_rested":2,"item_purchase_floors":[10,13],"current_hp_per_floor":[65,65,59,59,59,6,28,26,26,26,20,42,42,35,35,0],"gold":19,"neow_bonus":"BOSS_RELIC","is_prod":false,"is_daily":false,"chose_seed":false,"campfire_upgraded":1,"win_rate":0,"timestamp":1550954766,"path_taken":["M","?","M","?","?","E","R","M","T","$","E","R","$","M","R","BOSS"],"build_version":"2019-01-23","purchased_purges":0,"victory":false,"max_hp_per_floor":[75,75,75,75,75,75,75,75,75,75,75,75,75,75,75,75],"card_choices":[{"not_picked":["Ball Lightning","Conserve Battery"],"picked":"Turbo","floor":1},{"not_picked":["Reprogram","Consume"],"picked":"Compile Driver","floor":3},{"not_picked":["Barrage","Streamline"],"picked":"Gash","floor":6},{"not_picked":["Amplify","Stack"],"picked":"Genetic Algorithm","floor":8},{"not_picked":["Buffer","Static Discharge","Undo"],"picked":"SKIP","floor":11},{"not_picked":["Scrape","Barrage","Force Field"],"picked":"SKIP","floor":14}],"player_experience":584890,"relics_obtained":[{"floor":6,"key":"Boot"},{"floor":11,"key":"Happy Flower"}],"event_choices":[{"damage_healed":0,"gold_gain":0,"player_choice":"Box","damage_taken":0,"relics_obtained":["Art of War"],"max_hp_gain":0,"max_hp_loss":0,"event_name":"Big Fish","floor":2,"gold_loss":0,"cards_obtained":["Regret"]},{"cards_removed":["Regret"],"damage_healed":0,"gold_gain":0,"player_choice":"Card Removal","damage_taken":0,"max_hp_gain":0,"max_hp_loss":0,"event_name":"The Cleric","floor":4,"gold_loss":50},{"damage_healed":0,"gold_gain":0,"player_choice":"Grow","damage_taken":0,"max_hp_gain":0,"max_hp_loss":0,"event_name":"Living Wall","floor":5,"gold_loss":0,"cards_upgraded":["Zap"]}],"is_beta":false,"boss_relics":[],"items_purged_floors":[],"is_endless":false,"potions_floor_spawned":[11,14],"killed_by":"The Guardian","ascension_level":8}