{"path_per_floor":["M","?","M","$","?","R","M","M","T","M","M","?","M","M","R"],"character_chosen":"IRONCLAD","items_purchased":["Membership Card"],"gold_per_floor":[211,211,231,30,30,30,43,60,60,73,88,88,99,118,118],"floor_reached":16,"campfire_rested":2,"playtime":644,"current_hp_per_floor":[76,58,55,55,39,63,63,69,69,70,63,63,62,48,72],"items_purged":[],"gold":118,"score":96,"play_id":"dff4a40c-dc42-42de-b1fb-4c608d2d8ba0","local_time":"20180308015559","is_prod":false,"is_daily":false,"is_ascension_mode":false,"campfire_upgraded":0,"timestamp":1520486759,"path_taken":["M","?","M","$","?","R","M","?","T","?","?","?","M","M","R","BOSS"],"build_version":"2018-03-01-PROD1","purchased_purges":0,"victory":false,"master_deck":["Strike_R","Strike_R+1","Strike_R","Strike_R","Strike_R","Defend_R","Defend_R","Defend_R+1","Defend_R","Bash","Armaments","Metallicize","Flex","Anger","Regret","Fire Breathing","Anger","Double Tap"],"max_hp_per_floor":[80,80,80,80,80,80,80,80,80,80,80,80,80,80,80],"relics":["Burning Blood","Bag of Marbles","Membership Card","Ice Cream","Dream Catcher"],"card_choices":[{"not_picked":["Heavy Blade","Entrench"],"picked":"Armaments"},{"not_picked":["Shrug It Off","Brutality"],"picked":"Metallicize"},{"not_picked":["Sword Boomerang","Clothesline"],"picked":"Flex"},{"not_picked":["Iron Wave","Intimidate"],"picked":"Anger"},{"not_picked":["Perfected Strike","Thunderclap"],"picked":"Fire Breathing"},{"not_picked":["Blood for Blood","Clothesline"],"picked":"Anger"},{"not_picked":["Warcry","Evolve"],"picked":"Double Tap"}],"player_experience":135964,"potions_floor_usage":[10,11,16],"damage_taken":[{"damage":10,"enemies":"Small Slimes","floor":1,"turns":4},{"damage":9,"enemies":"2 Louse","floor":3,"turns":2},{"damage":6,"enemies":"Jaw Worm","floor":7,"turns":5},{"damage":0,"enemies":"3 Louse","floor":8,"turns":4},{"damage":5,"enemies":"Red Slaver","floor":10,"turns":2},{"damage":13,"enemies":"Gremlin Gang","floor":11,"turns":5},{"damage":7,"enemies":"Looter","floor":13,"turns":3},{"damage":20,"enemies":"3 Louse","floor":14,"turns":3},{"damage":75,"enemies":"Slime Boss","floor":16,"turns":11}],"event_choices":[{"event_name":"Scrap Ooze","player_choice":"success","floor":2,"damage_taken":18},{"event_name":"Shining Light","player_choice":"Entered Light","floor":5,"damage_taken":0},{"event_name":"Big Fish","player_choice":"Box","floor":12,"damage_taken":0}],"boss_relics":[],"potions_floor_spawned":[7,10,13,14],"seed_played":"-3113948041670443407","killed_by":"Slime Boss","ascension_level":0,"is_trial":false}