{"gold_per_floor":[115,115,133,133,148,148,176,195,219,219,24,24,55,73,73,150,150,160,160,160,160,85,85,101,101,101,101,118,18,30,44,44,117,117,135,150,25,35,46,46,46,46,71,83,36,48,48,80,80,80],"floor_reached":51,"playtime":2111,"items_purged":["Strike_R","Writhe","Strike_R"],"score":1200,"play_id":"240ba044-3e5e-4372-95a7-599b780c830b","local_time":"20190123205338","is_ascension_mode":true,"campfire_choices":[{"data":"Searing Blow","floor":6.0,"key":"SMITH"},{"data":"Searing Blow+1","floor":10.0,"key":"SMITH"},{"data":"Searing Blow+2","floor":12.0,"key":"SMITH"},{"data":"Searing Blow+3","floor":15.0,"key":"SMITH"},{"data":"Searing Blow+4","floor":23.0,"key":"SMITH"},{"data":"Searing Blow+5","floor":25.0,"key":"SMITH"},{"data":"Armaments","floor":32.0,"key":"SMITH"},{"data":"Searing Blow+6","floor":40,"key":"SMITH"},{"data":"Searing Blow+7","floor":42,"key":"SMITH"},{"data":"Searing Blow+8","floor":47,"key":"SMITH"},{"data":"Searing Blow+9","floor":49,"key":"SMITH"}],"neow_cost":"NONE","seed_source_timestamp":464564100260099,"circlet_count":0,"master_deck":["AscendersBane","Strike_R","Strike_R","Defend_R","Defend_R","Defend_R","Defend_R","Bash","Searing Blow+10","Headbutt","Disarm+1","Spot Weakness","Corruption","Ghostly Armor+1","Armaments+1","Double Tap","Necronomicurse","Ghostly","Ghostly","Ghostly","Ghostly","Ghostly","Bludgeon","Fiend Fire","Feel No Pain","Whirlwind+1","Writhe","Burning Pact","Shrug It Off","Pommel Strike+1"],"special_seed":0,"relics":["Burning Blood","Pen Nib","Centennial Puzzle","PreservedInsect","Potion Belt","War Paint","Cursed Key","Necronomicon","Matryoshka","Art of War","Coffee Dripper","Gremlin Horn","Bag of Marbles","Paper Frog"],"potions_floor_usage":[50,50,50],"damage_taken":[{"damage":8.0,"enemies":"Small Slimes","floor":1.0,"turns":4.0},{"damage":0.0,"enemies":"2 Louse","floor":3.0,"turns":2.0},{"damage":9.0,"enemies":"Jaw Worm","floor":5.0,"turns":4.0},{"damage":13.0,"enemies":"Gremlin Nob","floor":7.0,"turns":3.0},{"damage":19.0,"enemies":"3 Louse","floor":8.0,"turns":4.0},{"damage":20.0,"enemies":"3 Sentries","floor":13.0,"turns":7.0},{"damage":0.0,"enemies":"2 Fungi Beasts","floor":14.0,"turns":4.0},{"damage":12.0,"enemies":"Slime Boss","floor":16.0,"turns":7.0},{"damage":0.0,"enemies":"Chosen","floor":18.0,"turns":4.0},{"damage":0.0,"enemies":"Spheric Guardian","floor":24.0,"turns":2.0},{"damage":4.0,"enemies":"Chosen and Byrds","floor":28.0,"turns":3.0},{"damage":15.0,"enemies":"Centurion and Healer","floor":30.0,"turns":4.0},{"damage":1.0,"enemies":"Cultist and Chosen","floor":31.0,"turns":5.0},{"damage":1.0,"enemies":"Champ","floor":33.0,"turns":5.0},{"damage":1,"enemies":"3 Shapes","floor":35,"turns":5},{"damage":21,"enemies":"3 Darklings","floor":36,"turns":7},{"damage":1,"enemies":"Maw","floor":38,"turns":4},{"damage":0,"enemies":"Jaw Worm Horde","floor":39,"turns":2},{"damage":0,"enemies":"Sphere and 2 Shapes","floor":44,"turns":4},{"damage":0,"enemies":"4 Shapes","floor":46,"turns":3},{"damage":4,"enemies":"Nemesis","floor":48,"turns":5},{"damage":21,"enemies":"Time Eater","floor":50,"turns":6}],"seed_played":"-6668496427069397654","potions_obtained":[{"floor":3.0,"key":"FearPotion"},{"floor":7.0,"key":"Energy Potion"},{"floor":13.0,"key":"Dexterity Potion"},{"floor":16.0,"key":"Strength Potion"},{"floor":24.0,"key":"Explosive Potion"},{"floor":30.0,"key":"Fire Potion"},{"floor":36,"key":"Block Potion"}],"is_trial":false,"path_per_floor":["M","?","M","?","M","R","E","M","T","R","$","R","E","M","R","B",null,"M","?","?","?","?","R","M","R","T","?","M","$","M","M","R","B",null,"M","M","$","M","M","R","?","R","T","M","$","M","R","E","R","B",null],"character_chosen":"IRONCLAD","items_purchased":["Corruption","Ghostly Armor","Shrug It Off"],"campfire_rested":0,"item_purchase_floors":[11,11,45],"current_hp_per_floor":[66,66,72,65,62,62,55,42,42,42,42,42,28,34,34,28,63,69,55,39,39,39,39,40,40,40,40,40,40,31,36,36,40,40,40,25,25,30,36,36,36,36,36,38,38,38,38,38,38,23],"gold":80,"neow_bonus":"RANDOM_COMMON_RELIC","is_prod":false,"is_daily":false,"chose_seed":false,"campfire_upgraded":11,"win_rate":0,"timestamp":1548273218,"path_taken":["M","?","M","?","M","R","E","M","T","R","$","R","E","M","R","BOSS","M","?","?","?","?","R","M","R","T","?","M","$","M","M","R","BOSS","M","M","$","M","M","R","?","R","T","M","$","M","R","E","R","BOSS"],"build_version":"2019-01-23","purchased_purges":3,"victory":true,"max_hp_per_floor":[75,75,75,75,75,75,75,75,75,75,75,75,75,75,75,75,75,75,80,80,40,40,40,40,40,40,40,40,40,40,40,40,40,40,40,40,40,40,40,40,38,38,38,38,38,38,38,38,38,38],"card_choices":[{"not_picked":["True Grit","Clash"],"picked":"Searing Blow","floor":1.0},{"not_picked":["Thunderclap","Heavy Blade"],"picked":"Headbutt","floor":3.0},{"not_picked":["Pommel Strike","Cleave"],"picked":"Disarm","floor":5.0},{"not_picked":["Flame Barrier","Carnage","Flex"],"picked":"SKIP","floor":7.0},{"not_picked":["Dark Embrace","Heavy Blade"],"picked":"Spot Weakness","floor":8.0},{"not_picked":["Pommel Strike","Entrench"],"picked":"Armaments","floor":13.0},{"not_picked":["Warcry","Entrench","Sword Boomerang"],"picked":"SKIP","floor":14.0},{"not_picked":["Brutality","Reaper"],"picked":"Double Tap","floor":16.0},{"not_picked":["Ghostly Armor","Thunderclap","Hemokinesis+1"],"picked":"SKIP","floor":18.0},{"not_picked":["Clothesline","Flex","Seeing Red"],"picked":"SKIP","floor":24.0},{"not_picked":["Thunderclap","Rupture"],"picked":"Bludgeon","floor":28.0},{"not_picked":["Clash","Flex","True Grit"],"picked":"SKIP","floor":30.0},{"not_picked":["Sword Boomerang","Searing Blow","Wild Strike"],"picked":"SKIP","floor":31.0},{"not_picked":["Berserk","Double Tap"],"picked":"Fiend Fire","floor":33.0},{"not_picked":["Warcry","Iron Wave"],"picked":"Feel No Pain","floor":35},{"not_picked":["Dual Wield","Pommel Strike","Bloodletting"],"picked":"SKIP","floor":36},{"not_picked":["Dropkick","Sword Boomerang"],"picked":"Whirlwind+1","floor":38},{"not_picked":["Heavy Blade","Armaments","Combust"],"picked":"SKIP","floor":39},{"not_picked":["Evolve","Wild Strike"],"picked":"Burning Pact","floor":44},{"not_picked":["Flex","Body Slam","Berserk"],"picked":"SKIP","floor":46},{"not_picked":["Demon Form","Barricade"],"picked":"Pommel Strike+1","floor":48}],"player_experience":374128,"relics_obtained":[{"floor":7.0,"key":"PreservedInsect"},{"floor":9.0,"key":"Potion Belt"},{"floor":13.0,"key":"War Paint"},{"floor":20.0,"key":"Necronomicon"},{"floor":26.0,"key":"Matryoshka"},{"floor":43,"key":"Gremlin Horn"},{"floor":43,"key":"Bag of Marbles"},{"floor":48,"key":"Paper Frog"}],"event_choices":[{"damage_healed":0.0,"max_hp_gain":0.0,"max_hp_loss":0.0,"gold_gain":0.0,"event_name":"Liars Game","player_choice":"Ignored","floor":2.0,"gold_loss":0.0,"damage_taken":0.0},{"damage_healed":0.0,"max_hp_gain":0.0,"max_hp_loss":0.0,"gold_gain":0.0,"event_name":"Scrap Ooze","player_choice":"Success","floor":4.0,"gold_loss":0.0,"damage_taken":7.0,"relics_obtained":["Centennial Puzzle"]},{"damage_healed":0.0,"max_hp_gain":5.0,"max_hp_loss":0.0,"gold_gain":0.0,"event_name":"Forgotten Altar","player_choice":"Shed Blood","floor":19.0,"gold_loss":0.0,"damage_taken":19.0},{"damage_healed":0.0,"max_hp_gain":0.0,"max_hp_loss":0.0,"gold_gain":0.0,"event_name":"Cursed Tome","player_choice":"Obtained Book","floor":20.0,"gold_loss":0.0,"damage_taken":16.0},{"damage_healed":0.0,"max_hp_gain":0.0,"max_hp_loss":40.0,"gold_gain":0.0,"event_name":"Ghosts","player_choice":"Became a Ghost","floor":21.0,"gold_loss":0.0,"damage_taken":0.0,"cards_obtained":["Ghostly","Ghostly","Ghostly","Ghostly","Ghostly"]},{"cards_removed":["Strike_R"],"damage_healed":0.0,"max_hp_gain":0.0,"max_hp_loss":0.0,"gold_gain":0.0,"event_name":"Beggar","player_choice":"Gave Gold","floor":22.0,"gold_loss":75.0,"damage_taken":0.0},{"damage_healed":0.0,"max_hp_gain":0.0,"max_hp_loss":0.0,"gold_gain":0.0,"event_name":"The Mausoleum","player_choice":"Opened","floor":27.0,"gold_loss":0.0,"damage_taken":0.0,"relics_obtained":["Art of War"]},{"damage_healed":0,"gold_gain":0,"player_choice":"Max HP","damage_taken":0,"max_hp_gain":0,"max_hp_loss":2,"event_name":"Winding Halls","floor":41,"gold_loss":0}],"is_beta":false,"boss_relics":[{"not_picked":["Tiny House","Ectoplasm"],"picked":"Cursed Key"},{"not_picked":["Mark of Pain","Lizard Tail"],"picked":"Coffee Dripper"}],"items_purged_floors":[11,29,37],"is_endless":false,"potions_floor_spawned":[3,7,13,16,24,30,31,36,38,44,46],"ascension_level":14}