{"gold_per_floor":[118,129,129,129,148,148,161,174,221,39,39,10,25,40,40,135,135,149,163,163,163],"floor_reached":21,"playtime":805,"items_purged":["Strike_G"],"score":471,"play_id":"56cec2fb-f3f9-47aa-a496-2f969852c08a","local_time":"20181026101116","is_ascension_mode":true,"campfire_choices":[{"data":"Dash","floor":6.0,"key":"SMITH"},{"data":"Deadly Poison","floor":11.0,"key":"SMITH"},{"data":"Skewer","floor":15.0,"key":"SMITH"}],"neow_cost":"NONE","seed_source_timestamp":463389520655,"circlet_count":0,"master_deck":["Defend_G","Defend_G","Defend_G","Defend_G","Defend_G","Survivor","Neutralize","AscendersBane","Dagger Throw","Backstab","Dash+1","Skewer+1","All Out Attack","Deadly Poison+1","Flying Knee","Poisoned Stab","Noxious Fumes","Terror","Tools of the Trade","Backflip","Bite","Bite","Bite","Bite","Bite"],"special_seed":0,"relics":["Runic Pyramid","Golden Idol","Bronze Scales","HoveringKite"],"potions_floor_usage":[21],"damage_taken":[{"damage":0.0,"enemies":"Cultist","floor":1.0,"turns":4.0},{"damage":2.0,"enemies":"Jaw Worm","floor":2.0,"turns":4.0},{"damage":1.0,"enemies":"2 Louse","floor":5.0,"turns":2.0},{"damage":0.0,"enemies":"Blue Slaver","floor":7.0,"turns":4.0},{"damage":10.0,"enemies":"Exordium Thugs","floor":8.0,"turns":4.0},{"damage":0.0,"enemies":"Red Slaver","floor":13.0,"turns":2.0},{"damage":7.0,"enemies":"Lots of Slimes","floor":14.0,"turns":3.0},{"damage":0.0,"enemies":"Slime Boss","floor":16.0,"turns":8.0},{"damage":11,"enemies":"Spheric Guardian","floor":18,"turns":3},{"damage":20,"enemies":"Shell Parasite","floor":19,"turns":4},{"damage":37,"enemies":"Masked Bandits","floor":21,"turns":3}],"seed_played":"-1338494371517363192","potions_obtained":[{"floor":2.0,"key":"GhostInAJar"},{"floor":5.0,"key":"Explosive Potion"},{"floor":18,"key":"LiquidBronze"}],"is_trial":false,"path_per_floor":["M","M","?","?","M","R","M","M","T","$","R","$","M","M","R","B",null,"M","M","?"],"character_chosen":"THE_SILENT","items_purchased":["Deadly Poison","Flying Knee","Poisoned Stab"],"campfire_rested":0,"item_purchase_floors":[10,10,12],"current_hp_per_floor":[59,57,34,34,33,33,33,23,23,23,23,23,23,16,16,16,54,43,23,23,0],"gold":163,"neow_bonus":"BOSS_RELIC","is_prod":false,"is_daily":false,"chose_seed":false,"campfire_upgraded":3,"win_rate":0,"timestamp":1540541476,"path_taken":["M","M","?","?","M","R","?","M","T","?","R","?","?","?","R","BOSS","M","M","?","?"],"build_version":"2018-10-25v2","purchased_purges":1,"victory":false,"max_hp_per_floor":[66,66,66,66,66,66,66,66,66,66,66,66,66,66,66,66,66,66,66,46,46],"card_choices":[{"not_picked":["Deflect","Endless Agony"],"picked":"Dagger Throw","floor":1.0},{"not_picked":["Blur","Outmaneuver"],"picked":"Backstab","floor":2.0},{"not_picked":["Prepared","Quick Slash"],"picked":"Dash","floor":5.0},{"not_picked":["Expertise","Cloak And Dagger"],"picked":"Skewer","floor":7.0},{"not_picked":["Flying Knee","Sucker Punch"],"picked":"All Out Attack","floor":8.0},{"not_picked":["Bane","Flying Knee"],"picked":"Noxious Fumes","floor":13.0},{"not_picked":["Deflect","Grand Finale"],"picked":"Terror","floor":14.0},{"not_picked":["Storm of Steel","Grand Finale"],"picked":"Tools of the Trade","floor":16.0},{"not_picked":["Sucker Punch","Bane","Slice"],"picked":"SKIP","floor":18},{"not_picked":["Dagger Spray+1","Deflect+1"],"picked":"Backflip","floor":19}],"player_experience":747404,"relics_obtained":[{"floor":9.0,"key":"Bronze Scales"}],"event_choices":[{"damage_healed":0.0,"max_hp_gain":0.0,"max_hp_loss":0.0,"gold_gain":0.0,"event_name":"Golden Idol","player_choice":"Take Damage","floor":3.0,"gold_loss":0.0,"damage_taken":23.0,"relics_obtained":["Golden Idol"]},{"damage_healed":0.0,"max_hp_gain":0.0,"max_hp_loss":0.0,"gold_gain":0.0,"event_name":"Liars Game","player_choice":"Ignored","floor":4.0,"gold_loss":0.0,"damage_taken":0.0},{"damage_healed":0,"gold_gain":0,"player_choice":"Became a vampire","damage_taken":0,"max_hp_gain":0,"max_hp_loss":20,"event_name":"Vampires","floor":20,"gold_loss":0,"cards_obtained":["Bite","Bite","Bite","Bite","Bite"]},{"damage_healed":0,"gold_gain":0,"player_choice":"Fought Bandits","damage_taken":0,"max_hp_gain":0,"max_hp_loss":0,"event_name":"Masked Bandits","floor":21,"gold_loss":0}],"is_beta":true,"boss_relics":[{"not_picked":["Sozu","Runic Dome"],"picked":"HoveringKite"}],"items_purged_floors":[10],"is_endless":false,"potions_floor_spawned":[2,5,7,18],"killed_by":"Masked Bandits","ascension_level":20}