{"gold_per_floor":[112,112,129,144,155,155,171,197,197,208,208,278,278,303,303,379,379,379,334,334,334,22,22,22,22,22,22,22,22,22,22,22,22,22,22,22,22,22,22,22,22,22,22,0,0,0,0,0,0,0],"floor_reached":51,"playtime":3330,"items_purged":[],"score":1335,"play_id":"86ed9a4e-7946-4567-8ce0-6ac8bec52bd7","local_time":"20190126145525","is_ascension_mode":true,"campfire_choices":[{"data":"Body Slam","floor":6.0,"key":"SMITH"},{"data":"Armaments","floor":11.0,"key":"SMITH"},{"data":"Uppercut","floor":13.0,"key":"SMITH"},{"floor":15.0,"key":"REST"},{"floor":24.0,"key":"REST"},{"floor":28.0,"key":"REST"},{"floor":32.0,"key":"REST"},{"floor":40.0,"key":"REST"},{"floor":42,"key":"REST"},{"data":"Corruption","floor":49,"key":"SMITH"}],"neow_cost":"NONE","seed_source_timestamp":94672507181148,"circlet_count":0,"master_deck":["AscendersBane","Strike_R","Strike_R","Strike_R","Strike_R","Defend_R","Defend_R","Defend_R","Defend_R","Bash","Spot Weakness","Feel No Pain","Body Slam+1","Havoc","Heavy Blade","Armaments+1","Uppercut+1","Spot Weakness","Offering","Havoc+1","RitualDagger","Flame Barrier","Limit Break","Corruption+1","Metallicize","Rage","Double Tap","Doubt","Writhe","Rupture","Writhe","Rupture","Juggernaut","Battle Trance","Flame Barrier","Doubt"],"special_seed":0,"relics":["Burning Blood","Omamori","Pear","Unceasing Top","Ectoplasm","Thread and Needle","Shuriken","Juzu Bracelet","Red Skull","Calling Bell","Lantern","Blue Candle","Ginger","Gambling Chip","Smiling Mask","Red Mask"],"potions_floor_usage":[41,50,50],"damage_taken":[{"damage":0.0,"enemies":"2 Louse","floor":1.0,"turns":3.0},{"damage":4.0,"enemies":"Small Slimes","floor":3.0,"turns":4.0},{"damage":9.0,"enemies":"Jaw Worm","floor":4.0,"turns":4.0},{"damage":11.0,"enemies":"3 Louse","floor":5.0,"turns":6.0},{"damage":15.0,"enemies":"Large Slime","floor":7.0,"turns":6.0},{"damage":35.0,"enemies":"Lagavulin","floor":8.0,"turns":7.0},{"damage":17.0,"enemies":"Red Slaver","floor":10.0,"turns":4.0},{"damage":34.0,"enemies":"Gremlin Nob","floor":14.0,"turns":5.0},{"damage":33.0,"enemies":"The Guardian","floor":16.0,"turns":11.0},{"damage":17.0,"enemies":"Spheric Guardian","floor":18.0,"turns":3.0},{"damage":17.0,"enemies":"2 Thieves","floor":19.0,"turns":4.0},{"damage":28.0,"enemies":"Snecko","floor":21.0,"turns":5.0},{"damage":21.0,"enemies":"Slavers","floor":23.0,"turns":6.0},{"damage":8.0,"enemies":"Shelled Parasite and Fungi","floor":29.0,"turns":4.0},{"damage":22.0,"enemies":"Sentry and Sphere","floor":30.0,"turns":6.0},{"damage":11.0,"enemies":"Book of Stabbing","floor":31.0,"turns":3.0},{"damage":39.0,"enemies":"Automaton","floor":33.0,"turns":8.0},{"damage":28.0,"enemies":"3 Darklings","floor":35.0,"turns":5.0},{"damage":12.0,"enemies":"Orb Walker","floor":37.0,"turns":3.0},{"damage":21.0,"enemies":"Sphere and 2 Shapes","floor":38.0,"turns":4.0},{"damage":67,"enemies":"Reptomancer","floor":41,"turns":6},{"damage":8,"enemies":"Spire Growth","floor":46,"turns":2},{"damage":46,"enemies":"Writhing Mass","floor":47,"turns":5},{"damage":47,"enemies":"Donu and Deca","floor":50,"turns":8}],"seed_played":"3049103894364466778","potions_obtained":[{"floor":1.0,"key":"Swift Potion"},{"floor":5.0,"key":"Regen Potion"},{"floor":10.0,"key":"EssenceOfSteel"},{"floor":18.0,"key":"Fire Potion"},{"floor":21.0,"key":"Ancient Potion"},{"floor":23.0,"key":"SteroidPotion"},{"floor":33.0,"key":"Ancient Potion"},{"floor":37.0,"key":"Strength Potion"},{"floor":47,"key":"FearPotion"}],"is_trial":false,"path_per_floor":["M","?","M","M","M","R","M","E","T","M","R","?","R","E","R","B",null,"M","M","?","M","$","E","R","?","T","?","R","M","M","E","R","B",null,"M","?","M","M","?","R","E","R","T","?","?","M","M","?","R","B",null],"character_chosen":"IRONCLAD","items_purchased":["Thread and Needle"],"campfire_rested":6,"item_purchase_floors":[22],"current_hp_per_floor":[74,79,80,77,72,72,63,34,44,33,33,33,33,19,46,19,72,61,50,44,22,22,7,34,34,34,34,61,59,43,38,65,32,76,54,72,66,51,51,78,17,44,44,44,74,72,32,74,74,33],"gold":0,"neow_bonus":"REMOVE_CARD","is_prod":false,"is_daily":false,"chose_seed":false,"campfire_upgraded":4,"win_rate":0,"timestamp":1548510925,"path_taken":["M","?","M","M","M","R","M","E","T","M","R","?","R","E","R","BOSS","M","M","?","M","$","E","R","?","T","?","R","M","M","E","R","BOSS","M","?","M","M","?","R","E","R","T","?","?","M","M","?","R","BOSS"],"build_version":"2019-01-23","purchased_purges":0,"victory":true,"max_hp_per_floor":[75,80,80,80,80,80,80,80,90,90,90,90,90,90,90,90,90,90,90,90,90,90,90,90,90,90,90,90,90,90,90,90,90,90,90,90,90,90,90,90,90,90,90,90,74,74,74,74,74,74],"card_choices":[{"not_picked":["Armaments","Iron Wave"],"picked":"Spot Weakness","floor":1.0},{"not_picked":["Pommel Strike","Flex"],"picked":"Feel No Pain","floor":3.0},{"not_picked":["Havoc","Searing Blow"],"picked":"Body Slam","floor":4.0},{"not_picked":["Infernal Blade","Second Wind"],"picked":"Havoc","floor":5.0},{"not_picked":["Headbutt","Intimidate"],"picked":"Heavy Blade","floor":7.0},{"not_picked":["Bludgeon","Infernal Blade"],"picked":"Armaments","floor":8.0},{"not_picked":["Thunderclap","Sever Soul"],"picked":"Uppercut","floor":10.0},{"not_picked":["Searing Blow","Clothesline"],"picked":"Spot Weakness","floor":14.0},{"not_picked":["Double Tap","Berserk"],"picked":"Offering","floor":16.0},{"not_picked":["Spot Weakness","Cleave"],"picked":"Havoc+1","floor":18.0},{"not_picked":["Body Slam","Thunderclap","Second Wind"],"picked":"SKIP","floor":19.0},{"not_picked":["Warcry","Thunderclap+1"],"picked":"Flame Barrier","floor":21.0},{"not_picked":["Bloodletting","Armaments+1"],"picked":"Limit Break","floor":23.0},{"not_picked":["Clothesline","Flame Barrier"],"picked":"Corruption","floor":29.0},{"not_picked":["Uppercut+1","Combust"],"picked":"Metallicize","floor":30.0},{"not_picked":["Perfected Strike","Intimidate"],"picked":"Rage","floor":31.0},{"not_picked":["Berserk","Brutality"],"picked":"Double Tap","floor":33.0},{"not_picked":["Hemokinesis","Iron Wave+1"],"picked":"Rupture","floor":35.0},{"not_picked":["Sever Soul","Twin Strike"],"picked":"Rupture","floor":37.0},{"not_picked":["Headbutt","Clothesline","Sever Soul"],"picked":"SKIP","floor":38.0},{"not_picked":["Armaments+1","Havoc"],"picked":"Juggernaut","floor":41},{"not_picked":["Iron Wave","Rage"],"picked":"Battle Trance","floor":46},{"not_picked":["Armaments","Havoc"],"picked":"Flame Barrier","floor":47}],"player_experience":388890,"relics_obtained":[{"floor":8.0,"key":"Omamori"},{"floor":9.0,"key":"Pear"},{"floor":14.0,"key":"Unceasing Top"},{"floor":23.0,"key":"Shuriken"},{"floor":26.0,"key":"Juzu Bracelet"},{"floor":31.0,"key":"Red Skull"},{"floor":34.0,"key":"Lantern"},{"floor":34.0,"key":"Blue Candle"},{"floor":34.0,"key":"Ginger"},{"floor":41,"key":"Gambling Chip"},{"floor":43,"key":"Smiling Mask"}],"event_choices":[{"damage_healed":0.0,"max_hp_gain":5.0,"max_hp_loss":0.0,"gold_gain":0.0,"event_name":"Big Fish","player_choice":"Donut","floor":2.0,"gold_loss":0.0,"damage_taken":0.0},{"damage_healed":0.0,"max_hp_gain":0.0,"max_hp_loss":0.0,"gold_gain":70.0,"event_name":"Golden Wing","player_choice":"Gained Gold","floor":12.0,"gold_loss":0.0,"damage_taken":0.0},{"damage_healed":0.0,"max_hp_gain":0.0,"max_hp_loss":0.0,"gold_gain":0.0,"event_name":"Nest","player_choice":"Joined the Cult","floor":20.0,"gold_loss":0.0,"damage_taken":6.0,"cards_obtained":["RitualDagger"]},{"damage_healed":0.0,"max_hp_gain":0.0,"max_hp_loss":0.0,"gold_gain":0.0,"event_name":"Cursed Tome","player_choice":"Ignored","floor":25.0,"gold_loss":0.0,"damage_taken":0.0},{"damage_healed":0.0,"max_hp_gain":0.0,"max_hp_loss":0.0,"gold_gain":0.0,"event_name":"Wheel of Change","player_choice":"Cursed","floor":27.0,"gold_loss":0.0,"damage_taken":0.0,"cards_obtained":["Decay"]},{"damage_healed":18.0,"max_hp_gain":0.0,"max_hp_loss":0.0,"gold_gain":0.0,"event_name":"Winding Halls","player_choice":"Writhe","floor":36.0,"gold_loss":0.0,"damage_taken":0.0,"cards_obtained":["Writhe"]},{"damage_healed":0.0,"max_hp_gain":0.0,"max_hp_loss":0.0,"gold_gain":0.0,"event_name":"Mysterious Sphere","player_choice":"Ignored","floor":39.0,"gold_loss":0.0,"damage_taken":0.0},{"damage_healed":0,"gold_gain":0,"player_choice":"Paid","damage_taken":0,"relics_obtained":["Red Mask"],"max_hp_gain":0,"max_hp_loss":0,"event_name":"Tomb of Lord Red Mask","floor":44,"gold_loss":22},{"damage_healed":74,"gold_gain":0,"player_choice":"Heal","damage_taken":0,"max_hp_gain":0,"max_hp_loss":16,"event_name":"The Moai Head","floor":45,"gold_loss":0},{"damage_healed":42,"gold_gain":0,"player_choice":"Heal","damage_taken":0,"max_hp_gain":0,"max_hp_loss":0,"event_name":"MindBloom","floor":48,"gold_loss":0,"cards_obtained":["Doubt"]}],"is_beta":false,"boss_relics":[{"not_picked":["Runic Cube","White Beast Statue"],"picked":"Ectoplasm"},{"not_picked":["Velvet Choker","Runic Dome"],"picked":"Calling Bell"}],"items_purged_floors":[],"is_endless":false,"potions_floor_spawned":[1,5,7,10,18,21,23,33,37,38,47],"ascension_level":15}