{"gold_per_floor":[114,189,204,219,219,219,234,264,339,339,12,27,42,57,57,157,157,172,187,202,8,8,8,23,38,88,88,103,118,118,148,148,148],"floor_reached":33,"playtime":1706,"items_purged":[],"score":273,"play_id":"f68f81e9-38cb-475b-833a-0dfad9e633a0","local_time":"20181205060814","daily_mods":["Heirloom","Uncertain Future","Binary"],"is_ascension_mode":false,"campfire_choices":[{"floor":6,"key":"REST"},{"floor":10,"key":"REST"},{"floor":15,"key":"REST"},{"data":"Apotheosis","floor":23,"key":"SMITH"},{"floor":30,"key":"REST"},{"floor":32,"key":"REST"}],"neow_cost":"","seed_source_timestamp":0,"circlet_count":0,"master_deck":["Strike_B","Strike_B","Strike_B","Strike_B","Defend_B","Defend_B","Defend_B","Defend_B","Zap","Dualcast","Conserve Battery","Loop","Sweeping Beam","Sunder","Turbo","Metamorphosis","All For One","Conserve Battery","Reboot","Darkness","Go for the Eyes","Apotheosis+1","Chaos","Redo","Core Surge"],"special_seed":17870,"relics":["Gambling Chip","Kunai","Dodecahedron","Symbiotic Virus","PreservedInsect","Nuclear Battery","Nloth\u0027s Gift","Happy Flower","MutagenicStrength","Omamori"],"potions_floor_usage":[7,16,16,25,28,29,31,33],"damage_taken":[{"damage":1,"enemies":"2 Louse","floor":1,"turns":3},{"damage":3,"enemies":"Small Slimes","floor":3,"turns":3},{"damage":0,"enemies":"Jaw Worm","floor":4,"turns":3},{"damage":0,"enemies":"3 Louse","floor":7,"turns":2},{"damage":46,"enemies":"Gremlin Nob","floor":8,"turns":5},{"damage":4,"enemies":"Gremlin Gang","floor":12,"turns":2},{"damage":0,"enemies":"Blue Slaver","floor":13,"turns":2},{"damage":14,"enemies":"3 Louse","floor":14,"turns":3},{"damage":23,"enemies":"Hexaghost","floor":16,"turns":6},{"damage":0,"enemies":"Chosen","floor":18,"turns":4},{"damage":0,"enemies":"Spheric Guardian","floor":19,"turns":3},{"damage":0,"enemies":"Snecko","floor":20,"turns":4},{"damage":21,"enemies":"Sentry and Sphere","floor":24,"turns":4},{"damage":0,"enemies":"3 Cultists","floor":25,"turns":3},{"damage":29,"enemies":"Snake Plant","floor":28,"turns":5},{"damage":0,"enemies":"Snecko","floor":29,"turns":3},{"damage":26,"enemies":"Gremlin Leader","floor":31,"turns":4},{"damage":76,"enemies":"Collector","floor":33,"turns":7}],"seed_played":"6234403270390555822","potions_obtained":[{"floor":3,"key":"AttackPotion"},{"floor":8,"key":"Poison Potion"},{"floor":14,"key":"Ancient Potion"},{"floor":16,"key":"Weak Potion"},{"floor":24,"key":"Ancient Potion"},{"floor":28,"key":"Strength Potion"},{"floor":29,"key":"Explosive Potion"},{"floor":31,"key":"Poison Potion"}],"is_trial":false,"path_per_floor":["M","?","M","M","?","R","M","E","T","R","$","M","M","M","R","B",null,"M","M","M","$","?","R","M","M","T","?","M","M","R","E","R","B"],"character_chosen":"DEFECT","items_purchased":["PreservedInsect","Metamorphosis","Apotheosis"],"campfire_rested":5,"item_purchase_floors":[11,11,21],"current_hp_per_floor":[74,63,60,60,57,75,75,29,29,51,51,47,47,33,55,32,75,75,75,75,75,75,75,54,54,54,54,25,25,47,21,43,0],"gold":148,"neow_bonus":"","is_prod":false,"is_daily":true,"chose_seed":false,"campfire_upgraded":1,"win_rate":0,"timestamp":1544002694,"path_taken":["M","?","M","M","?","R","M","E","T","R","$","?","M","M","R","BOSS","M","M","M","$","?","R","?","M","T","?","M","M","R","E","R","BOSS"],"build_version":"2018-12-05","purchased_purges":0,"victory":false,"max_hp_per_floor":[75,75,75,75,75,75,75,75,75,75,75,75,75,75,75,75,75,75,75,75,75,75,75,75,75,75,75,75,75,75,75,75,75],"card_choices":[{"not_picked":["Go for the Eyes"],"picked":"Conserve Battery","floor":1},{"not_picked":["Streamline"],"picked":"Loop","floor":3},{"not_picked":["Ball Lightning"],"picked":"Sweeping Beam","floor":4},{"not_picked":["Streamline"],"picked":"Sunder","floor":7},{"not_picked":["Fusion"],"picked":"Turbo","floor":8},{"not_picked":["Beam Cell"],"picked":"All For One","floor":12},{"not_picked":["Auto Shields","Glacier"],"picked":"SKIP","floor":13},{"not_picked":["Go for the Eyes"],"picked":"Conserve Battery","floor":14},{"not_picked":["Thunder Strike"],"picked":"Reboot","floor":16},{"not_picked":["Barrage","Turbo"],"picked":"SKIP","floor":18},{"not_picked":["Reinforced Body+1"],"picked":"Darkness","floor":19},{"not_picked":["Reinforced Body"],"picked":"Go for the Eyes","floor":20},{"not_picked":["Chill"],"picked":"Chaos","floor":24},{"not_picked":["Barrage+1","Leap+1"],"picked":"SKIP","floor":25},{"not_picked":["Lockon"],"picked":"Redo","floor":28},{"not_picked":["Loop+1","Doom and Gloom"],"picked":"SKIP","floor":29},{"not_picked":["Steam"],"picked":"Core Surge","floor":31}],"player_experience":496929,"relics_obtained":[{"floor":8,"key":"Dodecahedron"},{"floor":9,"key":"Symbiotic Virus"},{"floor":26,"key":"Happy Flower"},{"floor":31,"key":"Omamori"}],"event_choices":[{"damage_healed":0,"gold_gain":75,"player_choice":"Gather Gold","damage_taken":11,"max_hp_gain":0,"max_hp_loss":0,"event_name":"World of Goop","floor":2,"gold_loss":0},{"damage_healed":0,"gold_gain":0,"player_choice":"Success","damage_taken":3,"relics_obtained":["Kunai"],"max_hp_gain":0,"max_hp_loss":0,"event_name":"Scrap Ooze","floor":5,"gold_loss":0},{"damage_healed":0,"gold_gain":0,"player_choice":"Traded Relic","damage_taken":0,"relics_obtained":["Nloth\u0027s Gift"],"max_hp_gain":0,"max_hp_loss":0,"event_name":"N\u0027loth","floor":22,"relics_lost":["Cracked Core"],"gold_loss":0},{"damage_healed":0,"gold_gain":0,"player_choice":"Inject Mutagens","damage_taken":0,"relics_obtained":["MutagenicStrength"],"max_hp_gain":0,"max_hp_loss":0,"event_name":"Drug Dealer","floor":27,"gold_loss":0}],"is_beta":true,"boss_relics":[{"not_picked":["Runic Dome","Coffee Dripper"],"picked":"Nuclear Battery"}],"items_purged_floors":[],"is_endless":false,"potions_floor_spawned":[3,8,14,16,24,28,29,31],"killed_by":"Collector","ascension_level":0}