{"gold_per_floor":[112,129,143,143,154,154,182,182,182,182,198,7,7,50,50,144,144,158,178,201,221,136,136,170,194,221,221,221,256,26,26,26,122,122,135,15,31,50,50,50,50,66,90,108,139,139,0,38,38,38],"floor_reached":51,"playtime":3545,"items_purged":["Strike_G"],"score":1524,"play_id":"988e77e4-9c1d-468d-8ae1-7eaaadd055ff","local_time":"20190201165711","is_ascension_mode":true,"campfire_choices":[{"data":"Cloak And Dagger","floor":6.0,"key":"SMITH"},{"data":"Caltrops","floor":8.0,"key":"SMITH"},{"floor":10.0,"key":"REST"},{"data":"Apotheosis","floor":15.0,"key":"SMITH"},{"data":"Infinite Blades","floor":23.0,"key":"SMITH"},{"floor":28.0,"key":"REST"},{"data":"Accuracy","floor":32.0,"key":"SMITH"},{"data":"A Thousand Cuts","floor":40,"key":"SMITH"},{"data":"Well Laid Plans","floor":46,"key":"SMITH"},{"floor":49,"key":"REST"}],"neow_cost":"TEN_PERCENT_HP_LOSS","seed_source_timestamp":82114227617183,"circlet_count":0,"master_deck":["AscendersBane","Defend_G","Defend_G","Defend_G","Defend_G","Defend_G","Strike_G","Survivor","Neutralize+1","Leg Sweep","Infinite Blades+1","Cloak And Dagger+1","Caltrops+1","Heel Hook","Apotheosis+1","Injury","Cloak And Dagger","Cloak And Dagger","Cloak And Dagger","PiercingWail","Acrobatics","PiercingWail","Infinite Blades","Accuracy+1","Cloak And Dagger","Blade Dance","A Thousand Cuts+1","Infinite Blades+1","Escape Plan+1","Wraith Form v2+1","Well Laid Plans+1","Skewer","Accuracy","Dark Shackles","Leg Sweep","PiercingWail"],"special_seed":0,"relics":["Ring of the Snake","Du-Vu Doll","Kunai","Mercury Hourglass","Golden Idol","Matryoshka","Sozu","Blue Candle","Meat on the Bone","Bronze Scales","Ancient Tea Set","Pen Nib","Astrolabe","Bag of Marbles","Art of War","Letter Opener","Red Mask","Question Card"],"potions_floor_usage":[50],"damage_taken":[{"damage":0.0,"enemies":"Cultist","floor":1.0,"turns":3.0},{"damage":9.0,"enemies":"2 Louse","floor":2.0,"turns":4.0},{"damage":4.0,"enemies":"Jaw Worm","floor":3.0,"turns":4.0},{"damage":0.0,"enemies":"Looter","floor":5.0,"turns":5.0},{"damage":19.0,"enemies":"Lagavulin","floor":7.0,"turns":8.0},{"damage":0.0,"enemies":"2 Fungi Beasts","floor":11.0,"turns":3.0},{"damage":0.0,"enemies":"Gremlin Nob","floor":14.0,"turns":4.0},{"damage":0.0,"enemies":"Hexaghost","floor":16.0,"turns":8.0},{"damage":12.0,"enemies":"Shell Parasite","floor":18.0,"turns":6.0},{"damage":0.0,"enemies":"3 Byrds","floor":19.0,"turns":3.0},{"damage":0.0,"enemies":"Centurion and Healer","floor":20.0,"turns":6.0},{"damage":1.0,"enemies":"Cultist and Chosen","floor":21.0,"turns":7.0},{"damage":13.0,"enemies":"Gremlin Leader","floor":24.0,"turns":8.0},{"damage":6.0,"enemies":"Snecko","floor":25.0,"turns":6.0},{"damage":12.0,"enemies":"Book of Stabbing","floor":29.0,"turns":4.0},{"damage":28,"enemies":"Automaton","floor":33,"turns":7},{"damage":8,"enemies":"3 Shapes","floor":35,"turns":3},{"damage":2,"enemies":"Orb Walker","floor":37,"turns":4},{"damage":0,"enemies":"4 Shapes","floor":38,"turns":6},{"damage":6,"enemies":"Jaw Worm Horde","floor":42,"turns":5},{"damage":7,"enemies":"3 Darklings","floor":44,"turns":4},{"damage":0,"enemies":"Giant Head","floor":45,"turns":7},{"damage":9,"enemies":"Nemesis","floor":48,"turns":8},{"damage":27,"enemies":"Time Eater","floor":50,"turns":8}],"seed_played":"-5932837223242901793","potions_obtained":[{"floor":3.0,"key":"SteroidPotion"},{"floor":7.0,"key":"FearPotion"},{"floor":11.0,"key":"Strength Potion"},{"floor":14.0,"key":"Block Potion"}],"is_trial":false,"path_per_floor":["M","M","M","?","M","R","E","R","T","R","M","$","?","E","R","B",null,"M","M","M","M","?","R","E","M","T","?","R","E","$","?","R","B",null,"M","$","M","M","?","R","?","M","T","M","E","R","?","E","R","B",null],"character_chosen":"THE_SILENT","items_purchased":["Apotheosis","Accuracy","Cloak And Dagger","Blade Dance","Well Laid Plans","Skewer"],"campfire_rested":3,"item_purchase_floors":[12,30,30,30,36,36],"current_hp_per_floor":[59,50,46,46,46,46,27,27,27,45,45,45,45,45,45,45,56,44,44,44,43,43,43,30,36,36,36,54,42,42,42,42,26,52,44,44,42,42,42,42,42,36,36,41,41,41,41,32,50,35],"gold":38,"neow_bonus":"ONE_RARE_RELIC","is_prod":false,"is_daily":false,"chose_seed":false,"campfire_upgraded":7,"win_rate":0,"timestamp":1549036631,"path_taken":["M","M","M","?","M","R","E","R","T","R","M","?","?","E","R","BOSS","M","M","M","M","?","R","E","M","T","?","R","E","$","?","R","BOSS","M","$","M","M","?","R","?","?","T","M","E","R","?","E","R","BOSS"],"build_version":"2019-01-23","purchased_purges":1,"victory":true,"max_hp_per_floor":[60,60,60,60,60,60,60,60,60,60,60,60,60,60,60,60,60,60,60,60,60,60,60,60,60,60,60,60,60,60,60,60,60,60,60,60,60,60,60,60,60,60,60,60,60,60,60,60,60,60],"card_choices":[{"not_picked":["Outmaneuver","Sucker Punch"],"picked":"Leg Sweep","floor":1.0},{"not_picked":["Deflect","Outmaneuver"],"picked":"Infinite Blades","floor":2.0},{"not_picked":["Tactician","Reflex","Bouncing Flask"],"picked":"SKIP","floor":3.0},{"not_picked":["Dodge and Roll","Eviscerate"],"picked":"Cloak And Dagger","floor":5.0},{"not_picked":["Bouncing Flask","Setup"],"picked":"Caltrops","floor":7.0},{"not_picked":["Sucker Punch","Dagger Throw"],"picked":"Heel Hook","floor":11.0},{"not_picked":["Predator","Caltrops"],"picked":"Cloak And Dagger","floor":14.0},{"not_picked":["Dagger Spray","Backflip"],"picked":"Cloak And Dagger","floor":18.0},{"not_picked":["Dagger Throw","Acrobatics"],"picked":"Cloak And Dagger","floor":19.0},{"not_picked":["Setup","Dash+1"],"picked":"PiercingWail","floor":20.0},{"not_picked":["Sucker Punch+1","Concentrate"],"picked":"Acrobatics","floor":21.0},{"not_picked":["Outmaneuver","Flying Knee"],"picked":"PiercingWail","floor":24.0},{"not_picked":["All Out Attack","Deflect"],"picked":"Infinite Blades","floor":25.0},{"not_picked":["Deflect","Bullet Time","Poisoned Stab"],"picked":"SKIP","floor":29.0},{"not_picked":["Night Terror","Envenom"],"picked":"A Thousand Cuts","floor":33},{"not_picked":["Sucker Punch","Masterful Stab+1","Heel Hook"],"picked":"SKIP","floor":35},{"not_picked":["Sucker Punch","Prepared","Quick Slash"],"picked":"SKIP","floor":37},{"not_picked":["Quick Slash","Catalyst"],"picked":"Accuracy","floor":38},{"not_picked":["Blind","Secret Weapon"],"picked":"Dark Shackles","floor":39},{"not_picked":["Sucker Punch","Finisher"],"picked":"PiercingWail","floor":42},{"not_picked":["Slice","Outmaneuver","Deadly Poison"],"picked":"SKIP","floor":44},{"not_picked":["Infinite Blades","Sucker Punch","Underhanded Strike+1"],"picked":"SKIP","floor":45},{"not_picked":["Catalyst","Skewer","Acrobatics"],"picked":"SKIP","floor":48}],"player_experience":415567,"relics_obtained":[{"floor":7.0,"key":"Kunai"},{"floor":9.0,"key":"Mercury Hourglass"},{"floor":14.0,"key":"Matryoshka"},{"floor":24.0,"key":"Meat on the Bone"},{"floor":26.0,"key":"Bronze Scales"},{"floor":26.0,"key":"Ancient Tea Set"},{"floor":29.0,"key":"Pen Nib"},{"floor":43,"key":"Bag of Marbles"},{"floor":43,"key":"Art of War"},{"floor":45,"key":"Letter Opener"},{"floor":48,"key":"Question Card"}],"event_choices":[{"damage_healed":0.0,"max_hp_gain":0.0,"max_hp_loss":0.0,"gold_gain":0.0,"event_name":"Upgrade Shrine","player_choice":"Upgraded","floor":4.0,"gold_loss":0.0,"damage_taken":0.0,"cards_upgraded":["Neutralize"]},{"damage_healed":0.0,"max_hp_gain":0.0,"max_hp_loss":0.0,"gold_gain":0.0,"event_name":"Golden Idol","player_choice":"Take Wound","floor":13.0,"gold_loss":0.0,"damage_taken":0.0,"relics_obtained":["Golden Idol"],"cards_obtained":["Injury"]},{"damage_healed":0.0,"max_hp_gain":0.0,"max_hp_loss":0.0,"gold_gain":0.0,"event_name":"Addict","player_choice":"Obtained Relic","floor":22.0,"gold_loss":85.0,"damage_taken":0.0,"relics_obtained":["Blue Candle"]},{"damage_healed":0.0,"max_hp_gain":0.0,"max_hp_loss":0.0,"gold_gain":0.0,"event_name":"Vampires","player_choice":"Ignored","floor":27.0,"gold_loss":0.0,"damage_taken":0.0},{"damage_healed":0.0,"max_hp_gain":0.0,"max_hp_loss":0.0,"gold_gain":0.0,"event_name":"Ghosts","player_choice":"Ignored","floor":31.0,"gold_loss":0.0,"damage_taken":0.0},{"damage_healed":0,"gold_gain":0,"player_choice":"Memory 1","damage_taken":0,"max_hp_gain":0,"max_hp_loss":0,"event_name":"SensoryStone","floor":39,"gold_loss":0},{"damage_healed":0,"gold_gain":0,"player_choice":"Copied","damage_taken":0,"max_hp_gain":0,"max_hp_loss":0,"event_name":"Duplicator","floor":41,"gold_loss":0,"cards_obtained":["Leg Sweep"]},{"damage_healed":0,"gold_gain":0,"player_choice":"Paid","damage_taken":0,"relics_obtained":["Red Mask"],"max_hp_gain":0,"max_hp_loss":0,"event_name":"Tomb of Lord Red Mask","floor":47,"gold_loss":139}],"is_beta":false,"boss_relics":[{"not_picked":["Calling Bell","Ectoplasm"],"picked":"Sozu"},{"not_picked":["Lizard Tail","Black Star"],"picked":"Astrolabe"}],"items_purged_floors":[30],"is_endless":false,"potions_floor_spawned":[3,7,11,14,20,24,29,35,37,42,45,48],"ascension_level":16}