{"gold_per_floor":[115,165,183,198,216,216,248,0,24,24,24,38,38,38,38,115,115,133,143,161,171,181,181,193,222,248,248,248,248,262,278,278,352,352,368,0,15,115,115,115,134,134,134,134,159,173,192,192,192,192],"floor_reached":51,"playtime":4559,"items_purged":[],"score":1164,"play_id":"ffca95f8-525a-4e8e-b55b-51327be1e200","local_time":"20190119182455","is_ascension_mode":true,"campfire_choices":[{"data":"Static Discharge","floor":6.0,"key":"SMITH"},{"data":"Defragment","floor":10.0,"key":"SMITH"},{"data":"Zap","floor":13.0,"key":"SMITH"},{"data":"Hologram","floor":15.0,"key":"SMITH"},{"floor":23.0,"key":"REST"},{"floor":27.0,"key":"REST"},{"floor":32.0,"key":"REST"},{"data":"Consume","floor":40.0,"key":"SMITH"},{"data":"Coolheaded","floor":42.0,"key":"SMITH"},{"floor":44.0,"key":"REST"},{"floor":49.0,"key":"REST"}],"neow_cost":"NONE","seed_source_timestamp":107113971537509,"circlet_count":0,"master_deck":["AscendersBane","Strike_B","Strike_B","Defend_B+1","Defend_B","Defend_B","Defend_B","Zap+1","Dualcast","Static Discharge+1","Defragment+1","Conserve Battery+1","Hologram+1","Coolheaded+1","Consume+1","Seek","Streamline","White Noise","Steam+1","Genetic Algorithm","Go for the Eyes","Scrape","Core Surge","Doom and Gloom","Defragment+1","Hologram","All For One","White Noise","Gash","Glacier+1","Conserve Battery","Gash","Beam Cell+1","Capacitor+1","FTL","Chaos+1","Reinforced Body","Coolheaded+1"],"special_seed":0,"relics":["Cracked Core","Art of War","Matryoshka","Regal Pillow","War Paint","Sozu","Lantern","Strawberry","Boot","Orrery","Kunai","Peace Pipe","Bottled Lightning","Question Card","Bronze Scales"],"potions_floor_usage":[],"damage_taken":[{"damage":0.0,"enemies":"2 Louse","floor":1.0,"turns":2.0},{"damage":1.0,"enemies":"Cultist","floor":3.0,"turns":4.0},{"damage":7.0,"enemies":"Small Slimes","floor":4.0,"turns":3.0},{"damage":2.0,"enemies":"2 Fungi Beasts","floor":5.0,"turns":4.0},{"damage":23.0,"enemies":"Lagavulin","floor":7.0,"turns":7.0},{"damage":0.0,"enemies":"Exordium Wildlife","floor":12.0,"turns":7.0},{"damage":11.0,"enemies":"Hexaghost","floor":16.0,"turns":11.0},{"damage":4.0,"enemies":"Spheric Guardian","floor":18.0,"turns":4.0},{"damage":29.0,"enemies":"2 Thieves","floor":19.0,"turns":4.0},{"damage":7.0,"enemies":"Centurion and Healer","floor":20.0,"turns":6.0},{"damage":7.0,"enemies":"Chosen and Byrds","floor":21.0,"turns":4.0},{"damage":10.0,"enemies":"Sentry and Sphere","floor":22.0,"turns":6.0},{"damage":17.0,"enemies":"Snake Plant","floor":24.0,"turns":4.0},{"damage":22.0,"enemies":"Gremlin Leader","floor":25.0,"turns":7.0},{"damage":42.0,"enemies":"Cultist and Chosen","floor":30.0,"turns":7.0},{"damage":1.0,"enemies":"Centurion and Healer","floor":31.0,"turns":6.0},{"damage":51.0,"enemies":"Champ","floor":33.0,"turns":11.0},{"damage":9.0,"enemies":"3 Shapes","floor":35.0,"turns":3.0},{"damage":1.0,"enemies":"Orb Walker","floor":37.0,"turns":4.0},{"damage":0.0,"enemies":"Mind Bloom Boss Battle","floor":38.0,"turns":8.0},{"damage":27.0,"enemies":"3 Darklings","floor":41.0,"turns":7.0},{"damage":26.0,"enemies":"Nemesis","floor":45.0,"turns":7.0},{"damage":5.0,"enemies":"Writhing Mass","floor":46.0,"turns":6.0},{"damage":0.0,"enemies":"Sphere and 2 Shapes","floor":47.0,"turns":5.0},{"damage":67,"enemies":"Awakened One","floor":50,"turns":12}],"seed_played":"-8239308689225544658","potions_obtained":[{"floor":1.0,"key":"Regen Potion"},{"floor":12.0,"key":"Poison Potion"}],"is_trial":false,"path_per_floor":["M","?","M","M","M","R","E","$","T","R","?","M","R","?","R","B",null,"M","M","M","M","M","R","M","E","T","R","?","?","M","M","R","B",null,"M","$","M","?","?","R","M","R","T","R","E","M","M","T","R","B",null],"character_chosen":"DEFECT","items_purchased":["Matryoshka","Capacitor","Kunai","FTL"],"campfire_rested":5,"item_purchase_floors":[8,36,36,36],"current_hp_per_floor":[71,71,70,63,61,61,53,53,53,53,53,53,53,46,46,35,67,63,34,27,20,10,48,31,9,16,56,56,56,14,13,53,2,64,55,55,54,54,54,54,27,27,27,67,41,36,36,36,76,9],"gold":192,"neow_bonus":"TEN_PERCENT_HP_BONUS","is_prod":false,"is_daily":false,"chose_seed":false,"campfire_upgraded":6,"win_rate":0,"timestamp":1547918695,"path_taken":["M","?","M","M","M","R","E","?","T","R","?","M","R","?","R","BOSS","M","M","M","M","M","R","M","E","T","R","?","?","M","?","R","BOSS","M","$","M","?","?","R","M","R","T","R","E","?","M","?","R","BOSS"],"build_version":"2019-01-17v2","purchased_purges":0,"victory":true,"max_hp_per_floor":[78,78,78,78,78,78,78,78,78,78,78,78,78,78,78,78,78,78,78,78,78,78,78,78,78,85,85,85,85,85,85,85,85,85,85,85,85,85,85,85,85,85,85,85,85,85,85,85,85,85],"card_choices":[{"not_picked":["Aggregate","Leap"],"picked":"Static Discharge","floor":1.0},{"not_picked":["Gash","Redo"],"picked":"Defragment","floor":3.0},{"not_picked":["Turbo","Steam Power"],"picked":"Conserve Battery","floor":4.0},{"not_picked":["Lockon","Turbo"],"picked":"Hologram","floor":5.0},{"not_picked":["Reprogram","Stack"],"picked":"Coolheaded","floor":7.0},{"not_picked":["Auto Shields","Barrage"],"picked":"Consume","floor":12.0},{"not_picked":["Biased Cognition","Multi-Cast"],"picked":"Seek","floor":16.0},{"not_picked":["Rebound","Beam Cell"],"picked":"Streamline","floor":18.0},{"not_picked":["Go for the Eyes","Turbo"],"picked":"White Noise","floor":19.0},{"not_picked":["Sweeping Beam","Gash+1"],"picked":"Steam+1","floor":20.0},{"not_picked":["Biased Cognition","Go for the Eyes"],"picked":"Genetic Algorithm","floor":21.0},{"not_picked":["Compile Driver","Consume+1"],"picked":"Go for the Eyes","floor":22.0},{"not_picked":["White Noise","Compile Driver"],"picked":"Scrape","floor":24.0},{"not_picked":["Go for the Eyes","Redo"],"picked":"Core Surge","floor":25.0},{"not_picked":["Recycle","Defragment","Go for the Eyes"],"picked":"SKIP","floor":30.0},{"not_picked":["Undo","Cold Snap"],"picked":"Hologram","floor":31.0},{"not_picked":["Buffer","Rainbow"],"picked":"All For One","floor":33.0},{"not_picked":["Compile Driver","Force Field"],"picked":"White Noise","floor":34.0},{"not_picked":["Recycle","Steam Power+1"],"picked":"Gash","floor":34.0},{"not_picked":["Barrage","Coolheaded"],"picked":"Glacier+1","floor":34.0},{"not_picked":["Darkness","Sweeping Beam"],"picked":"Conserve Battery","floor":34.0},{"not_picked":["Turbo","Redo"],"picked":"Gash","floor":34.0},{"not_picked":["Melter+1","Lockon"],"picked":"Beam Cell+1","floor":35.0},{"not_picked":["Darkness","Stack","Sunder"],"picked":"SKIP","floor":37.0},{"not_picked":["Lockon+1","Sweeping Beam"],"picked":"Chaos+1","floor":38.0},{"not_picked":["Leap","Conserve Battery","Streamline"],"picked":"SKIP","floor":41.0},{"not_picked":["Buffer","Hyperbeam"],"picked":"Reinforced Body","floor":45.0},{"not_picked":["Compile Driver","Hello World+1","Sweeping Beam","Streamline"],"picked":"SKIP","floor":46.0},{"not_picked":["Turbo","Go for the Eyes","Rebound"],"picked":"Coolheaded+1","floor":47.0}],"player_experience":362725,"relics_obtained":[{"floor":7.0,"key":"Art of War"},{"floor":9.0,"key":"Regal Pillow"},{"floor":9.0,"key":"War Paint"},{"floor":25.0,"key":"Lantern"},{"floor":26.0,"key":"Strawberry"},{"floor":26.0,"key":"Boot"},{"floor":38.0,"key":"Peace Pipe"},{"floor":43.0,"key":"Bottled Lightning"},{"floor":45.0,"key":"Question Card"},{"floor":48.0,"key":"Bronze Scales"}],"event_choices":[{"damage_healed":0.0,"max_hp_gain":0.0,"max_hp_loss":0.0,"gold_gain":50.0,"event_name":"Golden Shrine","player_choice":"Pray","floor":2.0,"gold_loss":0.0,"damage_taken":0.0},{"cards_removed":["Strike_B"],"damage_healed":0.0,"max_hp_gain":0.0,"max_hp_loss":0.0,"gold_gain":0.0,"event_name":"Living Wall","player_choice":"Forget","floor":11.0,"gold_loss":0.0,"damage_taken":0.0},{"cards_removed":["Strike_B"],"damage_healed":0.0,"max_hp_gain":0.0,"max_hp_loss":0.0,"gold_gain":0.0,"event_name":"Golden Wing","player_choice":"Card Removal","floor":14.0,"gold_loss":0.0,"damage_taken":7.0},{"damage_healed":0.0,"max_hp_gain":0.0,"max_hp_loss":0.0,"gold_gain":0.0,"event_name":"The Library","player_choice":"Read","floor":28.0,"gold_loss":0.0,"damage_taken":0.0,"cards_obtained":["Doom and Gloom"]},{"damage_healed":0.0,"max_hp_gain":0.0,"max_hp_loss":0.0,"gold_gain":0.0,"event_name":"Duplicator","player_choice":"Copied","floor":29.0,"gold_loss":0.0,"damage_taken":0.0,"cards_obtained":["Defragment"]},{"damage_healed":0.0,"max_hp_gain":0.0,"max_hp_loss":0.0,"gold_gain":0.0,"event_name":"MindBloom","player_choice":"Fight","floor":38.0,"gold_loss":0.0,"damage_taken":0.0},{"damage_healed":0.0,"max_hp_gain":0.0,"max_hp_loss":0.0,"gold_gain":0.0,"event_name":"Accursed Blacksmith","player_choice":"Forge","floor":39.0,"gold_loss":0.0,"damage_taken":0.0,"cards_upgraded":["Capacitor"]}],"is_beta":false,"boss_relics":[{"not_picked":["Lizard Tail","Nuclear Battery"],"picked":"Sozu"},{"not_picked":["Calling Bell","Black Star"],"picked":"Orrery"}],"items_purged_floors":[],"is_endless":false,"potions_floor_spawned":[1,12,22,24,30,31,33,37,38,41,47],"ascension_level":15}