{"gold_per_floor":[116,116,130,130,130,130,157,157,157,157,177,177,194,205,205,278,278,290,303,0,0,13,13,30,30],"floor_reached":25,"playtime":930,"items_purged":[],"score":456,"play_id":"ac844e83-755a-45f7-b9b9-3b373e4ab0a5","local_time":"20190222212458","is_ascension_mode":true,"campfire_choices":[{"floor":6.0,"key":"REST"},{"data":"Rage","floor":12.0,"key":"SMITH"},{"data":"Evolve","floor":15.0,"key":"SMITH"},{"floor":23,"key":"REST"}],"neow_cost":"NONE","seed_source_timestamp":0,"circlet_count":0,"master_deck":["AscendersBane","Strike_R","Strike_R","Strike_R","Strike_R","Defend_R","Defend_R","Defend_R","Defend_R","Bash","Anger","Cleave","Rage+1","Evolve+1","Second Wind","Iron Wave","Metallicize","Demon Form","Headbutt","Iron Wave"],"special_seed":0,"relics":["Burning Blood","NeowsBlessing","Pear","Ornamental Fan","Darkstone Periapt","Lizard Tail"],"potions_floor_usage":[24,24],"damage_taken":[{"damage":0.0,"enemies":"Cultist","floor":1.0,"turns":1.0},{"damage":0.0,"enemies":"2 Louse","floor":3.0,"turns":1.0},{"damage":0.0,"enemies":"3 Sentries","floor":7.0,"turns":1.0},{"damage":3.0,"enemies":"Small Slimes","floor":11.0,"turns":4.0},{"damage":2.0,"enemies":"2 Fungi Beasts","floor":13.0,"turns":4.0},{"damage":1.0,"enemies":"Gremlin Gang","floor":14.0,"turns":4.0},{"damage":53.0,"enemies":"Hexaghost","floor":16.0,"turns":13.0},{"damage":60.0,"enemies":"3 Byrds","floor":18.0,"turns":7.0},{"damage":21.0,"enemies":"Chosen","floor":19.0,"turns":6.0},{"damage":22.0,"enemies":"Centurion and Healer","floor":22.0,"turns":7.0},{"damage":40,"enemies":"Snake Plant","floor":24,"turns":5},{"damage":48,"enemies":"3 Cultists","floor":25,"turns":5}],"seed_played":"-7998323057981480032","potions_obtained":[{"floor":13.0,"key":"Swift Potion"},{"floor":14.0,"key":"FearPotion"},{"floor":16.0,"key":"SteroidPotion"}],"is_trial":false,"path_per_floor":["M","$","M","?","?","R","E","?","T","?","M","R","M","M","R","B",null,"M","M","?","?","M","R","M","M"],"character_chosen":"IRONCLAD","items_purchased":[],"campfire_rested":2,"item_purchase_floors":[],"current_hp_per_floor":[74,74,75,68,60,85,85,90,90,90,90,90,90,90,90,43,78,24,9,9,9,51,78,44,0],"gold":30,"neow_bonus":"THREE_ENEMY_KILL","is_prod":false,"is_daily":false,"chose_seed":false,"campfire_upgraded":2,"win_rate":0,"timestamp":1550867098,"path_taken":["M","$","M","?","?","R","E","?","T","?","M","R","?","M","R","BOSS","M","M","?","?","M","R","M","M"],"build_version":"2019-01-23","purchased_purges":0,"victory":false,"max_hp_per_floor":[75,75,75,75,85,85,85,90,90,90,90,90,90,90,90,90,90,90,90,90,90,90,90,90,90],"card_choices":[{"not_picked":["Perfected Strike","Pummel"],"picked":"Anger","floor":1.0},{"not_picked":["Pummel","Warcry"],"picked":"Cleave","floor":3.0},{"not_picked":["Berserk","Fiend Fire"],"picked":"Rage","floor":7.0},{"not_picked":["Evolve","Body Slam"],"picked":"Second Wind","floor":11.0},{"not_picked":["Armaments","Pummel"],"picked":"Iron Wave","floor":13.0},{"not_picked":["Body Slam","Flame Barrier"],"picked":"Metallicize","floor":14.0},{"not_picked":["Barricade","Limit Break"],"picked":"Demon Form","floor":16.0},{"not_picked":["Carnage","Sword Boomerang"],"picked":"Headbutt","floor":18.0},{"not_picked":["Clash","True Grit","Searing Blow"],"picked":"SKIP","floor":19.0},{"not_picked":["Intimidate","Warcry"],"picked":"Iron Wave","floor":22.0},{"not_picked":["Wild Strike","Body Slam+1","Offering"],"picked":"SKIP","floor":24}],"player_experience":430643,"relics_obtained":[{"floor":7.0,"key":"Ornamental Fan"},{"floor":9.0,"key":"Darkstone Periapt"}],"event_choices":[{"cards_removed":["Strike_R"],"damage_healed":0.0,"max_hp_gain":0.0,"max_hp_loss":0.0,"gold_gain":0.0,"event_name":"Golden Wing","player_choice":"Card Removal","floor":4.0,"gold_loss":0.0,"damage_taken":7.0},{"damage_healed":0.0,"max_hp_gain":0.0,"max_hp_loss":0.0,"gold_gain":0.0,"event_name":"Scrap Ooze","player_choice":"Success","floor":5.0,"gold_loss":0.0,"damage_taken":18.0,"relics_obtained":["Pear"]},{"damage_healed":0.0,"max_hp_gain":5.0,"max_hp_loss":0.0,"gold_gain":0.0,"event_name":"Big Fish","player_choice":"Donut","floor":8.0,"gold_loss":0.0,"damage_taken":0.0},{"damage_healed":0.0,"max_hp_gain":0.0,"max_hp_loss":0.0,"gold_gain":0.0,"event_name":"Match and Keep!","player_choice":"1 cards matched","floor":10.0,"gold_loss":0.0,"damage_taken":0.0,"cards_obtained":["Evolve"]},{"damage_healed":0.0,"max_hp_gain":0.0,"max_hp_loss":0.0,"gold_gain":0.0,"event_name":"Masked Bandits","player_choice":"Paid Fearfully","floor":20.0,"gold_loss":303.0,"damage_taken":0.0},{"damage_healed":0.0,"max_hp_gain":0.0,"max_hp_loss":0.0,"gold_gain":0.0,"event_name":"Beggar","player_choice":"Ignored","floor":21.0,"gold_loss":0.0,"damage_taken":0.0}],"is_beta":false,"boss_relics":[{"not_picked":["Pandora\u0027s Box","Velvet Choker"],"picked":"Lizard Tail"}],"items_purged_floors":[],"is_endless":false,"potions_floor_spawned":[13,14,16,22],"killed_by":"3 Cultists","ascension_level":20}