{"path_per_floor":["M","?","$","M","?","R","E","R","T","?","M","$","?","M","R"],"character_chosen":"DEFECT","items_purchased":[],"gold_per_floor":[113,113,38,53,228,228,292,292,319,341,361,261,336,354,354,354],"floor_reached":16,"campfire_rested":1,"playtime":707,"item_purchase_floors":[],"current_hp_per_floor":[75,68,68,66,66,66,31,31,38,28,28,28,17,15,39,0],"items_purged":["Defend_B","Doubt"],"gold":354,"score":108,"play_id":"42bb66b8-5f4e-42b1-9460-be3d76c1844c","local_time":"20180621181433","is_prod":false,"is_daily":false,"chose_seed":false,"is_ascension_mode":true,"campfire_upgraded":2,"win_rate":0,"timestamp":1529619273,"campfire_choices":[{"data":"Dualcast","floor":6,"key":"SMITH"},{"data":"Zap","floor":8,"key":"SMITH"},{"floor":15,"key":"REST"}],"path_taken":["M","?","$","?","?","R","E","R","T","?","?","?","?","M","R","BOSS"],"build_version":"2018-06-14v2","seed_source_timestamp":157665382895065,"purchased_purges":2,"victory":false,"master_deck":["Strike_B","Strike_B","Strike_B","Defend_B","Defend_B","Defend_B","Zap+1","Dualcast+1","Defragment","Go for the Eyes","Sweeping Beam","Fission","Doom and Gloom"],"max_hp_per_floor":[75,75,75,75,75,75,75,75,82,82,82,82,82,82,82,82],"relics":["Cracked Core","Sundial","Tiny Chest","Strawberry","Odd Mushroom"],"card_choices":[{"not_picked":["Rebound","Skim"],"picked":"Defragment","floor":1},{"not_picked":["Conserve Battery","FTL"],"picked":"Go for the Eyes","floor":4},{"not_picked":["Steam","Blizzard"],"picked":"Sweeping Beam","floor":7},{"not_picked":["Ball Lightning","Compile Driver"],"picked":"Fission","floor":10},{"not_picked":["Reinforced Body","Barrage"],"picked":"Doom and Gloom","floor":11},{"not_picked":["Reinforced Body","Static Discharge","Streamline"],"picked":"SKIP","floor":14}],"player_experience":252085,"potions_floor_usage":[],"damage_taken":[{"damage":0,"enemies":"2 Louse","floor":1,"turns":2},{"damage":2,"enemies":"Jaw Worm","floor":4,"turns":3},{"damage":35,"enemies":"3 Sentries","floor":7,"turns":8},{"damage":10,"floor":10,"turns":3},{"damage":0,"enemies":"Small Slimes","floor":11,"turns":2},{"damage":2,"enemies":"2 Fungi Beasts","floor":14,"turns":2},{"damage":52,"enemies":"The Guardian","floor":16,"turns":8}],"relics_obtained":[{"floor":7,"key":"Tiny Chest"},{"floor":9,"key":"Strawberry"},{"floor":10,"key":"Odd Mushroom"}],"event_choices":[{"event_name":"Scrap Ooze","player_choice":"success","floor":2,"damage_taken":7},{"event_name":"Liars Game","player_choice":"agreed","floor":5,"damage_taken":0},{"event_name":"Mushrooms","player_choice":"Fought Mushrooms","floor":10,"damage_taken":0},{"event_name":"World of Goop","player_choice":"Gather Gold","floor":13,"damage_taken":0}],"boss_relics":[],"items_purged_floors":[3,12],"is_endless":false,"potions_floor_spawned":[4,10],"seed_played":"8370248920286865822","killed_by":"The Guardian","ascension_level":2,"potions_obtained":[{"floor":4,"key":"FairyPotion"},{"floor":10,"key":"Ancient Potion"}],"is_trial":false}