{"gold_per_floor":[112,132,97,113,38,38,70,16,41,59,59,59,78,97,97,196,196,209,209],"floor_reached":19,"playtime":998,"items_purged":["Defend_B"],"score":304,"play_id":"af174aaf-15f9-4808-9a80-5d0c5a059c96","local_time":"20190123211830","is_ascension_mode":true,"campfire_choices":[{"data":"Zap","floor":6,"key":"SMITH"},{"data":"Coolheaded","floor":11,"key":"SMITH"},{"data":"Go for the Eyes","floor":15,"key":"SMITH"}],"neow_cost":"NONE","seed_source_timestamp":467405123972746,"circlet_count":0,"master_deck":["AscendersBane","Strike_B","Strike_B","Strike_B","Strike_B","Defend_B","Defend_B","Defend_B","Zap+1","Dualcast","Sweeping Beam","Conserve Battery","Coolheaded","Coolheaded","Coolheaded+1","Go for the Eyes+1","Glacier","Electrodynamics"],"relics":["Philosopher\u0027s Stone","Art of War","Happy Flower","Golden Idol","Eternal Feather"],"potions_floor_usage":[7,10,16,19],"damage_taken":[{"damage":15,"enemies":"Jaw Worm","floor":1,"turns":4},{"damage":0,"enemies":"2 Louse","floor":2,"turns":3},{"damage":1,"enemies":"Cultist","floor":4,"turns":4},{"damage":22,"enemies":"Lagavulin","floor":7,"turns":5},{"damage":3,"enemies":"Gremlin Gang","floor":10,"turns":4},{"damage":6,"enemies":"Red Slaver","floor":13,"turns":4},{"damage":0,"enemies":"Blue Slaver","floor":14,"turns":4},{"damage":28,"enemies":"The Guardian","floor":16,"turns":18},{"damage":37,"enemies":"2 Thieves","floor":18,"turns":3},{"damage":14,"enemies":"3 Byrds","floor":19,"turns":1}],"seed_played":"2858319221871818223","potions_obtained":[{"floor":1,"key":"Poison Potion"},{"floor":2,"key":"Explosive Potion"},{"floor":7,"key":"Poison Potion"},{"floor":10,"key":"Energy Potion"}],"is_trial":false,"path_per_floor":["M","M","?","M","$","R","E","$","T","M","R","?","M","M","R","B",null,"M","M"],"character_chosen":"DEFECT","items_purchased":["Coolheaded"],"campfire_rested":0,"item_purchase_floors":[8],"current_hp_per_floor":[49,49,66,65,65,65,43,43,43,40,40,40,34,34,34,6,50,13,0],"gold":209,"neow_bonus":"BOSS_RELIC","is_prod":false,"is_daily":false,"chose_seed":false,"campfire_upgraded":3,"win_rate":0,"timestamp":1548274710,"path_taken":["M","M","?","M","$","R","E","$","T","M","R","?","M","M","R","BOSS","M","M"],"build_version":"2019-01-23","purchased_purges":1,"victory":false,"max_hp_per_floor":[71,71,71,71,71,71,71,71,71,71,71,64,64,64,64,64,64,64,64],"card_choices":[{"not_picked":["Storm","Cold Snap"],"picked":"Sweeping Beam","floor":1},{"not_picked":["Storm","Steam"],"picked":"Conserve Battery","floor":2},{"not_picked":["Coolheaded","Blizzard","Chaos"],"picked":"SKIP","floor":4},{"not_picked":["Beam Cell","Steam"],"picked":"Coolheaded","floor":7},{"not_picked":["Turbo","Barrage"],"picked":"Coolheaded","floor":10},{"not_picked":["Fusion","Seek"],"picked":"Go for the Eyes","floor":13},{"not_picked":["Leap","Turbo"],"picked":"Glacier","floor":14},{"not_picked":["Multi-Cast","Fission"],"picked":"Electrodynamics","floor":16},{"not_picked":["Redo","Rebound","Leap"],"picked":"SKIP","floor":18}],"player_experience":376239,"relics_obtained":[{"floor":7,"key":"Art of War"},{"floor":9,"key":"Happy Flower"}],"event_choices":[{"damage_healed":17,"gold_gain":0,"player_choice":"Healed","damage_taken":0,"max_hp_gain":0,"max_hp_loss":0,"event_name":"The Cleric","floor":3,"gold_loss":35},{"damage_healed":0,"gold_gain":0,"player_choice":"Lose Max HP","damage_taken":0,"relics_obtained":["Golden Idol"],"max_hp_gain":0,"max_hp_loss":7,"event_name":"Golden Idol","floor":12,"gold_loss":0}],"is_beta":false,"boss_relics":[{"not_picked":["Busted Crown","Calling Bell"],"picked":"Eternal Feather"}],"items_purged_floors":[5],"is_endless":false,"potions_floor_spawned":[1,2,7,10],"killed_by":"3 Byrds","ascension_level":16}