{"gold_per_floor":[211,231,241,34,44,44,44,57,57,57,57,0,15,34,34,106,106,125,25,25,25,41,41,56,56,102,102,114,27,40,40],"floor_reached":31,"playtime":1039,"items_purged":["Strike_G","Strike_G"],"score":458,"play_id":"039493f5-b0fe-4842-90bc-95e3edd57ee9","local_time":"20181228220753","is_ascension_mode":true,"campfire_choices":[{"data":"Noxious Fumes","floor":6,"key":"SMITH"},{"data":"Noxious Fumes","floor":10,"key":"SMITH"},{"floor":15,"key":"REST"},{"floor":23,"key":"REST"},{"floor":25,"key":"REST"},{"floor":27,"key":"REST"}],"neow_cost":"NONE","seed_source_timestamp":31418244890604,"circlet_count":0,"master_deck":["AscendersBane","Defend_G","Defend_G","Defend_G","Defend_G","Defend_G","Strike_G","Strike_G","Strike_G","Survivor","Neutralize","Dagger Throw","Caltrops","Flying Knee","Deadly Poison","Noxious Fumes+1","Noxious Fumes+1","Crippling Poison","Catalyst","Backflip","Malaise","PiercingWail","Noxious Fumes+1","Well Laid Plans","Deflect+1","Escape Plan","Glass Knife+1"],"relics":["Ring of the Snake","Molten Egg 2","Ginger","Fusion Hammer","Strawberry"],"potions_floor_usage":[5,13,14,31],"damage_taken":[{"damage":0,"enemies":"Cultist","floor":1,"turns":4},{"damage":7,"enemies":"Jaw Worm","floor":2,"turns":4},{"damage":4,"enemies":"2 Louse","floor":3,"turns":3},{"damage":18,"enemies":"Exordium Wildlife","floor":5,"turns":4},{"damage":15,"enemies":"Exordium Thugs","floor":8,"turns":5},{"damage":8,"enemies":"Gremlin Gang","floor":13,"turns":3},{"damage":8,"enemies":"Looter","floor":14,"turns":5},{"damage":2,"enemies":"Hexaghost","floor":16,"turns":7},{"damage":26,"enemies":"2 Thieves","floor":18,"turns":5},{"damage":14,"enemies":"Shell Parasite","floor":22,"turns":4},{"damage":14,"enemies":"Centurion and Healer","floor":24,"turns":6},{"damage":15,"enemies":"Snake Plant","floor":28,"turns":4},{"damage":15,"enemies":"3 Cultists","floor":30,"turns":4},{"damage":48,"enemies":"Cultist and Chosen","floor":31,"turns":5}],"seed_played":"-5810364290865606972","potions_obtained":[{"floor":3,"key":"EssenceOfSteel"},{"floor":13,"key":"Regen Potion"},{"floor":16,"key":"Fire Potion"},{"floor":30,"key":"Dexterity Potion"}],"is_trial":false,"path_per_floor":["M","M","M","$","M","R","?","M","T","R","?","$","M","M","R","B",null,"M","$","?","$","M","R","M","R","T","R","M","$","M","M"],"character_chosen":"THE_SILENT","items_purchased":["Deadly Poison","Noxious Fumes","SkillPotion","Glass Knife+1"],"campfire_rested":4,"item_purchase_floors":[4,4,12,29],"current_hp_per_floor":[59,52,48,48,30,30,35,20,20,20,9,9,1,8,29,27,60,34,34,34,34,20,41,27,48,55,78,63,63,48,0],"gold":40,"neow_bonus":"HUNDRED_GOLD","is_prod":false,"is_daily":false,"chose_seed":false,"campfire_upgraded":2,"win_rate":0,"timestamp":1546031273,"path_taken":["M","?","M","$","M","R","?","M","T","R","?","?","M","M","R","BOSS","M","$","?","?","?","R","M","R","T","R","M","$","M","M"],"build_version":"2018-12-25","purchased_purges":2,"victory":false,"max_hp_per_floor":[66,66,66,66,66,66,71,71,71,71,71,71,71,71,71,71,71,71,71,71,71,71,71,71,71,78,78,78,78,78,78],"card_choices":[{"not_picked":["Skewer","Outmaneuver"],"picked":"Dagger Throw","floor":1},{"not_picked":["PiercingWail","Concentrate"],"picked":"Caltrops","floor":2},{"not_picked":["Dagger Throw","Poisoned Stab"],"picked":"Flying Knee","floor":3},{"not_picked":["All Out Attack","Escape Plan"],"picked":"Noxious Fumes","floor":5},{"not_picked":["Outmaneuver","Slice"],"picked":"Crippling Poison","floor":8},{"not_picked":["Acrobatics","Prepared"],"picked":"Catalyst","floor":13},{"not_picked":["Riddle With Holes+1","Underhanded Strike+1"],"picked":"Backflip","floor":14},{"not_picked":["Doppelganger","Wraith Form v2"],"picked":"Malaise","floor":16},{"not_picked":["Reflex","Eviscerate+1"],"picked":"PiercingWail","floor":18},{"not_picked":["Flechettes+1","Bane+1"],"picked":"Well Laid Plans","floor":22},{"not_picked":["Slice+1","Deadly Poison"],"picked":"Deflect+1","floor":24},{"not_picked":["Dodge and Roll","Bouncing Flask"],"picked":"Escape Plan","floor":28},{"not_picked":["Bouncing Flask+1","Noxious Fumes","Bane+1"],"picked":"SKIP","floor":30}],"player_experience":874478,"relics_obtained":[{"floor":9,"key":"Molten Egg 2"},{"floor":26,"key":"Strawberry"}],"event_choices":[{"damage_healed":0,"gold_gain":0,"player_choice":"Donut","damage_taken":0,"max_hp_gain":5,"max_hp_loss":0,"event_name":"Big Fish","floor":7,"gold_loss":0},{"damage_healed":0,"gold_gain":0,"player_choice":"Success","damage_taken":11,"relics_obtained":["Ginger"],"max_hp_gain":0,"max_hp_loss":0,"event_name":"Scrap Ooze","floor":11,"gold_loss":0},{"damage_healed":0,"gold_gain":0,"player_choice":"Copied","damage_taken":0,"max_hp_gain":0,"max_hp_loss":0,"event_name":"Duplicator","floor":20,"gold_loss":0,"cards_obtained":["Noxious Fumes"]}],"is_beta":true,"boss_relics":[{"not_picked":["Coffee Dripper","Orrery"],"picked":"Fusion Hammer"}],"items_purged_floors":[4,19],"is_endless":false,"potions_floor_spawned":[3,13,16,30],"killed_by":"Cultist and Chosen","ascension_level":20}