{"gold_per_floor":[115,115,65,65,76,104,104,132,132,132,148,148,167,181,181,280,280,290,45,56,56,68,268,268,280,280,294,294],"floor_reached":28,"playtime":774,"items_purged":[],"score":357,"play_id":"63446c87-7304-4432-98b4-726c4e70c688","local_time":"20190223164621","is_ascension_mode":true,"campfire_choices":[{"data":"Terror","floor":7,"key":"SMITH"},{"data":"Blade Dance","floor":12,"key":"SMITH"},{"data":"Neutralize","floor":15,"key":"SMITH"},{"floor":24,"key":"REST"}],"neow_cost":"NONE","seed_source_timestamp":145790369755083,"circlet_count":0,"master_deck":["Defend_G","Defend_G","Defend_G","Defend_G","Strike_G","Strike_G","Strike_G","Strike_G","Strike_G","Survivor","Neutralize+1","Finisher","Accuracy","Terror+1","Blade Dance+1","Backstab","Die Die Die","Dagger Spray+1","Crippling Poison+1"],"relics":["Ring of the Snake","NeowsBlessing","Matryoshka","Ancient Tea Set","Regal Pillow","Boot","Eternal Feather","Shuriken","Gremlin Horn","Singing Bowl"],"potions_floor_usage":[13,16,22,27,28],"damage_taken":[{"damage":0,"enemies":"Jaw Worm","floor":1,"turns":1},{"damage":0,"enemies":"Small Slimes","floor":5,"turns":1},{"damage":0,"enemies":"Gremlin Nob","floor":6,"turns":1},{"damage":15,"enemies":"Lagavulin","floor":8,"turns":5},{"damage":1,"enemies":"Cultist","floor":11,"turns":3},{"damage":2,"enemies":"Lots of Slimes","floor":13,"turns":3},{"damage":2,"enemies":"Large Slime","floor":14,"turns":6},{"damage":15,"enemies":"Slime Boss","floor":16,"turns":9},{"damage":6,"enemies":"3 Byrds","floor":18,"turns":3},{"damage":34,"enemies":"Shell Parasite","floor":20,"turns":6},{"damage":11,"enemies":"Snecko","floor":22,"turns":4},{"damage":9,"enemies":"Centurion and Healer","floor":25,"turns":3},{"damage":18,"enemies":"Shelled Parasite and Fungi","floor":27,"turns":3},{"damage":35,"enemies":"Book of Stabbing","floor":28,"turns":4}],"seed_played":"-2758946205756804087","potions_obtained":[{"floor":1,"key":"Fire Potion"},{"floor":8,"key":"GamblersBrew"},{"floor":11,"key":"SpeedPotion"},{"floor":13,"key":"Poison Potion"},{"floor":27,"key":"Swift Potion"}],"is_trial":false,"path_per_floor":["M","$","?","?","M","E","R","E","T","$","M","R","M","M","R","B",null,"M","$","M","$","M","?","R","M","T","M","E"],"character_chosen":"THE_SILENT","items_purchased":["Shuriken"],"campfire_rested":1,"item_purchase_floors":[19],"current_hp_per_floor":[63,63,63,63,63,63,63,48,48,48,47,47,45,43,43,28,60,54,54,20,20,9,9,54,45,45,29,0],"gold":294,"neow_bonus":"THREE_ENEMY_KILL","is_prod":false,"is_daily":false,"chose_seed":false,"campfire_upgraded":3,"win_rate":0,"timestamp":1550958381,"path_taken":["M","$","?","?","M","E","R","E","T","$","?","R","M","M","R","BOSS","M","$","M","$","M","?","R","?","T","M","E"],"build_version":"2019-01-23","purchased_purges":0,"victory":false,"max_hp_per_floor":[70,70,70,70,70,70,70,70,70,70,70,70,70,70,70,70,70,70,70,70,70,70,70,70,70,70,72,72],"card_choices":[{"not_picked":["Leg Sweep","Bouncing Flask"],"picked":"Finisher","floor":1},{"not_picked":["Outmaneuver","Deadly Poison"],"picked":"Accuracy","floor":5},{"not_picked":["PiercingWail","Footwork"],"picked":"Terror","floor":6},{"not_picked":["Acrobatics","Flechettes"],"picked":"Blade Dance","floor":8},{"not_picked":["Flechettes","Outmaneuver","Poisoned Stab"],"picked":"SKIP","floor":11},{"not_picked":["Predator","Well Laid Plans","Acrobatics"],"picked":"SKIP","floor":13},{"not_picked":["Leg Sweep","Backflip"],"picked":"Backstab","floor":14},{"not_picked":["Grand Finale","Burst"],"picked":"Die Die Die","floor":16},{"not_picked":["Poisoned Stab+1","All Out Attack","Acrobatics"],"picked":"SKIP","floor":18},{"not_picked":["Poisoned Stab","Deadly Poison"],"picked":"Dagger Spray+1","floor":20},{"not_picked":["Setup+1","Catalyst","Sucker Punch"],"picked":"SKIP","floor":22},{"not_picked":["Outmaneuver","Acrobatics+1"],"picked":"Crippling Poison+1","floor":25},{"not_picked":["Dagger Spray","Poisoned Stab","Caltrops"],"picked":"Singing Bowl","floor":27}],"player_experience":352161,"relics_obtained":[{"floor":6,"key":"Matryoshka"},{"floor":8,"key":"Ancient Tea Set"},{"floor":9,"key":"Regal Pillow"},{"floor":9,"key":"Boot"},{"floor":26,"key":"Gremlin Horn"},{"floor":26,"key":"Singing Bowl"}],"event_choices":[{"cards_removed":["Defend_G"],"damage_healed":0,"gold_gain":0,"player_choice":"Card Removal","damage_taken":0,"max_hp_gain":0,"max_hp_loss":0,"event_name":"The Cleric","floor":3,"gold_loss":50},{"damage_healed":0,"gold_gain":0,"player_choice":"Ignored","damage_taken":0,"max_hp_gain":0,"max_hp_loss":0,"event_name":"Liars Game","floor":4,"gold_loss":0},{"damage_healed":0,"gold_gain":250,"player_choice":"Bet on Owner","damage_taken":0,"max_hp_gain":0,"max_hp_loss":0,"event_name":"The Joust","floor":23,"gold_loss":50}],"is_beta":false,"boss_relics":[{"not_picked":["Velvet Choker","Pandora\u0027s Box"],"picked":"Eternal Feather"}],"items_purged_floors":[],"is_endless":false,"potions_floor_spawned":[1,8,11,13,27],"killed_by":"Book of Stabbing","ascension_level":8}