{"gold_per_floor":[114,114,130,130,154,154,166,166,166,151,210,210,20,32,32,134,134,154,166,166,166,166,197,197,197,224,224,258,258,183,199,199,199],"floor_reached":33,"playtime":2609,"items_purged":[],"score":298,"play_id":"7e68a869-2dd2-4fee-8331-888358fee291","local_time":"20190222220901","is_ascension_mode":false,"campfire_choices":[{"floor":6,"key":"REST"},{"floor":12,"key":"REST"},{"data":"Rainbow","floor":15,"key":"SMITH"},{"floor":27,"key":"REST"},{"floor":29,"key":"REST"},{"floor":32,"key":"REST"}],"neow_cost":"NONE","seed_source_timestamp":44445931035242,"circlet_count":0,"master_deck":["Strike_B+1","Strike_B+1","Strike_B","Defend_B","Defend_B","Defend_B","Defend_B","Dualcast","Chill","Tempest","Stack","FTL","Streamline","Machine Learning","Streamline","Rainbow+1","Buffer","Compile Driver+1","FTL+1","Conserve Battery","Compile Driver","Darkness"],"relics":["Cracked Core","Ancient Tea Set","Bottled Flame","Sundial","Sozu","Shuriken","Torii","Bronze Scales","Dodecahedron"],"potions_floor_usage":[25,31,31],"damage_taken":[{"damage":1,"enemies":"Jaw Worm","floor":1,"turns":4},{"damage":0,"enemies":"2 Louse","floor":3,"turns":3},{"damage":0,"enemies":"Small Slimes","floor":7,"turns":2},{"damage":6,"enemies":"Exordium Thugs","floor":10,"turns":6},{"damage":13,"enemies":"3 Sentries","floor":11,"turns":10},{"damage":0,"enemies":"Exordium Wildlife","floor":14,"turns":3},{"damage":28,"enemies":"Slime Boss","floor":16,"turns":8},{"damage":11,"enemies":"Shell Parasite","floor":18,"turns":6},{"damage":6,"enemies":"Spheric Guardian","floor":19,"turns":5},{"damage":49,"enemies":"Book of Stabbing","floor":23,"turns":6},{"damage":0,"enemies":"Shelled Parasite and Fungi","floor":25,"turns":1},{"damage":20,"enemies":"Slavers","floor":28,"turns":5},{"damage":8,"enemies":"Centurion and Healer","floor":31,"turns":6},{"damage":63,"enemies":"Collector","floor":33,"turns":7}],"seed_played":"3387632441082047234","potions_obtained":[{"floor":1,"key":"Fire Potion"},{"floor":3,"key":"FearPotion"},{"floor":14,"key":"SmokeBomb"}],"is_trial":false,"path_per_floor":["M","?","M","?","T","R","M","?","T","M","?","R","$","M","R","B",null,"M","M","?","?","?","E","T","M","T","R","E","R","?","M","R","B"],"character_chosen":"DEFECT","items_purchased":["Machine Learning","Streamline"],"campfire_rested":5,"item_purchase_floors":[13,13],"current_hp_per_floor":[81,86,86,69,69,87,87,87,87,81,68,87,87,87,87,59,87,76,70,53,53,53,4,4,4,4,31,11,38,38,30,57,0],"gold":199,"neow_bonus":"TEN_PERCENT_HP_BONUS","is_prod":false,"is_daily":false,"chose_seed":false,"campfire_upgraded":1,"win_rate":0.0,"timestamp":1550869741,"path_taken":["M","?","M","?","?","R","M","?","T","?","?","R","$","M","R","BOSS","M","M","?","?","?","E","?","?","T","R","E","R","?","M","R","BOSS"],"build_version":"2019-01-23","purchased_purges":0,"victory":false,"max_hp_per_floor":[82,87,87,87,87,87,87,87,87,87,87,87,87,87,87,87,87,87,87,92,92,92,92,92,92,92,92,92,92,92,92,92,92],"card_choices":[{"not_picked":["Fusion","Steam"],"picked":"Chill","floor":1},{"not_picked":["Go for the Eyes","Leap"],"picked":"Tempest","floor":3},{"not_picked":["Go for the Eyes","Coolheaded"],"picked":"Stack","floor":7},{"not_picked":["Skim","Chill"],"picked":"FTL","floor":10},{"not_picked":["Chill","Beam Cell"],"picked":"Streamline","floor":11},{"not_picked":["Fusion","Barrage"],"picked":"Rainbow","floor":14},{"not_picked":["Thunder Strike","Amplify"],"picked":"Buffer","floor":16},{"not_picked":["Sweeping Beam","BootSequence"],"picked":"Compile Driver+1","floor":18},{"not_picked":["Darkness","Barrage"],"picked":"FTL+1","floor":19},{"not_picked":["Heatsinks","Chill+1"],"picked":"Conserve Battery","floor":23},{"not_picked":["Storm+1","Sweeping Beam"],"picked":"Compile Driver","floor":28},{"not_picked":["Sweeping Beam","Lockon+1"],"picked":"Darkness","floor":31}],"player_experience":9519,"relics_obtained":[{"floor":5,"key":"Ancient Tea Set"},{"floor":9,"key":"Bottled Flame"},{"floor":23,"key":"Shuriken"},{"floor":24,"key":"Torii"},{"floor":26,"key":"Bronze Scales"},{"floor":28,"key":"Dodecahedron"}],"event_choices":[{"damage_healed":0,"gold_gain":0,"player_choice":"Donut","damage_taken":0,"max_hp_gain":5,"max_hp_loss":0,"event_name":"Big Fish","floor":2,"gold_loss":0},{"damage_healed":0,"gold_gain":0,"player_choice":"Entered Light","damage_taken":17,"max_hp_gain":0,"max_hp_loss":0,"event_name":"Shining Light","floor":4,"gold_loss":0,"cards_upgraded":["Strike_B","Strike_B"]},{"cards_removed":["Zap"],"damage_healed":0,"gold_gain":0,"player_choice":"Purged","damage_taken":0,"max_hp_gain":0,"max_hp_loss":0,"event_name":"Purifier","floor":8,"gold_loss":0},{"damage_healed":0,"gold_gain":0,"player_choice":"Searched \u00272\u0027 times","damage_taken":0,"relics_obtained":["Sundial"],"max_hp_gain":0,"max_hp_loss":0,"event_name":"Dead Adventurer","floor":11,"gold_loss":0},{"damage_healed":0,"gold_gain":0,"player_choice":"Shed Blood","damage_taken":22,"max_hp_gain":5,"max_hp_loss":0,"event_name":"Forgotten Altar","floor":20,"gold_loss":0},{"damage_healed":0,"gold_gain":0,"player_choice":"Ignored","damage_taken":0,"max_hp_gain":0,"max_hp_loss":0,"event_name":"Ghosts","floor":21,"gold_loss":0},{"damage_healed":0,"gold_gain":0,"player_choice":"Ignored","damage_taken":0,"max_hp_gain":0,"max_hp_loss":0,"event_name":"Vampires","floor":22,"gold_loss":0},{"cards_removed":["Strike_B"],"damage_healed":0,"gold_gain":0,"player_choice":"Gave Gold","damage_taken":0,"max_hp_gain":0,"max_hp_loss":0,"event_name":"Beggar","floor":30,"gold_loss":75}],"is_beta":false,"boss_relics":[{"not_picked":["Eternal Feather","Orrery"],"picked":"Sozu"}],"items_purged_floors":[],"is_endless":false,"potions_floor_spawned":[1,3,14,19,23,31],"killed_by":"Collector","ascension_level":0}