{"path_per_floor":["M","M","M","M","$","R","E","$","T","M","$","M","?","E","R","B",null,"M","M","$","M","?","E","R"],"character_chosen":"IRONCLAD","items_purchased":["Anger","Sever Soul","Spot Weakness","Regen Potion"],"gold_per_floor":[111,122,141,131,81,81,112,38,84,97,30,42,42,77,77,175,175,190,210,59,74,74,108,108,108],"floor_reached":25,"campfire_rested":3,"playtime":1560,"item_purchase_floors":[5,8,11,20],"current_hp_per_floor":[80,80,80,55,55,79,52,52,52,32,32,31,28,8,32,16,80,53,41,41,28,28,9,33,0],"items_purged":["Havoc"],"gold":108,"score":256,"play_id":"b22ad8ac-65cf-4670-ad3f-b5876c4be64e","local_time":"20180619052932","is_prod":false,"is_daily":false,"chose_seed":false,"is_ascension_mode":true,"campfire_upgraded":0,"win_rate":0,"timestamp":1529395172,"campfire_choices":[{"floor":6,"key":"REST"},{"floor":15,"key":"REST"},{"floor":24,"key":"REST"}],"path_taken":["M","M","M","M","$","R","E","$","T","M","$","M","?","E","R","BOSS","M","M","$","M","?","E","R","E"],"build_version":"2018-06-18","seed_source_timestamp":451405766305575,"purchased_purges":1,"circlet_count":0,"victory":false,"master_deck":["Bash","True Grit","Anger","Sever Soul","Clash","Spot Weakness","Dark Embrace","Uppercut","Impervious","Wild Strike","Iron Wave","Bloodletting","Clothesline","Clash","Armaments","Rupture","Perfected Strike","Pommel Strike+1","Feel No Pain","Sentinel+1"],"max_hp_per_floor":[80,80,80,80,80,80,80,80,80,80,80,80,80,80,80,80,80,80,80,80,80,80,80,80,80],"relics":["Burning Blood","Dodecahedron","Bag of Marbles","Pen Nib","Happy Flower","Pandora\u0027s Box","Centennial Puzzle"],"card_choices":[{"not_picked":["Rupture","Sever Soul"],"picked":"True Grit","floor":1},{"not_picked":["Body Slam","Fire Breathing","Perfected Strike"],"picked":"SKIP","floor":2},{"not_picked":["Sword Boomerang","Clothesline","Armaments"],"picked":"SKIP","floor":3},{"not_picked":["Warcry","Wild Strike","Sever Soul"],"picked":"SKIP","floor":4},{"not_picked":["Evolve","Rupture","Sentinel"],"picked":"SKIP","floor":7},{"not_picked":["Twin Strike","Metallicize"],"picked":"Clash","floor":10},{"not_picked":["Sever Soul","Thunderclap"],"picked":"Dark Embrace","floor":12},{"not_picked":["Havoc","Heavy Blade"],"picked":"Uppercut","floor":14},{"not_picked":["Offering","Juggernaut"],"picked":"Impervious","floor":16},{"not_picked":["Twin Strike+1","Sword Boomerang","Wild Strike"],"picked":"SKIP","floor":18},{"not_picked":["Anger+1","Fire Breathing"],"picked":"Pommel Strike+1","floor":19},{"not_picked":["Armaments","Havoc"],"picked":"Feel No Pain","floor":21},{"not_picked":["Evolve","True Grit"],"picked":"Sentinel+1","floor":23}],"player_experience":473269,"potions_floor_usage":[7,10,16,19,21,25],"damage_taken":[{"damage":2,"enemies":"2 Louse","floor":1,"turns":2},{"damage":0,"enemies":"Small Slimes","floor":2,"turns":3},{"damage":4,"enemies":"Jaw Worm","floor":3,"turns":4},{"damage":31,"enemies":"Exordium Thugs","floor":4,"turns":6},{"damage":33,"enemies":"Lagavulin","floor":7,"turns":7},{"damage":26,"enemies":"Exordium Wildlife","floor":10,"turns":5},{"damage":7,"enemies":"Red Slaver","floor":12,"turns":2},{"damage":26,"enemies":"Gremlin Nob","floor":14,"turns":5},{"damage":37,"enemies":"The Guardian","floor":16,"turns":13},{"damage":33,"enemies":"3 Byrds","floor":18,"turns":7},{"damage":18,"enemies":"Spheric Guardian","floor":19,"turns":4},{"damage":31,"enemies":"Snake Plant","floor":21,"turns":4},{"damage":25,"enemies":"Book of Stabbing","floor":23,"turns":5},{"damage":39,"enemies":"Gremlin Leader","floor":25,"turns":7}],"relics_obtained":[{"floor":7,"key":"Dodecahedron"},{"floor":9,"key":"Bag of Marbles"},{"floor":14,"key":"Happy Flower"},{"floor":23,"key":"Centennial Puzzle"}],"event_choices":[{"event_name":"Scrap Ooze","player_choice":"success","floor":13,"damage_taken":3},{"event_name":"Cursed Tome","player_choice":"Ignored","floor":22,"damage_taken":0}],"boss_relics":[{"not_picked":["Coffee Dripper","Ectoplasm"],"picked":"Pandora\u0027s Box"}],"items_purged_floors":[20],"is_endless":true,"potions_floor_spawned":[1,4,14,18,23],"seed_played":"-4073998574079040523","killed_by":"Gremlin Leader","ascension_level":2,"potions_obtained":[{"floor":1,"key":"Ancient Potion"},{"floor":4,"key":"Fire Potion"},{"floor":14,"key":"Regen Potion"},{"floor":18,"key":"EssenceOfSteel"},{"floor":23,"key":"Swift Potion"}],"is_trial":false}