{"gold_per_floor":[116,116,191,206,225,225,239,204,229,74,74,74,74,91,91,186,186,205,24,24,39,39,39,39,39,39,39,39,39,57,77,77,179,179,192,67,1066,1066],"floor_reached":38,"playtime":2687,"items_purged":["Strike_R","Clumsy","Injury"],"score":385,"play_id":"81270ecd-d55d-4919-b38e-19f3a7868db5","local_time":"20190222233247","is_ascension_mode":false,"campfire_choices":[{"data":"Armaments","floor":6,"key":"SMITH"},{"data":"Double Tap","floor":11,"key":"SMITH"},{"data":"Iron Wave","floor":15,"key":"SMITH"},{"data":"Fire Breathing","floor":23,"key":"SMITH"},{"floor":29,"key":"REST"},{"floor":32,"key":"REST"}],"neow_cost":"TEN_PERCENT_HP_LOSS","seed_source_timestamp":49394041986915,"circlet_count":0,"master_deck":["Strike_R","Strike_R","Strike_R","Strike_R","Defend_R+1","Defend_R","Defend_R","Defend_R","Bash","Double Tap+1","Cleave+1","Iron Wave+1","Armaments+1","Pommel Strike","Intimidate","Shrug It Off","Demon Form","Clumsy","Fire Breathing+1","Seeing Red","Rampage","RitualDagger","Warcry+1","Seeing Red+1","Feed","Flex","Normality","Normality"],"relics":["Burning Blood","Orichalcum","Calling Bell","Pocketwatch","Paper Frog","Happy Flower","Dream Catcher","Mummified Hand","Busted Crown"],"potions_floor_usage":[16,16,33,33,33],"damage_taken":[{"damage":5,"enemies":"Small Slimes","floor":1,"turns":4},{"damage":0,"enemies":"2 Louse","floor":4,"turns":3},{"damage":6,"enemies":"Jaw Worm","floor":5,"turns":3},{"damage":5,"enemies":"Looter","floor":7,"turns":3},{"damage":5,"enemies":"Exordium Wildlife","floor":14,"turns":4},{"damage":66,"enemies":"Hexaghost","floor":16,"turns":15},{"damage":1,"enemies":"3 Byrds","floor":18,"turns":6},{"damage":11,"enemies":"Chosen","floor":21,"turns":5},{"damage":0,"enemies":"3 Cultists","floor":30,"turns":4},{"damage":12,"enemies":"Centurion and Healer","floor":31,"turns":6},{"damage":47,"enemies":"Collector","floor":33,"turns":9},{"damage":33,"enemies":"Orb Walker","floor":35,"turns":5},{"damage":50,"enemies":"3 Darklings","floor":38,"turns":3}],"seed_played":"-398523054623979510","potions_obtained":[{"floor":5,"key":"Weak Potion"},{"floor":7,"key":"Poison Potion"},{"floor":16,"key":"GamblersBrew"},{"floor":18,"key":"Swift Potion"},{"floor":21,"key":"SteroidPotion"},{"floor":35,"key":"Weak Potion"}],"is_trial":false,"path_per_floor":["M","?","?","M","M","R","M","?","T","$","R","?","$","M","R","B",null,"M","$","?","M","?","R","T","$","T","$","$","R","M","M","R","B",null,"M","$","?","M"],"character_chosen":"IRONCLAD","items_purchased":["Intimidate","Seeing Red"],"campfire_rested":2,"item_purchase_floors":[10,19],"current_hp_per_floor":[72,58,47,53,53,53,54,72,72,72,72,72,72,72,72,12,72,72,72,72,67,61,61,61,61,61,61,61,72,72,66,72,31,72,45,45,45,0],"gold":1066,"neow_bonus":"THREE_RARE_CARDS","is_prod":false,"is_daily":false,"chose_seed":false,"campfire_upgraded":4,"win_rate":0.0,"timestamp":1550874767,"path_taken":["M","?","?","M","M","R","M","?","T","$","R","?","$","M","R","BOSS","M","$","?","M","?","R","?","$","T","?","$","R","M","M","R","BOSS","M","$","?","M"],"build_version":"2019-01-23","purchased_purges":3,"victory":false,"max_hp_per_floor":[72,72,72,72,72,72,72,72,72,72,72,72,72,72,72,72,72,72,72,72,72,72,72,72,72,72,72,72,72,72,72,72,72,72,72,72,72,72],"card_choices":[{"not_picked":["Reaper","Offering"],"picked":"Double Tap","floor":0},{"not_picked":["Clash","Entrench"],"picked":"Cleave","floor":1},{"not_picked":["Cleave","Thunderclap"],"picked":"Iron Wave","floor":4},{"not_picked":["Sword Boomerang","Iron Wave"],"picked":"Armaments","floor":5},{"not_picked":["Anger","Blood for Blood"],"picked":"Pommel Strike","floor":7},{"not_picked":["Armaments","Dropkick"],"picked":"Shrug It Off","floor":14},{"not_picked":["Barricade","Dark Embrace"],"picked":"Demon Form","floor":16},{"not_picked":["Dual Wield","Sword Boomerang+1"],"picked":"Fire Breathing","floor":18},{"not_picked":["Pummel","Armaments"],"picked":"Rampage","floor":21},{"not_picked":["Cleave","Intimidate"],"picked":"Warcry+1","floor":30},{"not_picked":["Intimidate+1","True Grit"],"picked":"Seeing Red+1","floor":31},{"not_picked":["Berserk","Reaper"],"picked":"Feed","floor":33},{"not_picked":[],"picked":"Flex","floor":35}],"player_experience":14414,"relics_obtained":[{"floor":9,"key":"Orichalcum"},{"floor":17,"key":"Pocketwatch"},{"floor":17,"key":"Paper Frog"},{"floor":17,"key":"Happy Flower"},{"floor":24,"key":"Dream Catcher"},{"floor":26,"key":"Mummified Hand"}],"event_choices":[{"damage_healed":0,"gold_gain":0,"player_choice":"Entered Light","damage_taken":14,"max_hp_gain":0,"max_hp_loss":0,"event_name":"Shining Light","floor":2,"gold_loss":0,"cards_upgraded":["Cleave","Defend_R"]},{"damage_healed":0,"gold_gain":75,"player_choice":"Gather Gold","damage_taken":11,"max_hp_gain":0,"max_hp_loss":0,"event_name":"World of Goop","floor":3,"gold_loss":0},{"damage_healed":18,"gold_gain":0,"player_choice":"Healed","damage_taken":0,"max_hp_gain":0,"max_hp_loss":0,"event_name":"The Cleric","floor":8,"gold_loss":35},{"damage_healed":0,"gold_gain":0,"player_choice":"Searched \u00271\u0027 times","damage_taken":0,"max_hp_gain":0,"max_hp_loss":0,"event_name":"Dead Adventurer","floor":12,"gold_loss":0},{"damage_healed":0,"gold_gain":0,"player_choice":"Ignored","damage_taken":0,"max_hp_gain":0,"max_hp_loss":0,"event_name":"Beggar","floor":20,"gold_loss":0},{"damage_healed":0,"gold_gain":0,"player_choice":"Joined the Cult","damage_taken":6,"max_hp_gain":0,"max_hp_loss":0,"event_name":"Nest","floor":22,"gold_loss":0,"cards_obtained":["RitualDagger"]},{"damage_healed":0,"gold_gain":999,"player_choice":"Gold","damage_taken":0,"max_hp_gain":0,"max_hp_loss":0,"event_name":"MindBloom","floor":37,"gold_loss":0,"cards_obtained":["Normality","Normality"]}],"is_beta":false,"boss_relics":[{"not_picked":["Coffee Dripper","Runic Pyramid"],"picked":"Calling Bell"},{"not_picked":["Velvet Choker","Runic Dome"],"picked":"Busted Crown"}],"items_purged_floors":[10,19,36],"is_endless":false,"potions_floor_spawned":[5,7,16,18,21,35],"killed_by":"3 Darklings","ascension_level":0}