{"gold_per_floor":[112,112,131,144,69,69,79,107,131,163,163,179,212,212,212,340,340,356,381,48,66,91,91,91,129,129,129,154,154,154,184,184,283,283,298,351,371,29,49,49,74,74,74,102,16,16,16,29,29,29],"floor_reached":50,"playtime":4534,"items_purged":["Strike_R","Strike_R","Strike_R"],"score":616,"play_id":"fdd296a4-75b1-4118-9d79-31a244760b14","local_time":"20190127180120","is_ascension_mode":true,"campfire_choices":[{"data":"Double Tap","floor":6,"key":"SMITH"},{"floor":11,"key":"REST"},{"floor":15,"key":"REST"},{"floor":23,"key":"REST"},{"floor":27,"key":"REST"},{"floor":29,"key":"REST"},{"data":"Barricade","floor":32,"key":"SMITH"},{"floor":40,"key":"REST"},{"data":"Metallicize","floor":46,"key":"SMITH"},{"floor":49,"key":"REST"}],"neow_cost":"TEN_PERCENT_HP_LOSS","seed_source_timestamp":12131328608830,"circlet_count":0,"master_deck":["Strike_R","Strike_R","Defend_R+1","Defend_R","Defend_R","Defend_R","Bash","Double Tap+1","Pommel Strike","Shrug It Off+1","Body Slam","Body Slam","Iron Wave","Spot Weakness","Fiend Fire","Barricade+1","Seeing Red","Fire Breathing+1","Metallicize+1","Forethought","Shockwave","Sword Boomerang","Heavy Blade","Seeing Red","Inflame+1","Demon Form","Shrug It Off+1","Pommel Strike","Inflame","Pommel Strike","Writhe","Metallicize"],"relics":["Burning Blood","Anchor","War Paint","Regal Pillow","Shuriken","Bloody Idol","Black Star","Centennial Puzzle","Kunai","Letter Opener","Ancient Tea Set","Singing Bowl","Busted Crown","Incense Burner","Red Skull","Peace Pipe","Calipers","Lantern","Juzu Bracelet","Champion Belt"],"potions_floor_usage":[7,7,16,25,25,25,25,31,35,36,37,47,47,47],"damage_taken":[{"damage":7,"enemies":"Jaw Worm","floor":1,"turns":5},{"damage":6,"enemies":"Cultist","floor":3,"turns":3},{"damage":3,"enemies":"2 Louse","floor":4,"turns":3},{"damage":13,"enemies":"Exordium Thugs","floor":7,"turns":5},{"damage":32,"enemies":"Gremlin Nob","floor":8,"turns":4},{"damage":34,"enemies":"Lagavulin","floor":10,"turns":7},{"damage":0,"enemies":"Gremlin Gang","floor":12,"turns":7},{"damage":18,"enemies":"3 Sentries","floor":13,"turns":10},{"damage":53,"enemies":"Hexaghost","floor":16,"turns":10},{"damage":9,"enemies":"3 Byrds","floor":18,"turns":6},{"damage":13,"enemies":"Shell Parasite","floor":19,"turns":6},{"damage":7,"enemies":"Centurion and Healer","floor":21,"turns":8},{"damage":44,"enemies":"Cultist and Chosen","floor":22,"turns":9},{"damage":44,"enemies":"Gremlin Leader","floor":25,"turns":10},{"damage":41,"enemies":"Snake Plant","floor":28,"turns":7},{"damage":25,"enemies":"Slavers","floor":31,"turns":6},{"damage":16,"enemies":"Champ","floor":33,"turns":12},{"damage":1,"enemies":"Orb Walker","floor":35,"turns":2},{"damage":64,"enemies":"2 Orb Walkers","floor":36,"turns":6},{"damage":3,"enemies":"3 Shapes","floor":37,"turns":6},{"damage":24,"enemies":"Maw","floor":39,"turns":7},{"damage":36,"enemies":"Nemesis","floor":41,"turns":7},{"damage":21,"enemies":"Reptomancer","floor":44,"turns":7},{"damage":10,"enemies":"Transient","floor":47,"turns":5},{"damage":20,"enemies":"Jaw Worm Horde","floor":48,"turns":5},{"damage":75,"enemies":"Awakened One","floor":50,"turns":7}],"seed_played":"-5500135965027675294","potions_obtained":[{"floor":3,"key":"Strength Potion"},{"floor":4,"key":"Strength Potion"},{"floor":10,"key":"Strength Potion"},{"floor":12,"key":"SmokeBomb"},{"floor":24,"key":"SpeedPotion"},{"floor":24,"key":"EntropicBrew"},{"floor":28,"key":"GamblersBrew"},{"floor":33,"key":"FearPotion"},{"floor":35,"key":"Block Potion"},{"floor":36,"key":"GamblersBrew"},{"floor":44,"key":"Swift Potion"}],"is_trial":false,"path_per_floor":["M","?","M","M","$","R","M","E","T","E","R","M","E","?","R","B",null,"M","M","$","M","M","R","?","E","T","R","M","R","?","E","R","B",null,"M","?","M","$","M","R","E","?","T","E","$","R","M","M","R","B"],"character_chosen":"IRONCLAD","items_purchased":["Metallicize","Forethought","Shockwave","Inflame","Red Skull","Metallicize","Block Potion"],"campfire_rested":7,"item_purchase_floors":[20,20,20,38,38,45,45],"current_hp_per_floor":[71,71,71,72,72,72,65,39,39,11,47,53,41,23,59,12,72,69,62,62,61,23,59,59,21,21,57,22,58,58,46,46,41,74,74,23,31,31,20,58,33,53,53,45,45,45,41,34,73,0],"gold":29,"neow_bonus":"THREE_RARE_CARDS","is_prod":false,"is_daily":false,"chose_seed":false,"campfire_upgraded":3,"win_rate":0,"timestamp":1548612080,"path_taken":["M","?","M","M","$","R","?","E","T","E","R","M","E","?","R","BOSS","M","M","$","M","M","R","?","E","T","R","?","R","?","E","R","BOSS","M","?","M","$","M","R","E","?","T","E","?","R","M","M","R","BOSS"],"build_version":"2019-01-23","purchased_purges":3,"victory":false,"max_hp_per_floor":[72,72,72,72,72,72,72,72,72,72,72,72,72,72,72,72,72,72,72,72,72,72,72,72,72,72,72,72,72,72,74,74,74,74,74,76,76,76,78,78,78,78,78,80,80,80,80,82,82,82],"card_choices":[{"not_picked":["Berserk","Feed"],"picked":"Double Tap","floor":0},{"not_picked":["Searing Blow","Cleave"],"picked":"Pommel Strike","floor":1},{"not_picked":["Sword Boomerang","Twin Strike"],"picked":"Shrug It Off","floor":3},{"not_picked":["Warcry","True Grit","Havoc"],"picked":"SKIP","floor":4},{"not_picked":["Whirlwind","Blood for Blood"],"picked":"Body Slam","floor":7},{"not_picked":["Blood for Blood","Heavy Blade"],"picked":"Body Slam","floor":8},{"not_picked":["Entrench","Warcry"],"picked":"Iron Wave","floor":10},{"not_picked":["Blood for Blood","True Grit"],"picked":"Spot Weakness","floor":12},{"not_picked":["Wild Strike","Clothesline"],"picked":"Fiend Fire","floor":13},{"not_picked":["Juggernaut","Immolate"],"picked":"Barricade","floor":16},{"not_picked":["Clothesline+1","Combust"],"picked":"Seeing Red","floor":18},{"not_picked":["Thunderclap+1","Warcry+1"],"picked":"Fire Breathing+1","floor":19},{"not_picked":["Flex","True Grit+1"],"picked":"Sword Boomerang","floor":21},{"not_picked":["Headbutt","Rupture"],"picked":"Heavy Blade","floor":22},{"not_picked":["Hemokinesis","Flex"],"picked":"Seeing Red","floor":25},{"not_picked":["Body Slam","Havoc"],"picked":"Inflame+1","floor":28},{"not_picked":["Twin Strike","Spot Weakness","Pommel Strike"],"picked":"Singing Bowl","floor":31},{"not_picked":["Barricade","Berserk"],"picked":"Demon Form","floor":33},{"not_picked":[],"picked":"Shrug It Off+1","floor":35},{"not_picked":["Warcry+1"],"picked":"Singing Bowl","floor":36},{"not_picked":[],"picked":"Pommel Strike","floor":37},{"not_picked":["True Grit+1"],"picked":"Singing Bowl","floor":39},{"not_picked":[],"picked":"Pommel Strike","floor":41},{"not_picked":["Wild Strike"],"picked":"Singing Bowl","floor":44},{"not_picked":["Headbutt"],"picked":"Singing Bowl","floor":48}],"player_experience":139908,"relics_obtained":[{"floor":8,"key":"Anchor"},{"floor":9,"key":"War Paint"},{"floor":10,"key":"Regal Pillow"},{"floor":13,"key":"Shuriken"},{"floor":25,"key":"Centennial Puzzle"},{"floor":25,"key":"Kunai"},{"floor":26,"key":"Letter Opener"},{"floor":31,"key":"Ancient Tea Set"},{"floor":31,"key":"Singing Bowl"},{"floor":36,"key":"Incense Burner"},{"floor":41,"key":"Peace Pipe"},{"floor":41,"key":"Calipers"},{"floor":43,"key":"Lantern"},{"floor":44,"key":"Juzu Bracelet"},{"floor":44,"key":"Champion Belt"}],"event_choices":[{"damage_healed":0,"gold_gain":0,"player_choice":"0 cards matched","damage_taken":0,"max_hp_gain":0,"max_hp_loss":0,"event_name":"Match and Keep!","floor":2,"gold_loss":0,"cards_obtained":[]},{"damage_healed":0,"gold_gain":0,"player_choice":"Take Damage","damage_taken":18,"relics_obtained":["Golden Idol"],"max_hp_gain":0,"max_hp_loss":0,"event_name":"Golden Idol","floor":14,"gold_loss":0},{"damage_healed":0,"gold_gain":0,"player_choice":"Got Potions","damage_taken":0,"max_hp_gain":0,"max_hp_loss":0,"event_name":"Lab","floor":24,"gold_loss":0},{"damage_healed":0,"gold_gain":0,"player_choice":"Gave Idol","damage_taken":0,"relics_obtained":["Bloody Idol"],"max_hp_gain":0,"max_hp_loss":0,"event_name":"Forgotten Altar","floor":30,"relics_lost":["Golden Idol"],"gold_loss":0},{"damage_healed":0,"gold_gain":0,"player_choice":"Fight","damage_taken":0,"max_hp_gain":0,"max_hp_loss":0,"event_name":"Mysterious Sphere","floor":36,"gold_loss":0},{"damage_healed":20,"gold_gain":0,"player_choice":"Writhe","damage_taken":0,"max_hp_gain":0,"max_hp_loss":0,"event_name":"Winding Halls","floor":42,"gold_loss":0,"cards_obtained":["Writhe"]}],"is_beta":false,"boss_relics":[{"not_picked":["Snecko Eye","Runic Cube"],"picked":"Black Star"},{"not_picked":["Astrolabe","Lizard Tail"],"picked":"Busted Crown"}],"items_purged_floors":[5,20,38],"is_endless":false,"potions_floor_spawned":[3,4,10,12,28,33,35,36,44,47],"killed_by":"Awakened One","ascension_level":2}