{"gold_per_floor":[112,122,142,158,176,176,208,208,208,208,208,222,241,258,258,358,358,373,390,4,4,4],"floor_reached":22,"playtime":1232,"items_purged":["Reflex"],"score":304,"play_id":"31d126ff-ba9d-4cb1-b161-84012a297199","local_time":"20190123192714","is_ascension_mode":true,"campfire_choices":[{"data":"Dash","floor":6,"key":"SMITH"},{"data":"Neutralize","floor":8,"key":"SMITH"},{"data":"Flechettes","floor":10,"key":"SMITH"},{"floor":15,"key":"REST"}],"neow_cost":"NONE","seed_source_timestamp":460495376622092,"circlet_count":0,"master_deck":["AscendersBane","Survivor","Neutralize+1","Cloak And Dagger","Dash+1","Cloak And Dagger","Flechettes+1","Backflip","Poisoned Stab","Corpse Explosion","Finisher","Poisoned Stab","Envenom","Quick Slash","Riddle With Holes","Venomology","Noxious Fumes","Terror","Accuracy","Blade Dance","Escape Plan","Dash","Blade Dance+1","Footwork"],"relics":["Ring of the Snake","Potion Belt","Singing Bowl","Pandora\u0027s Box","The Specimen"],"potions_floor_usage":[7,16,19],"damage_taken":[{"damage":0,"enemies":"Cultist","floor":1,"turns":3},{"damage":0,"enemies":"Jaw Worm","floor":2,"turns":4},{"damage":0,"enemies":"Small Slimes","floor":3,"turns":3},{"damage":3,"enemies":"2 Fungi Beasts","floor":4,"turns":4},{"damage":9,"enemies":"3 Louse","floor":5,"turns":3},{"damage":27,"enemies":"Gremlin Nob","floor":7,"turns":5},{"damage":1,"enemies":"Red Slaver","floor":12,"turns":4},{"damage":0,"enemies":"2 Fungi Beasts","floor":13,"turns":3},{"damage":3,"enemies":"Blue Slaver","floor":14,"turns":3},{"damage":35,"enemies":"Slime Boss","floor":16,"turns":8},{"damage":23,"enemies":"Shell Parasite","floor":18,"turns":6},{"damage":11,"enemies":"2 Thieves","floor":19,"turns":4},{"damage":37,"enemies":"Snake Plant","floor":22,"turns":4}],"seed_played":"-237110179170133933","potions_obtained":[{"floor":1,"key":"FairyPotion"},{"floor":3,"key":"EssenceOfSteel"},{"floor":7,"key":"Energy Potion"},{"floor":13,"key":"Fire Potion"},{"floor":18,"key":"GamblersBrew"},{"floor":19,"key":"FearPotion"}],"is_trial":false,"path_per_floor":["M","?","?"],"character_chosen":"THE_SILENT","items_purchased":["The Specimen"],"campfire_rested":1,"item_purchase_floors":[20],"current_hp_per_floor":[63,63,63,60,51,51,24,24,24,24,24,25,25,22,43,8,56,33,24,24,24,0],"gold":4,"neow_bonus":"THREE_CARDS","is_prod":false,"is_daily":false,"chose_seed":false,"campfire_upgraded":3,"win_rate":0,"timestamp":1548268034,"path_taken":["M","M","M","?","M","R","E","R","T","R","?","M","M","M","R","BOSS","M","M","$","?","M"],"build_version":"2019-01-23","purchased_purges":1,"victory":false,"max_hp_per_floor":[70,70,70,70,70,70,70,70,70,70,70,72,72,72,72,72,72,72,74,74,74,74],"card_choices":[{"not_picked":["Underhanded Strike","Bane"],"picked":"Cloak And Dagger","floor":0},{"not_picked":["Heel Hook","Outmaneuver"],"picked":"Dash","floor":1},{"not_picked":["Bane","Acrobatics"],"picked":"Cloak And Dagger","floor":2},{"not_picked":["Dagger Throw","Sucker Punch"],"picked":"Flechettes","floor":3},{"not_picked":["Concentrate","Cloak And Dagger"],"picked":"Backflip","floor":4},{"not_picked":["Accuracy","Burst"],"picked":"Poisoned Stab","floor":5},{"not_picked":["Flying Knee","Prepared"],"picked":"Corpse Explosion","floor":7},{"not_picked":["Cloak And Dagger","Prepared","Setup"],"picked":"Singing Bowl","floor":12},{"not_picked":["Dagger Throw","Flying Knee"],"picked":"Finisher","floor":13},{"not_picked":["Backflip","Bane"],"picked":"Poisoned Stab","floor":14},{"not_picked":["Doppelganger","Phantasmal Killer"],"picked":"Envenom","floor":16},{"not_picked":["Riddle With Holes","Deflect"],"picked":"Blade Dance+1","floor":18},{"not_picked":["Outmaneuver+1","Quick Slash","Acrobatics"],"picked":"Singing Bowl","floor":19}],"player_experience":372896,"relics_obtained":[{"floor":7,"key":"Potion Belt"},{"floor":9,"key":"Singing Bowl"}],"event_choices":[{"damage_healed":0,"gold_gain":0,"player_choice":"Ignored","damage_taken":0,"max_hp_gain":0,"max_hp_loss":0,"event_name":"Liars Game","floor":11,"gold_loss":0},{"damage_healed":0,"gold_gain":0,"player_choice":"Read","damage_taken":0,"max_hp_gain":0,"max_hp_loss":0,"event_name":"The Library","floor":21,"gold_loss":0,"cards_obtained":["Footwork"]}],"is_beta":false,"boss_relics":[{"not_picked":["Runic Dome","Velvet Choker"],"picked":"Pandora\u0027s Box"}],"items_purged_floors":[20],"is_endless":false,"potions_floor_spawned":[1,3,7,13,18,19],"killed_by":"Snake Plant","ascension_level":12}