{"gold_per_floor":[117,117,137,155,166,166,166,166,166,192,192,206,225,241,241,318,318,333,333,352,366,366,366,377,393,446,284,284,24,40,71,71,148,148,163,2,0,0,16,16,34,59,105,105,105,105,124,156,156,156],"floor_reached":50,"playtime":2256,"items_purged":["Doubt","Writhe","Strike_G"],"score":1168,"play_id":"cc8de1fb-9976-432b-a5c6-7825d1718dea","local_time":"20181227142556","is_ascension_mode":true,"campfire_choices":[{"data":"Neutralize","floor":6.0,"key":"SMITH"},{"data":"Finisher","floor":8.0,"key":"SMITH"},{"data":"Caltrops","floor":11.0,"key":"SMITH"},{"data":"Poisoned Stab","floor":15.0,"key":"SMITH"},{"data":"Wraith Form v2","floor":23,"key":"SMITH"},{"data":"Catalyst","floor":28,"key":"SMITH"},{"floor":32,"key":"REST"},{"data":"Deadly Poison","floor":40,"key":"SMITH"},{"data":"Footwork","floor":46,"key":"SMITH"},{"data":"Wraith Form v2","floor":49,"key":"SMITH"}],"neow_cost":"TEN_PERCENT_HP_LOSS","seed_source_timestamp":3122355326607,"circlet_count":0,"master_deck":["AscendersBane","Defend_G","Defend_G","Defend_G","Defend_G","Strike_G","Survivor","Neutralize+1","Adrenaline","Underhanded Strike+1","Finisher+1","Masterful Stab+1","Crippling Poison+1","Caltrops+1","Deadly Poison+1","Escape Plan","Wraith Form v2+1","Quick Slash+1","Dash","Sucker Punch+1","Catalyst+1","PiercingWail","Footwork+1","After Image","Distraction+1","Dodge and Roll","Clumsy","Injury","Wraith Form v2+1"],"special_seed":0,"relics":["Ring of the Snake","Letter Opener","Odd Mushroom","Cursed Key","Pear","Orichalcum","Whetstone","Smiling Mask","Eternal Feather","Red Mask","Ancient Tea Set","Regal Pillow","Blood Vial","Ginger"],"potions_floor_usage":[21,25,31,50,50],"damage_taken":[{"damage":0.0,"enemies":"Small Slimes","floor":1.0,"turns":3.0},{"damage":1.0,"enemies":"Jaw Worm","floor":3.0,"turns":2.0},{"damage":0.0,"enemies":"Cultist","floor":4.0,"turns":2.0},{"damage":0.0,"enemies":"3 Louse","floor":5.0,"turns":2.0},{"damage":0.0,"enemies":"The Mushroom Lair","floor":10.0,"turns":2.0},{"damage":0.0,"enemies":"Gremlin Gang","floor":12.0,"turns":4.0},{"damage":4.0,"enemies":"Exordium Wildlife","floor":13.0,"turns":3.0},{"damage":0.0,"enemies":"3 Louse","floor":14.0,"turns":2.0},{"damage":0.0,"enemies":"Hexaghost","floor":16.0,"turns":7.0},{"damage":10,"enemies":"Spheric Guardian","floor":18,"turns":3},{"damage":0,"enemies":"Chosen","floor":20,"turns":3},{"damage":1,"enemies":"Centurion and Healer","floor":21,"turns":5},{"damage":5,"enemies":"Snake Plant","floor":24,"turns":2},{"damage":0,"enemies":"3 Cultists","floor":25,"turns":5},{"damage":4,"enemies":"Centurion and Healer","floor":30,"turns":5},{"damage":5,"enemies":"Gremlin Leader","floor":31,"turns":4},{"damage":22,"enemies":"Collector","floor":33,"turns":8},{"damage":15,"enemies":"3 Shapes","floor":35,"turns":6},{"damage":2,"enemies":"Orb Walker","floor":39,"turns":2},{"damage":2,"enemies":"Transient","floor":41,"turns":6},{"damage":0,"enemies":"3 Darklings","floor":47,"turns":4},{"damage":0,"enemies":"Giant Head","floor":48,"turns":3},{"damage":70,"enemies":"Awakened One","floor":50,"turns":14}],"seed_played":"6878082939542697184","potions_obtained":[{"floor":3.0,"key":"GhostInAJar"},{"floor":10.0,"key":"FearPotion"},{"floor":13.0,"key":"EssenceOfSteel"},{"floor":16.0,"key":"Energy Potion"},{"floor":21,"key":"Energy Potion"},{"floor":25,"key":"Energy Potion"},{"floor":39,"key":"SpeedPotion"},{"floor":41,"key":"GhostInAJar"}],"is_trial":false,"path_per_floor":["M","?","M","M","M","R","?","R","T","?","R","M","M","M","R","B",null,"?","M","M","?","R","M","M","T","$","R","$","M","E","R","B",null,"M","$","?","?","M","R","M","T","T","?","?","R","M","E","R","B"],"character_chosen":"THE_SILENT","items_purchased":["Catalyst","Whetstone","Poison Potion","Dodge and Roll"],"campfire_rested":1,"item_purchase_floors":[27,29,36,36],"current_hp_per_floor":[59,52,51,51,51,51,33,33,33,33,33,33,29,29,29,29,52,42,42,42,41,51,51,46,46,46,46,46,46,42,37,58,36,62,47,47,47,47,45,60,58,58,58,58,58,66,66,66,66,0],"gold":156,"neow_bonus":"TRANSFORM_TWO_CARDS","is_prod":false,"is_daily":false,"chose_seed":false,"campfire_upgraded":9,"win_rate":0,"timestamp":1545917156,"path_taken":["M","?","M","M","M","R","?","R","T","?","R","M","M","M","R","BOSS","M","?","M","M","?","R","M","M","T","?","R","$","M","E","R","BOSS","M","$","?","?","?","R","M","?","T","?","?","R","M","E","R","BOSS"],"build_version":"2018-12-25","purchased_purges":3,"victory":false,"max_hp_per_floor":[60,60,60,60,60,60,60,60,60,60,60,60,60,60,60,60,60,60,60,60,60,70,70,70,70,70,70,70,70,70,70,70,70,70,70,70,70,70,70,70,70,70,70,66,66,66,66,66,66,66],"card_choices":[{"not_picked":["Underhanded Strike","Deflect"],"picked":"Finisher","floor":1.0},{"not_picked":["Deflect","Blade Dance"],"picked":"Poisoned Stab","floor":3.0},{"not_picked":["Distraction","Riddle With Holes"],"picked":"Masterful Stab","floor":4.0},{"not_picked":["Sucker Punch","Calculated Gamble"],"picked":"Crippling Poison","floor":5.0},{"not_picked":["Calculated Gamble","Quick Slash"],"picked":"Caltrops","floor":10.0},{"not_picked":["Infinite Blades","Flying Knee"],"picked":"Deadly Poison","floor":12.0},{"not_picked":["Poisoned Stab","Bouncing Flask"],"picked":"Escape Plan","floor":13.0},{"not_picked":["Distraction","Blade Dance","Underhanded Strike"],"picked":"SKIP","floor":14.0},{"not_picked":["Storm of Steel","Venomology"],"picked":"Wraith Form v2","floor":16.0},{"not_picked":["Underhanded Strike","Bane"],"picked":"Quick Slash","floor":18},{"not_picked":["Accuracy","Crippling Poison"],"picked":"Dash","floor":20},{"not_picked":["Prepared","Flying Knee","Bane"],"picked":"SKIP","floor":21},{"not_picked":["Heel Hook","Bane","Tactician"],"picked":"SKIP","floor":24},{"not_picked":["Underhanded Strike","Blur"],"picked":"Sucker Punch+1","floor":25},{"not_picked":["Dagger Spray","Distraction"],"picked":"PiercingWail","floor":30},{"not_picked":["Outmaneuver","Blade Dance"],"picked":"Footwork","floor":31},{"not_picked":["Storm of Steel","Adrenaline"],"picked":"After Image","floor":33},{"not_picked":["Slice","Cloak And Dagger"],"picked":"Distraction+1","floor":35},{"not_picked":["Deflect","Flechettes","Prepared"],"picked":"SKIP","floor":39},{"not_picked":["Poisoned Stab","Cloak And Dagger","Prepared"],"picked":"SKIP","floor":41},{"not_picked":["Dagger Spray","Infinite Blades+1","Prepared"],"picked":"SKIP","floor":47},{"not_picked":["Unload","Dash"],"picked":"Wraith Form v2","floor":48}],"player_experience":868883,"relics_obtained":[{"floor":9.0,"key":"Letter Opener"},{"floor":10.0,"key":"Odd Mushroom"},{"floor":26,"key":"Orichalcum"},{"floor":31,"key":"Smiling Mask"},{"floor":42,"key":"Regal Pillow"},{"floor":43,"key":"Blood Vial"},{"floor":48,"key":"Ginger"}],"event_choices":[{"cards_removed":["Strike_G"],"damage_healed":0.0,"max_hp_gain":0.0,"max_hp_loss":0.0,"gold_gain":0.0,"event_name":"Golden Wing","player_choice":"Card Removal","floor":2.0,"gold_loss":0.0,"damage_taken":7.0},{"damage_healed":0.0,"max_hp_gain":0.0,"max_hp_loss":0.0,"gold_gain":0.0,"event_name":"Shining Light","player_choice":"Entered Light","floor":7.0,"gold_loss":0.0,"damage_taken":18.0,"cards_upgraded":["Crippling Poison","Underhanded Strike"]},{"damage_healed":0.0,"max_hp_gain":0.0,"max_hp_loss":0.0,"gold_gain":0.0,"event_name":"Mushrooms","player_choice":"Fought Mushrooms","floor":10.0,"gold_loss":0.0,"damage_taken":0.0},{"cards_removed":["Strike_G"],"damage_healed":0,"gold_gain":0,"player_choice":"Elegance","damage_taken":0,"max_hp_gain":0,"max_hp_loss":0,"event_name":"Back to Basics","floor":19,"gold_loss":0},{"damage_healed":0,"gold_gain":0,"player_choice":"Opened","damage_taken":0,"relics_obtained":["Pear"],"max_hp_gain":0,"max_hp_loss":0,"event_name":"The Mausoleum","floor":22,"gold_loss":0,"cards_obtained":["Writhe"]},{"damage_healed":0,"gold_gain":0,"player_choice":"Paid","damage_taken":0,"relics_obtained":["Red Mask"],"max_hp_gain":0,"max_hp_loss":0,"event_name":"Tomb of Lord Red Mask","floor":37,"gold_loss":2},{"damage_healed":0,"gold_gain":0,"player_choice":"Gave Potion","damage_taken":0,"relics_obtained":["Ancient Tea Set"],"max_hp_gain":0,"max_hp_loss":0,"event_name":"WeMeetAgain","floor":38,"gold_loss":0},{"damage_healed":0,"gold_gain":0,"player_choice":"Max HP","damage_taken":0,"max_hp_gain":0,"max_hp_loss":4,"event_name":"Winding Halls","floor":44,"gold_loss":0},{"cards_removed":["Poisoned Stab"],"damage_healed":0,"gold_gain":0,"player_choice":"Removed Attack","damage_taken":0,"max_hp_gain":0,"max_hp_loss":0,"event_name":"Falling","floor":45,"gold_loss":0}],"is_beta":true,"boss_relics":[{"not_picked":["Tiny House","Calling Bell"],"picked":"Cursed Key"},{"not_picked":["HoveringKite","WristBlade"],"picked":"Eternal Feather"}],"items_purged_floors":[27,29,36],"is_endless":false,"potions_floor_spawned":[3,10,13,14,16,20,21,24,25,39,41,48],"killed_by":"Awakened One","ascension_level":20}