{"gold_per_floor":[212,212,387,173,194,227,227,242,242,310,681,681,706,721,721,841,841,861,861,874,874,888,888,914,914,914,202,202,19,19,19,19,19],"floor_reached":33,"playtime":3388,"items_purged":["Doubt","Injury"],"score":404,"play_id":"a869edcb-d8ee-4046-a765-e9faf48979e9","local_time":"20190215120115","is_ascension_mode":true,"campfire_choices":[{"floor":7.0,"key":"REST"},{"floor":12.0,"key":"REST"},{"floor":15.0,"key":"REST"},{"floor":23,"key":"REST"},{"floor":28,"key":"REST"},{"floor":32,"key":"REST"}],"neow_cost":"NONE","seed_source_timestamp":86326571415921,"circlet_count":0,"master_deck":["Defend_G","Defend_G","Defend_G","Defend_G","Defend_G","Strike_G","Strike_G","Strike_G","Strike_G","Strike_G","Survivor","Neutralize","Flying Knee","Trip","Slice","Backflip","Footwork","Backstab","Footwork","Slice","Glass Knife","Prepared+1","Backstab","Backflip","Dagger Throw","Panache"],"special_seed":0,"relics":["Ring of the Snake","Bloody Idol","Regal Pillow","Bottled Lightning","Tiny Chest","Old Coin","Shuriken","Juzu Bracelet","Ninja Scroll","Paper Crane","Boot","ClockworkSouvenir","MutagenicStrength"],"potions_floor_usage":[16,16,22,24],"damage_taken":[{"damage":0.0,"enemies":"2 Louse","floor":1.0,"turns":4.0},{"damage":7.0,"enemies":"Small Slimes","floor":5.0,"turns":5.0},{"damage":27.0,"enemies":"3 Sentries","floor":6.0,"turns":11.0},{"damage":0.0,"enemies":"Cultist","floor":8.0,"turns":3.0},{"damage":15.0,"enemies":"Gremlin Nob","floor":10.0,"turns":4.0},{"damage":47.0,"enemies":"Lagavulin Event","floor":11.0,"turns":10.0},{"damage":11.0,"enemies":"Looter","floor":13.0,"turns":2.0},{"damage":4.0,"enemies":"Exordium Wildlife","floor":14.0,"turns":4.0},{"damage":51,"enemies":"Slime Boss","floor":16,"turns":14},{"damage":26,"enemies":"Shell Parasite","floor":18,"turns":6},{"damage":6,"enemies":"Chosen","floor":20,"turns":5},{"damage":19,"enemies":"Shelled Parasite and Fungi","floor":22,"turns":6},{"damage":64,"enemies":"Slavers","floor":24,"turns":14},{"damage":86,"enemies":"Automaton","floor":33,"turns":6}],"seed_played":"-404008777789376388","potions_obtained":[{"floor":10.0,"key":"SpeedPotion"},{"floor":11.0,"key":"Ancient Potion"},{"floor":14.0,"key":"Fire Potion"},{"floor":16,"key":"FearPotion"},{"floor":22,"key":"Weak Potion"}],"is_trial":false,"path_per_floor":["M","?","?","$","M","E","R","M","T","E","?","R","M","M","R","B",null,"M","?","M","?","M","R","E","T","T","$","R","$","$","?","R","B"],"character_chosen":"THE_SILENT","items_purchased":["Fire Potion","Trip","Paper Crane","Boot","ClockworkSouvenir","Panache"],"campfire_rested":6,"item_purchase_floors":[4,4,27,27,27,29],"current_hp_per_floor":[63,63,63,63,56,29,65,65,65,50,3,39,28,24,60,9,55,29,70,64,64,50,70,11,11,11,11,47,47,47,47,70,0],"gold":19,"neow_bonus":"HUNDRED_GOLD","is_prod":false,"is_daily":false,"chose_seed":false,"campfire_upgraded":0,"win_rate":0,"timestamp":1550228475,"path_taken":["M","?","?","$","M","E","R","M","T","E","?","R","M","M","R","BOSS","M","?","?","?","M","R","E","?","T","$","R","?","$","?","R","BOSS"],"build_version":"2019-01-23","purchased_purges":2,"victory":false,"max_hp_per_floor":[70,70,70,70,70,70,70,70,70,70,70,70,70,70,70,70,70,70,70,70,70,70,70,70,70,70,70,70,70,70,70,70,70],"card_choices":[{"not_picked":["Prepared","PiercingWail"],"picked":"Flying Knee","floor":1.0},{"not_picked":["Flechettes","Flying Knee"],"picked":"Slice","floor":5.0},{"not_picked":["Deadly Poison","Acrobatics"],"picked":"Backflip","floor":6.0},{"not_picked":["Expertise","Outmaneuver"],"picked":"Heel Hook","floor":8.0},{"not_picked":["Dagger Spray","Envenom"],"picked":"Footwork","floor":10.0},{"not_picked":["Underhanded Strike","Flying Knee"],"picked":"Backstab","floor":11.0},{"not_picked":["Underhanded Strike","Dagger Spray"],"picked":"Footwork","floor":13.0},{"not_picked":["Terror","Bane"],"picked":"Slice","floor":14.0},{"not_picked":["Tools of the Trade","Corpse Explosion"],"picked":"Glass Knife","floor":16},{"not_picked":["Skewer","Acrobatics"],"picked":"Prepared+1","floor":18},{"not_picked":["Quick Slash","PiercingWail+1"],"picked":"Backstab","floor":20},{"not_picked":["Footwork","Quick Slash"],"picked":"Backflip","floor":22},{"not_picked":["Underhanded Strike","Poisoned Stab"],"picked":"Dagger Throw","floor":24}],"player_experience":471700,"relics_obtained":[{"floor":6.0,"key":"Regal Pillow"},{"floor":9.0,"key":"Bottled Lightning"},{"floor":10.0,"key":"Tiny Chest"},{"floor":11.0,"key":"Old Coin"},{"floor":24,"key":"Shuriken"},{"floor":25,"key":"Juzu Bracelet"},{"floor":26,"key":"Ninja Scroll"}],"event_choices":[{"damage_healed":0.0,"max_hp_gain":0.0,"max_hp_loss":0.0,"gold_gain":0.0,"event_name":"Golden Idol","player_choice":"Take Wound","floor":2.0,"gold_loss":0.0,"damage_taken":0.0,"relics_obtained":["Golden Idol"],"cards_obtained":["Injury"]},{"damage_healed":0.0,"max_hp_gain":0.0,"max_hp_loss":0.0,"gold_gain":175.0,"event_name":"Liars Game","player_choice":"AGREE","floor":3.0,"gold_loss":0.0,"damage_taken":0.0,"cards_obtained":["Doubt"]},{"damage_healed":0.0,"max_hp_gain":0.0,"max_hp_loss":0.0,"gold_gain":30.0,"event_name":"Dead Adventurer","player_choice":"Searched \u00272\u0027 times","floor":11.0,"gold_loss":0.0,"damage_taken":0.0},{"cards_removed":["Heel Hook"],"damage_healed":41,"gold_gain":0,"player_choice":"Offered Uncommon","damage_taken":0,"max_hp_gain":0,"max_hp_loss":0,"event_name":"Bonfire Elementals","floor":19,"gold_loss":0},{"damage_healed":0,"gold_gain":0,"player_choice":"Gave Idol","damage_taken":0,"relics_obtained":["Bloody Idol"],"max_hp_gain":0,"max_hp_loss":0,"event_name":"Forgotten Altar","floor":21,"relics_lost":["Golden Idol"],"gold_loss":0},{"damage_healed":0,"gold_gain":0,"player_choice":"Inject Mutagens","damage_taken":0,"relics_obtained":["MutagenicStrength"],"max_hp_gain":0,"max_hp_loss":0,"event_name":"Drug Dealer","floor":31,"gold_loss":0}],"is_beta":false,"boss_relics":[{"not_picked":["Coffee Dripper","Pandora\u0027s Box","Fusion Hammer"]}],"items_purged_floors":[4,27],"is_endless":false,"potions_floor_spawned":[10,11,14,16,22],"killed_by":"Automaton","ascension_level":8}