{"path_per_floor":["M","$","?","?","M","R","M","$","T","M","?","?","R","E","R"],"character_chosen":"DEFECT","items_purchased":[],"gold_per_floor":[114,39,39,4,24,24,39,39,39,50,125,125,125,159,159,159],"floor_reached":16,"campfire_rested":2,"playtime":266,"item_purchase_floors":[],"current_hp_per_floor":[30,30,15,33,31,31,31,31,31,28,17,14,36,6,28,28],"items_purged":["Strike_B"],"gold":159,"score":108,"play_id":"61d3f896-3a0a-4600-b796-56d3e3e2673b","local_time":"20180621183816","is_prod":false,"is_daily":false,"chose_seed":false,"is_ascension_mode":true,"campfire_upgraded":1,"win_rate":0,"timestamp":1529620696,"campfire_choices":[{"data":"Dualcast","floor":6,"key":"SMITH"},{"floor":13,"key":"REST"},{"floor":15,"key":"REST"}],"path_taken":["M","$","?","?","?","R","M","$","T","?","?","?","R","E","R","BOSS"],"build_version":"2018-06-14v2","seed_source_timestamp":159530141393271,"purchased_purges":1,"victory":false,"master_deck":["Strike_B","Strike_B+1","Defend_B","Defend_B+1","Defend_B","Zap","Dualcast+1","Core Surge","Fusion","Sweeping Beam","Redo","Loop"],"max_hp_per_floor":[75,75,75,75,75,75,75,75,75,75,75,75,75,75,75,75],"relics":["Cracked Core","Cables","Ancient Tea Set","Orichalcum"],"card_choices":[{"not_picked":["Compile Driver","Turbo"],"picked":"Sweeping Beam","floor":1},{"not_picked":["Coolheaded","Steam"],"picked":"Redo","floor":5},{"not_picked":["Sunder","Hologram"],"picked":"Loop","floor":7},{"not_picked":["Force Field","Redo","Hologram"],"picked":"SKIP","floor":10},{"not_picked":["Glacier","Sweeping Beam","Hello World"],"picked":"SKIP","floor":14}],"player_experience":253929,"potions_floor_usage":[14],"damage_taken":[{"damage":8,"enemies":"2 Louse","floor":1,"turns":3},{"damage":2,"enemies":"Jaw Worm","floor":5,"turns":3},{"damage":0,"enemies":"Cultist","floor":7,"turns":2},{"damage":3,"enemies":"Looter","floor":10,"turns":2},{"damage":30,"enemies":"Gremlin Nob","floor":14,"turns":4},{"damage":0,"enemies":"The Guardian","floor":16,"turns":1}],"relics_obtained":[{"floor":9,"key":"Cables"},{"floor":14,"key":"Orichalcum"}],"event_choices":[{"event_name":"Shining Light","player_choice":"Entered Light","floor":3,"damage_taken":0},{"event_name":"The Cleric","player_choice":"Healed","floor":4,"damage_taken":0},{"event_name":"World of Goop","player_choice":"Gather Gold","floor":11,"damage_taken":0},{"event_name":"Scrap Ooze","player_choice":"success","floor":12,"damage_taken":3}],"boss_relics":[],"items_purged_floors":[2],"is_endless":false,"potions_floor_spawned":[7,10,14],"seed_played":"2787916145017374478","killed_by":"The Guardian","ascension_level":2,"potions_obtained":[{"floor":7,"key":"EntropicBrew"},{"floor":10,"key":"EntropicBrew"},{"floor":14,"key":"Block Potion"}],"is_trial":false}