{"path_per_floor":["M","$","?","?","M","E","M","M","T","T","M","R","M","?","R","B",null,"M","M","?","M","?","$","R","M","T","?","M","M","$","M","R","B",null,"M","M","$","?","M","R","$","R","T","R","?","M"],"character_chosen":"IRONCLAD","items_purchased":["Rampage","Vajra","Flex","Apotheosis","Regen Potion","Mind Blast","Second Wind","Pear","Immolate"],"gold_per_floor":[111,29,204,204,219,262,280,295,295,320,343,343,359,359,359,483,483,503,527,527,546,546,106,106,129,129,89,110,129,30,48,48,173,211,226,249,178,511,529,529,68,68,117,117,117,131],"floor_reached":47,"campfire_rested":3,"playtime":7072,"current_hp_per_floor":[74,74,74,74,79,54,60,65,65,65,61,61,67,60,80,57,80,46,11,11,13,13,13,44,33,33,33,36,44,44,56,56,49,61,36,58,58,58,22,55,65,65,65,65,65,29],"items_purged":["Corruption"],"gold":131,"score":430,"play_id":"f481cda3-1135-43f9-a8a1-0a2fe36c05ac","is_prod":false,"is_daily":false,"is_ascension_mode":false,"campfire_upgraded":4,"path_taken":["M","$","?","?","M","E","M","?","T","?","M","R","M","?","R","BOSS","M","M","?","M","?","$","R","?","T","?","M","M","$","?","R","BOSS","M","M","$","?","M","R","$","R","T","R","?","M","M"],"build_version":"2018-02-22-PROD2","purchased_purges":1,"victory":false,"master_deck":["Defend_R","Defend_R","Defend_R","Defend_R+1","Bash","Dropkick","Rampage","Pommel Strike+1","Whirlwind","Armaments+1","Barricade+1","Offering","Thunderclap+1","Intimidate+1","Iron Wave+1","Bite+1","Bite","Bite","Bite","Bite","Flex","Apotheosis+1","Reaper","Feel No Pain","Mind Blast+1","Flex+1","Double Tap","Flame Barrier+1","Heavy Blade","Second Wind","Immolate"],"max_hp_per_floor":[80,80,80,80,80,80,80,80,80,80,80,80,80,80,80,80,80,80,80,80,80,56,56,56,56,56,56,56,56,56,56,56,56,61,61,61,61,61,61,61,71,71,71,71,71,71],"relics":["Burning Blood","Pen Nib","Bottled Flame","Sundial","Regal Pillow","Velvet Choker","Vajra","Whetstone","Tiny House","Pear","Dream Catcher"],"card_choices":[{"not_picked":["Pommel Strike","Armaments"],"picked":"Dropkick"},{"not_picked":["Cleave","Sword Boomerang"],"picked":"Pommel Strike"},{"not_picked":["Havoc","Headbutt"],"picked":"Whirlwind"},{"not_picked":["Twin Strike","Sword Boomerang"],"picked":"Inflame"},{"not_picked":["Cleave","Body Slam"],"picked":"Armaments"},{"not_picked":["Burning Pact","Iron Wave"],"picked":"Barricade"},{"not_picked":["Bludgeon","Berserk"],"picked":"Offering"},{"not_picked":["Second Wind","Wild Strike"],"picked":"Thunderclap"},{"not_picked":["Sever Soul","Inflame"],"picked":"Intimidate"},{"not_picked":["Sword Boomerang","Intimidate"],"picked":"Iron Wave"},{"not_picked":["Blood for Blood","Iron Wave"],"picked":"Reaper"},{"not_picked":["Thunderclap","Twin Strike"],"picked":"Feel No Pain"},{"not_picked":["Spot Weakness","Combust"],"picked":"Flex"},{"not_picked":["Offering","Fiend Fire"],"picked":"Double Tap"},{"not_picked":["Perfected Strike","Sever Soul"],"picked":"Flame Barrier"},{"not_picked":["Wild Strike","Sword Boomerang"],"picked":"Corruption"},{"not_picked":["Pommel Strike","True Grit"],"picked":"Heavy Blade"}],"player_experience":52491,"potions_floor_usage":[6,11,16,16,16,25,25,28,28,28,33,36,39],"damage_taken":[{"damage":12,"enemies":"Small Slimes","floor":1,"turns":4},{"damage":1,"enemies":"Cultist","floor":5,"turns":4},{"damage":31,"enemies":"3 Sentries","floor":6,"turns":8},{"damage":0,"enemies":"2 Louse","floor":7,"turns":3},{"damage":1,"enemies":"Exordium Wildlife","floor":8,"turns":3},{"damage":10,"enemies":"Looter","floor":11,"turns":3},{"damage":0,"enemies":"Lots of Slimes","floor":13,"turns":1},{"damage":29,"enemies":"The Guardian","floor":16,"turns":12},{"damage":40,"enemies":"2 Thieves","floor":18,"turns":4},{"damage":41,"enemies":"Shell Parasite","floor":19,"turns":8},{"damage":4,"enemies":"3 Cultists","floor":21,"turns":3},{"damage":31,"enemies":"Chosen and Byrds","floor":25,"turns":6},{"damage":14,"enemies":"Sentry and Sphere","floor":28,"turns":3},{"damage":36,"enemies":"Centurion and Healer","floor":29,"turns":4},{"damage":1,"enemies":"Snecko","floor":31,"turns":4},{"damage":70,"enemies":"Collector","floor":33,"turns":14},{"damage":31,"enemies":"3 Shapes","floor":35,"turns":2},{"damage":4,"enemies":"3 Darklings","floor":36,"turns":3},{"damage":48,"enemies":"4 Shapes","floor":39,"turns":3},{"damage":56,"enemies":"Sphere and 2 Shapes","floor":46,"turns":8},{"damage":46,"enemies":"Maw","floor":47,"turns":4}],"event_choices":[{"event_name":"Liars Game","player_choice":"agreed","floor":3,"damage_taken":0},{"event_name":"Golden Idol","player_choice":"Take Wound","floor":4,"damage_taken":0},{"event_name":"Golden Wing","player_choice":"Card Removal","floor":14,"damage_taken":0},{"event_name":"Purifier","player_choice":"One Purge","floor":20,"damage_taken":0},{"event_name":"Vampires","player_choice":"Became a vampire","floor":22,"damage_taken":0},{"event_name":"The Woman in Blue","player_choice":"Bought 3 Potions","floor":27,"damage_taken":0},{"event_name":"The Moai Head","player_choice":"Gave Idol","floor":38,"damage_taken":0}],"boss_relics":[{"not_picked":["Black Blood","Astrolabe"],"picked":"Velvet Choker"},{"not_picked":["Calling Bell","Snecko Eye"],"picked":"Tiny House"}],"potions_floor_spawned":[5,7,8,11,13,19,25,29,35],"seed_played":"-5608097104161721498","killed_by":"Maw","ascension_level":0,"is_trial":false}