{"gold_per_floor":[113,113,133,145,145,145,70,89,114,160,186,231,259,299,311,428,440,468,495,507,536,548,589,601,613,625,637,36,71,71,81,81,180,180,197,197,297,297,314,343,69,69,142,177,177,205,205,215,215,215],"floor_reached":51,"playtime":3126,"items_purged":["Regret","Undo","Strike_B"],"score":1354,"play_id":"ac01fe36-996f-445d-8a63-d6d785aba3cd","local_time":"20190122115804","is_ascension_mode":true,"campfire_choices":[{"data":"Zap","floor":6.0,"key":"SMITH"},{"data":"Sunder","floor":15.0,"key":"SMITH"},{"data":"Glacier","floor":24.0,"key":"SMITH"},{"data":"Force Field","floor":32.0,"key":"SMITH"},{"data":"Electrodynamics","floor":42,"key":"SMITH"},{"data":"Meteor Strike","floor":49,"key":"SMITH"}],"neow_cost":"NONE","seed_source_timestamp":81677733943053,"circlet_count":0,"master_deck":["Defend_B","Defend_B","Defend_B","Defend_B","Zap+1","Dualcast","Cold Snap","Hologram","Sunder+1","Glacier+1","Sweeping Beam","Electrodynamics+1","Coolheaded+1","Force Field+1","Reinforced Body+1","Meteor Strike+1","Meteor Strike","Capacitor+1","Hyperbeam","Hologram+1","Rip and Tear","Parasite"],"special_seed":0,"relics":["Cracked Core","Ancient Tea Set","PreservedInsect","MawBank","Lantern","Art of War","Strawberry","Snecko Eye","Boot","Mercury Hourglass","Nilry\u0027s Codex","ClockworkSouvenir","Incense Burner","Red Mask","Empty Cage","Torii","Happy Flower","Bag of Preparation","Letter Opener","Pear","Emotion Chip"],"potions_floor_usage":[46],"damage_taken":[{"damage":0.0,"enemies":"2 Louse","floor":1.0,"turns":1.0},{"damage":0.0,"enemies":"Small Slimes","floor":3.0,"turns":2.0},{"damage":6.0,"enemies":"Cultist","floor":4.0,"turns":3.0},{"damage":1.0,"enemies":"Gremlin Gang","floor":8.0,"turns":4.0},{"damage":3.0,"enemies":"Gremlin Nob","floor":10.0,"turns":3.0},{"damage":7.0,"enemies":"3 Louse","floor":11.0,"turns":2.0},{"damage":0.0,"enemies":"3 Sentries","floor":12.0,"turns":6.0},{"damage":0.0,"enemies":"Lots of Slimes","floor":13.0,"turns":3.0},{"damage":0.0,"enemies":"Lagavulin","floor":14.0,"turns":6.0},{"damage":1.0,"enemies":"The Guardian","floor":16.0,"turns":14.0},{"damage":5.0,"enemies":"2 Thieves","floor":18.0,"turns":3.0},{"damage":5.0,"enemies":"Shell Parasite","floor":19.0,"turns":3.0},{"damage":2.0,"enemies":"Centurion and Healer","floor":21.0,"turns":5.0},{"damage":2.0,"enemies":"Slavers","floor":23.0,"turns":2.0},{"damage":0.0,"enemies":"Masked Bandits","floor":29.0,"turns":2.0},{"damage":0.0,"enemies":"Chosen and Byrds","floor":31.0,"turns":4.0},{"damage":0.0,"enemies":"Automaton","floor":33.0,"turns":8.0},{"damage":4.0,"enemies":"Orb Walker","floor":35.0,"turns":3.0},{"damage":0.0,"enemies":"Mind Bloom Boss Battle","floor":37.0,"turns":4.0},{"damage":0,"enemies":"3 Darklings","floor":39,"turns":2},{"damage":0,"enemies":"Giant Head","floor":40,"turns":6},{"damage":0,"enemies":"Reptomancer","floor":44,"turns":4},{"damage":0,"enemies":"Nemesis","floor":46,"turns":4},{"damage":0,"enemies":"Writhing Mass","floor":48,"turns":3},{"damage":15,"enemies":"Time Eater","floor":50,"turns":10}],"seed_played":"3845896053810039927","potions_obtained":[{"floor":1.0,"key":"GamblersBrew"},{"floor":5.0,"key":"PowerPotion"},{"floor":5.0,"key":"Strength Potion"},{"floor":8.0,"key":"PowerPotion"},{"floor":11.0,"key":"EntropicBrew"},{"floor":14.0,"key":"Energy Potion"},{"floor":23.0,"key":"SpeedPotion"},{"floor":37.0,"key":"SkillPotion"},{"floor":39,"key":"Energy Potion"},{"floor":44,"key":"Swift Potion"},{"floor":48,"key":"EntropicBrew"}],"is_trial":false,"path_per_floor":["M","?","M","M","?","R","$","M","T","E","M","E","M","E","R","B",null,"M","M","?","M","$","E","R","?","T","?","$","?","?","M","R","B",null,"M","?","?","?","M","E","$","R","T","E","?","E","?","M","R","B",null],"character_chosen":"DEFECT","items_purchased":["ClockworkSouvenir","Incense Burner","Bag of Preparation"],"campfire_rested":0,"item_purchase_floors":[28,28,41],"current_hp_per_floor":[68,68,68,62,62,62,62,61,61,58,51,51,51,58,58,57,76,71,66,66,64,64,62,62,46,46,30,30,30,30,30,30,30,73,69,59,59,59,59,59,59,59,59,69,69,69,69,69,69,54],"gold":215,"neow_bonus":"RANDOM_COMMON_RELIC","is_prod":false,"is_daily":false,"chose_seed":false,"campfire_upgraded":6,"win_rate":0,"timestamp":1548179884,"path_taken":["M","?","M","M","?","R","$","?","T","E","?","E","M","E","R","BOSS","M","M","?","?","$","E","R","?","T","?","$","?","?","M","R","BOSS","M","?","?","?","?","E","?","R","T","E","?","E","?","M","R","BOSS"],"build_version":"2019-01-17v2","purchased_purges":3,"victory":true,"max_hp_per_floor":[75,75,75,75,75,75,75,75,75,75,75,75,75,82,82,82,82,82,82,82,82,82,82,82,87,87,87,87,87,87,87,87,87,87,87,87,87,87,87,87,87,87,87,97,97,97,97,97,97,97],"card_choices":[{"not_picked":["Leap","Self Repair"],"picked":"Undo","floor":1.0},{"not_picked":["Redo","Skim"],"picked":"Cold Snap","floor":3.0},{"not_picked":["Lockon","Steam"],"picked":"Hologram","floor":4.0},{"not_picked":["Scrape","FTL"],"picked":"Sunder","floor":8.0},{"not_picked":["Recycle","Turbo"],"picked":"Glacier","floor":10.0},{"not_picked":["Hologram","Redo"],"picked":"Undo","floor":11.0},{"not_picked":["Fission","Turbo"],"picked":"Sweeping Beam","floor":12.0},{"not_picked":["Barrage","Compile Driver","Darkness"],"picked":"SKIP","floor":13.0},{"not_picked":["Double Energy","Redo","Steam Power"],"picked":"SKIP","floor":14.0},{"not_picked":["Rainbow","Machine Learning"],"picked":"Electrodynamics","floor":16.0},{"not_picked":["Streamline+1","Doom and Gloom"],"picked":"Coolheaded+1","floor":18.0},{"not_picked":["Doom and Gloom+1","Hologram","Rebound+1"],"picked":"SKIP","floor":19.0},{"not_picked":["Leap","Chaos","Aggregate+1"],"picked":"SKIP","floor":21.0},{"not_picked":["Doom and Gloom","Skim"],"picked":"Force Field","floor":23.0},{"not_picked":["Self Repair","Cold Snap+1"],"picked":"Reinforced Body+1","floor":29.0},{"not_picked":["Darkness+1","Beam Cell","Streamline"],"picked":"SKIP","floor":31.0},{"not_picked":["Electrodynamics","Thunder Strike"],"picked":"Meteor Strike","floor":33.0},{"not_picked":["Go for the Eyes","Ball Lightning","Redo"],"picked":"SKIP","floor":35.0},{"not_picked":["Compile Driver+1","Redo","Genetic Algorithm"],"picked":"SKIP","floor":39},{"not_picked":["Steam+1","Auto Shields+1"],"picked":"Capacitor+1","floor":40},{"not_picked":["Conserve Battery+1","Doom and Gloom"],"picked":"Hyperbeam","floor":44},{"not_picked":["BootSequence","Capacitor"],"picked":"Hologram+1","floor":46},{"not_picked":["Cold Snap+1","Gash","Sweeping Beam+1"],"picked":"SKIP","floor":48}],"player_experience":241474,"relics_obtained":[{"floor":9.0,"key":"MawBank"},{"floor":10.0,"key":"Lantern"},{"floor":12.0,"key":"Art of War"},{"floor":14.0,"key":"Strawberry"},{"floor":23.0,"key":"Boot"},{"floor":26.0,"key":"Mercury Hourglass"},{"floor":27.0,"key":"Nilry\u0027s Codex"},{"floor":29.0,"key":"Red Mask"},{"floor":37.0,"key":"Torii"},{"floor":40,"key":"Happy Flower"},{"floor":43,"key":"Letter Opener"},{"floor":44,"key":"Pear"},{"floor":46,"key":"Emotion Chip"}],"event_choices":[{"damage_healed":0.0,"max_hp_gain":0.0,"max_hp_loss":0.0,"gold_gain":0.0,"event_name":"Big Fish","player_choice":"Box","floor":2.0,"gold_loss":0.0,"damage_taken":0.0,"relics_obtained":["PreservedInsect"],"cards_obtained":["Regret"]},{"damage_healed":0.0,"max_hp_gain":0.0,"max_hp_loss":0.0,"gold_gain":0.0,"event_name":"Lab","player_choice":"Got Potions","floor":5.0,"gold_loss":0.0,"damage_taken":0.0},{"cards_removed":["Strike_B"],"damage_healed":0.0,"max_hp_gain":0.0,"max_hp_loss":0.0,"gold_gain":0.0,"event_name":"Bonfire Elementals","player_choice":"Offered Basic","floor":20.0,"gold_loss":0.0,"damage_taken":0.0},{"damage_healed":0.0,"max_hp_gain":5.0,"max_hp_loss":0.0,"gold_gain":0.0,"event_name":"Forgotten Altar","player_choice":"Shed Blood","floor":25.0,"gold_loss":0.0,"damage_taken":21.0},{"damage_healed":0.0,"max_hp_gain":0.0,"max_hp_loss":0.0,"gold_gain":0.0,"event_name":"Cursed Tome","player_choice":"Obtained Book","floor":27.0,"gold_loss":0.0,"damage_taken":16.0},{"damage_healed":0.0,"max_hp_gain":0.0,"max_hp_loss":0.0,"gold_gain":0.0,"event_name":"Masked Bandits","player_choice":"Fought Bandits","floor":29.0,"gold_loss":0.0,"damage_taken":0.0},{"damage_healed":0.0,"max_hp_gain":0.0,"max_hp_loss":0.0,"gold_gain":0.0,"event_name":"Ghosts","player_choice":"Ignored","floor":30.0,"gold_loss":0.0,"damage_taken":0.0},{"damage_healed":0.0,"max_hp_gain":0.0,"max_hp_loss":0.0,"gold_gain":0.0,"event_name":"SensoryStone","player_choice":"Memory 3","floor":36.0,"gold_loss":0.0,"damage_taken":10.0},{"damage_healed":0.0,"max_hp_gain":0.0,"max_hp_loss":0.0,"gold_gain":0.0,"event_name":"MindBloom","player_choice":"Fight","floor":37.0,"gold_loss":0.0,"damage_taken":0.0},{"damage_healed":0.0,"max_hp_gain":0.0,"max_hp_loss":0.0,"gold_gain":0.0,"event_name":"Duplicator","player_choice":"Copied","floor":38.0,"gold_loss":0.0,"damage_taken":0.0,"cards_obtained":["Meteor Strike"]},{"damage_healed":0,"gold_gain":0,"player_choice":"Ignored","damage_taken":0,"max_hp_gain":0,"max_hp_loss":0,"event_name":"Tomb of Lord Red Mask","floor":45,"gold_loss":0},{"damage_healed":0,"gold_gain":0,"cards_transformed":["Strike_B"],"player_choice":"Transformed","damage_taken":0,"max_hp_gain":0,"max_hp_loss":0,"event_name":"Transmorgrifier","floor":47,"gold_loss":0,"cards_obtained":["Rip and Tear"]}],"is_beta":false,"boss_relics":[{"not_picked":["Sozu","Busted Crown"],"picked":"Snecko Eye"},{"not_picked":["White Beast Statue","Cursed Key"],"picked":"Empty Cage"}],"items_purged_floors":[7,28,41],"is_endless":false,"potions_floor_spawned":[1,8,11,14,19,23,37,39,44,48],"ascension_level":8}