{"gold_per_floor":[10,10,10,27,37,66,66,66,91,105,121,121,121,136,136,241,241,254,254,265,265,278,278,293,293,293,326,89,109,109,71,71,176,176,189,189,189,207,36,36,48,60,60,60,75,92,192,206,206,206],"floor_reached":50,"playtime":3034,"items_purged":["Shame"],"score":466,"play_id":"9a72c363-0031-46eb-964a-78976775603d","local_time":"20190103035857","is_ascension_mode":false,"campfire_choices":[{"data":"Infernal Blade","floor":7,"key":"SMITH"},{"floor":8,"key":"RECALL"},{"floor":12,"key":"REST"},{"data":"Rage","floor":15,"key":"SMITH"},{"data":"Cleave","floor":23,"key":"SMITH"},{"floor":25,"key":"REST"},{"floor":32,"key":"REST"},{"data":"Apotheosis","floor":40,"key":"SMITH"},{"floor":44,"key":"REST"},{"floor":49,"key":"REST"}],"neow_cost":"NO_GOLD","seed_source_timestamp":548838279144814,"circlet_count":0,"master_deck":["Strike_R","Strike_R","Strike_R","Strike_R","Defend_R+1","Defend_R","Defend_R+1","Defend_R","Bash","Cleave+1","Uppercut","Infernal Blade+1","Anger","Burning Pact","Rage+1","Immolate","Pommel Strike+1","Pummel","Disarm","Battle Trance","Inflame+1","Limit Break","Madness","Iron Wave","Shrug It Off+1","Apotheosis+1","Flame Barrier","Shrug It Off+1","Bludgeon"],"relics":["Burning Blood","WingedGreaves","Red Skull","Art of War","Lizard Tail","Shuriken","Bottled Flame","Membership Card","Mummified Hand","Mark of Pain"],"potions_floor_usage":[4,6,18,33,35,38,46],"damage_taken":[{"damage":13,"enemies":"Cultist","floor":1,"turns":5},{"damage":5,"enemies":"2 Louse","floor":4,"turns":2},{"damage":0,"enemies":"Jaw Worm","floor":5,"turns":3},{"damage":15,"enemies":"Gremlin Nob","floor":6,"turns":4},{"damage":12,"enemies":"Looter","floor":10,"turns":3},{"damage":7,"enemies":"Blue Slaver","floor":11,"turns":3},{"damage":8,"enemies":"Lots of Slimes","floor":14,"turns":3},{"damage":41,"enemies":"Hexaghost","floor":16,"turns":9},{"damage":7,"enemies":"3 Byrds","floor":18,"turns":5},{"damage":0,"enemies":"Chosen","floor":20,"turns":3},{"damage":31,"enemies":"Snake Plant","floor":22,"turns":4},{"damage":25,"enemies":"Chosen and Byrds","floor":24,"turns":5},{"damage":43,"enemies":"Slavers","floor":27,"turns":5},{"damage":7,"enemies":"Snecko","floor":29,"turns":3},{"damage":72,"enemies":"Automaton","floor":33,"turns":8},{"damage":13,"enemies":"3 Darklings","floor":35,"turns":3},{"damage":0,"enemies":"Orb Walker","floor":38,"turns":3},{"damage":22,"enemies":"Jaw Worm Horde","floor":41,"turns":5},{"damage":8,"enemies":"Transient","floor":42,"turns":5},{"damage":32,"enemies":"Maw","floor":45,"turns":7},{"damage":24,"enemies":"Jaw Worm Horde","floor":46,"turns":4},{"damage":36,"enemies":"4 Shapes","floor":48,"turns":6},{"damage":63,"enemies":"Time Eater","floor":50,"turns":7}],"seed_played":"7263061622378138215","potions_obtained":[{"floor":1,"key":"PowerPotion"},{"floor":5,"key":"Fire Potion"},{"floor":16,"key":"AttackPotion"},{"floor":29,"key":"Fire Potion"},{"floor":33,"key":"Fire Potion"},{"floor":35,"key":"AttackPotion"},{"floor":45,"key":"BloodPotion"}],"is_trial":false,"path_per_floor":["M","?","?","M","M","E","R","R","T","M","M","R","$","M","R","B",null,"M","$","M","?","M","R","M","R","T","E","$","M","?","$","R","B",null,"M","?","?","M","$","R","M","M","T","R","M","M","?","M","R","B"],"character_chosen":"IRONCLAD","items_purchased":["Membership Card","Battle Trance","Apotheosis","Flame Barrier","FairyPotion"],"campfire_rested":5,"item_purchase_floors":[28,28,39,39,39],"current_hp_per_floor":[73,57,57,58,64,55,55,55,55,49,48,72,72,70,70,35,80,79,79,80,80,55,55,36,60,60,23,23,22,22,22,46,46,80,73,63,63,69,69,69,53,51,51,75,49,39,39,9,33,0],"gold":206,"neow_bonus":"ONE_RARE_RELIC","is_prod":false,"is_daily":false,"chose_seed":false,"campfire_upgraded":4,"win_rate":0,"timestamp":1546500537,"path_taken":["M","?","?","?","M","E","R","R","T","M","M","R","$","M","R","BOSS","M","$","M","?","?","R","M","R","T","E","$","M","?","$","R","BOSS","M","?","?","M","$","R","M","M","T","R","M","?","?","?","R","BOSS"],"build_version":"2019-01-01v2","purchased_purges":1,"victory":false,"max_hp_per_floor":[80,80,80,80,80,80,80,80,80,80,80,80,80,80,80,80,80,80,80,80,80,80,80,80,80,80,80,80,80,80,80,80,80,80,80,80,80,80,80,80,80,80,80,80,80,80,80,80,80,80],"card_choices":[{"not_picked":["Searing Blow","Sword Boomerang","Blood for Blood"],"picked":"SKIP","floor":1},{"not_picked":["Clash","Sword Boomerang"],"picked":"Cleave","floor":4},{"not_picked":["Armaments","Twin Strike"],"picked":"Uppercut","floor":5},{"not_picked":["Entrench","Combust"],"picked":"Infernal Blade","floor":6},{"not_picked":["Perfected Strike","Fire Breathing"],"picked":"Anger","floor":10},{"not_picked":["Wild Strike","Combust"],"picked":"Burning Pact","floor":11},{"not_picked":["Uppercut","Sword Boomerang"],"picked":"Rage","floor":14},{"not_picked":["Feed","Fiend Fire"],"picked":"Immolate","floor":16},{"not_picked":["Heavy Blade","Twin Strike"],"picked":"Pommel Strike+1","floor":18},{"not_picked":["Havoc","Clash"],"picked":"Pummel","floor":20},{"not_picked":["Thunderclap","Armaments","Searing Blow+1"],"picked":"SKIP","floor":22},{"not_picked":["Pommel Strike+1","Pummel"],"picked":"Disarm","floor":24},{"not_picked":["Sword Boomerang","Bludgeon","Spot Weakness"],"picked":"SKIP","floor":27},{"not_picked":["Shrug It Off","Warcry+1"],"picked":"Inflame+1","floor":29},{"not_picked":["Demon Form","Immolate"],"picked":"Limit Break","floor":33},{"not_picked":["Iron Wave","Wild Strike","Shrug It Off"],"picked":"SKIP","floor":35},{"not_picked":["Clash","Havoc+1"],"picked":"Shrug It Off+1","floor":38},{"not_picked":["Seeing Red","Twin Strike+1","Wild Strike+1"],"picked":"SKIP","floor":41},{"not_picked":["Iron Wave","Spot Weakness"],"picked":"Shrug It Off+1","floor":42},{"not_picked":["Sword Boomerang","Carnage+1","Fire Breathing+1"],"picked":"SKIP","floor":45},{"not_picked":["Iron Wave","Wild Strike+1"],"picked":"Bludgeon","floor":46},{"not_picked":["Warcry+1","Clash+1","Havoc"],"picked":"SKIP","floor":48}],"player_experience":571632,"relics_obtained":[{"floor":6,"key":"Red Skull"},{"floor":9,"key":"Art of War"},{"floor":26,"key":"Shuriken"},{"floor":27,"key":"Bottled Flame"}],"event_choices":[{"damage_healed":0,"gold_gain":0,"player_choice":"Entered Light","damage_taken":16,"max_hp_gain":0,"max_hp_loss":0,"event_name":"Shining Light","floor":2,"gold_loss":0,"cards_upgraded":["Defend_R","Defend_R"]},{"cards_removed":["Strike_R"],"damage_healed":0,"gold_gain":0,"player_choice":"Offered Basic","damage_taken":0,"max_hp_gain":0,"max_hp_loss":0,"event_name":"Bonfire Elementals","floor":3,"gold_loss":0},{"damage_healed":0,"gold_gain":0,"player_choice":"Ignored","damage_taken":0,"max_hp_gain":0,"max_hp_loss":0,"event_name":"N\u0027loth","floor":21,"gold_loss":0},{"damage_healed":0,"gold_gain":0,"player_choice":"Stole Relic","damage_taken":0,"relics_obtained":["Mummified Hand"],"max_hp_gain":0,"max_hp_loss":0,"event_name":"Addict","floor":30,"gold_loss":0,"cards_obtained":["Shame"]},{"damage_healed":0,"gold_gain":0,"player_choice":"Embrace Madness","damage_taken":10,"max_hp_gain":0,"max_hp_loss":0,"event_name":"Winding Halls","floor":36,"gold_loss":0,"cards_obtained":["Madness","Madness"]},{"cards_removed":["Madness"],"damage_healed":0,"gold_gain":0,"player_choice":"Took Card","damage_taken":0,"max_hp_gain":0,"max_hp_loss":0,"event_name":"NoteForYourself","floor":37,"gold_loss":0,"cards_obtained":["Iron Wave"]},{"damage_healed":0,"gold_gain":100,"player_choice":"Pray","damage_taken":0,"max_hp_gain":0,"max_hp_loss":0,"event_name":"Golden Shrine","floor":47,"gold_loss":0}],"is_beta":true,"boss_relics":[{"not_picked":["Pandora\u0027s Box","Tiny House"],"picked":"Lizard Tail"},{"not_picked":["Runic Dome","Velvet Choker"],"picked":"Mark of Pain"}],"items_purged_floors":[31],"is_endless":false,"potions_floor_spawned":[1,5,16,29,33,35,45],"killed_by":"Time Eater","ascension_level":0}