{"gold_per_floor":[113,128,53,68,82,114,114,148,148,148,48,58,58,83,83,187,187,207,207,60,60,79,109,34,63,90,90,102,113,132,151,151,250,250,260,260,271,286,296,328,203,203,203,203,218,218,218,245,245,245,245,245,19,45,45],"floor_reached":56,"playtime":3460,"items_purged":["Defend_G","Strike_G","Survivor","Quick Slash"],"score":1342,"play_id":"d8f96da9-48f4-4eb8-8621-cfb30ccd5a26","local_time":"20190224194623","is_ascension_mode":false,"campfire_choices":[{"data":"Neutralize","floor":7,"key":"SMITH"},{"data":"Cloak And Dagger","floor":10,"key":"SMITH"},{"data":"Blade Dance","floor":13,"key":"SMITH"},{"data":"Backflip","floor":15,"key":"SMITH"},{"data":"Die Die Die","floor":27,"key":"SMITH"},{"data":"Acrobatics","floor":32,"key":"SMITH"},{"floor":42,"key":"RECALL"},{"floor":47,"key":"REST"},{"floor":49,"key":"REST"},{"floor":52,"key":"REST"}],"neow_cost":"NONE","seed_source_timestamp":0,"circlet_count":0,"master_deck":["Defend_G+1","Defend_G+1","Defend_G+1","Defend_G+1","Strike_G+1","Neutralize+1","Blade Dance+1","Finisher","Cloak And Dagger+1","Backflip+1","Acrobatics+1","Acrobatics","Die Die Die+1","Footwork+1","Malaise+1","Calculated Gamble+1","Backflip+1","Escape Plan+1","Burst+1","Terror+1","Expertise","Accuracy+1","Madness","Madness","Footwork","Caltrops+1"],"relics":["Sozu","Shuriken","Tingsha","Matryoshka","Astrolabe","Happy Flower","Bag of Preparation","Sundial","Regal Pillow","Centennial Puzzle","Fusion Hammer","Orichalcum","Ancient Tea Set","Gremlin Horn","Tough Bandages","Pen Nib"],"potions_floor_usage":[],"damage_taken":[{"damage":0,"enemies":"Cultist","floor":1,"turns":5},{"damage":0,"enemies":"Jaw Worm","floor":2,"turns":3},{"damage":0,"enemies":"2 Louse","floor":4,"turns":2},{"damage":0,"enemies":"Looter","floor":5,"turns":3},{"damage":36,"enemies":"Lagavulin","floor":6,"turns":6},{"damage":4,"enemies":"3 Sentries","floor":8,"turns":6},{"damage":3,"enemies":"Exordium Wildlife","floor":12,"turns":3},{"damage":0,"enemies":"Lagavulin","floor":14,"turns":5},{"damage":8,"enemies":"Hexaghost","floor":16,"turns":6},{"damage":0,"enemies":"3 Byrds","floor":18,"turns":4},{"damage":0,"enemies":"2 Thieves","floor":22,"turns":2},{"damage":0,"enemies":"Gremlin Leader","floor":23,"turns":6},{"damage":10,"enemies":"Slavers","floor":25,"turns":4},{"damage":0,"enemies":"Sentry and Sphere","floor":28,"turns":3},{"damage":0,"enemies":"3 Cultists","floor":29,"turns":4},{"damage":0,"enemies":"Centurion and Healer","floor":30,"turns":2},{"damage":0,"enemies":"Snecko","floor":31,"turns":4},{"damage":9,"enemies":"Automaton","floor":33,"turns":9},{"damage":0,"enemies":"3 Shapes","floor":35,"turns":3},{"damage":0,"enemies":"3 Darklings","floor":37,"turns":4},{"damage":0,"enemies":"Sphere and 2 Shapes","floor":38,"turns":3},{"damage":0,"enemies":"Transient","floor":39,"turns":5},{"damage":1,"enemies":"Reptomancer","floor":40,"turns":2},{"damage":1,"enemies":"Jaw Worm Horde","floor":45,"turns":2},{"damage":3,"enemies":"Nemesis","floor":48,"turns":5},{"damage":0,"enemies":"Time Eater","floor":50,"turns":6},{"damage":14,"enemies":"Shield and Spear","floor":54,"turns":7},{"damage":23,"enemies":"The Heart","floor":55,"turns":6}],"seed_played":"627265186175293971","potions_obtained":[],"is_trial":false,"path_per_floor":["M","M","$","M","M","E","R","E","T","R","$","M","R","E","R","B",null,"M","?","$","?","M","E","?","E","T","R","M","M","M","M","R","B",null,"M","?","M","M","M","E","$","R","T","?","M","?","R","E","R","B",null,"R","$","E","B",null],"character_chosen":"THE_SILENT","items_purchased":["Happy Flower","Footwork"],"campfire_rested":3,"item_purchase_floors":[20,53],"current_hp_per_floor":[70,70,70,70,70,34,34,30,30,30,30,27,27,27,27,19,70,70,70,70,70,70,70,70,60,60,60,60,60,60,60,60,51,70,70,70,70,70,70,69,69,69,69,69,68,59,70,67,70,70,70,70,70,56,33],"gold":45,"neow_bonus":"BOSS_RELIC","is_prod":false,"is_daily":false,"chose_seed":true,"campfire_upgraded":6,"win_rate":0,"timestamp":1551005183,"path_taken":["M","?","$","?","M","E","R","E","T","R","?","M","R","E","R","BOSS","M","?","$","?","M","E","?","E","T","R","M","?","M","M","R","BOSS","M","?","M","M","?","E","?","R","T","?","?","?","R","E","R","BOSS","R","$","E","BOSS"],"build_version":"2019-01-23","purchased_purges":4,"victory":true,"max_hp_per_floor":[70,70,70,70,70,70,70,70,70,70,70,70,70,70,70,70,70,70,70,70,70,70,70,70,70,70,70,70,70,70,70,70,70,70,70,70,70,70,70,70,70,70,70,70,70,70,70,70,70,70,70,70,70,70,70],"card_choices":[{"not_picked":["Outmaneuver","Expertise"],"picked":"Quick Slash","floor":1},{"not_picked":["Masterful Stab","Deflect"],"picked":"Blade Dance","floor":2},{"not_picked":["Sucker Punch","Prepared"],"picked":"Finisher","floor":4},{"not_picked":["Tactician","Blade Dance"],"picked":"Cloak And Dagger","floor":5},{"not_picked":["Heel Hook","Blade Dance","PiercingWail"],"picked":"SKIP","floor":6},{"not_picked":["Distraction","Dodge and Roll"],"picked":"Backflip","floor":8},{"not_picked":["Noxious Fumes","Masterful Stab"],"picked":"Acrobatics","floor":12},{"not_picked":["Dagger Throw","Phantasmal Killer"],"picked":"Acrobatics","floor":14},{"not_picked":["Venomology","Doppelganger"],"picked":"Die Die Die","floor":16},{"not_picked":["Dodge and Roll","Quick Slash"],"picked":"Calculated Gamble+1","floor":18},{"not_picked":["Sucker Punch","Quick Slash","Deadly Poison"],"picked":"SKIP","floor":22},{"not_picked":["Sucker Punch+1","Skewer+1","Dagger Throw"],"picked":"SKIP","floor":23},{"not_picked":["Bullet Time","Caltrops+1","Cloak And Dagger"],"picked":"SKIP","floor":25},{"not_picked":["Flying Knee","Deadly Poison"],"picked":"Backflip+1","floor":28},{"not_picked":["Dash+1","Dodge and Roll","Bouncing Flask"],"picked":"SKIP","floor":29},{"not_picked":["Glass Knife","Acrobatics"],"picked":"Escape Plan+1","floor":30},{"not_picked":["Dodge and Roll","Underhanded Strike+1","Slice"],"picked":"SKIP","floor":31},{"not_picked":["Storm of Steel","Glass Knife"],"picked":"Burst","floor":33},{"not_picked":["Underhanded Strike","Blade Dance+1"],"picked":"Terror+1","floor":35},{"not_picked":["Sucker Punch","Terror+1"],"picked":"Expertise","floor":37},{"not_picked":["Choke","Leg Sweep","Bane"],"picked":"SKIP","floor":38},{"not_picked":["Dodge and Roll+1","Backflip+1","Dagger Throw+1"],"picked":"SKIP","floor":39},{"not_picked":["Sucker Punch","Caltrops+1","Dagger Spray+1"],"picked":"SKIP","floor":40},{"not_picked":["Heel Hook+1","Deadly Poison+1"],"picked":"Accuracy+1","floor":45},{"not_picked":["Venomology","Sucker Punch+1","Blade Dance"],"picked":"SKIP","floor":48},{"not_picked":["Riddle With Holes","Flying Knee+1"],"picked":"Caltrops+1","floor":54}],"player_experience":1778088,"relics_obtained":[{"floor":6,"key":"Shuriken"},{"floor":8,"key":"Tingsha"},{"floor":14,"key":"Matryoshka"},{"floor":23,"key":"Bag of Preparation"},{"floor":25,"key":"Sundial"},{"floor":26,"key":"Regal Pillow"},{"floor":26,"key":"Centennial Puzzle"},{"floor":40,"key":"Orichalcum"},{"floor":43,"key":"Ancient Tea Set"},{"floor":43,"key":"Gremlin Horn"},{"floor":48,"key":"Tough Bandages"},{"floor":54,"key":"Pen Nib"}],"event_choices":[{"damage_healed":0,"gold_gain":0,"player_choice":"Ignored","damage_taken":0,"max_hp_gain":0,"max_hp_loss":0,"event_name":"Ghosts","floor":19,"gold_loss":0},{"damage_healed":0,"gold_gain":0,"player_choice":"Simplicity","damage_taken":0,"max_hp_gain":0,"max_hp_loss":0,"event_name":"Back to Basics","floor":21,"gold_loss":0,"cards_upgraded":["Defend_G","Defend_G","Defend_G","Defend_G","Strike_G"]},{"cards_removed":["Setup"],"damage_healed":0,"gold_gain":0,"player_choice":"Gave Gold","damage_taken":0,"max_hp_gain":0,"max_hp_loss":0,"event_name":"Beggar","floor":24,"gold_loss":75},{"damage_healed":0,"gold_gain":0,"player_choice":"Got Potions","damage_taken":0,"max_hp_gain":0,"max_hp_loss":0,"event_name":"Lab","floor":36,"gold_loss":0},{"damage_healed":0,"gold_gain":0,"player_choice":"Forge","damage_taken":0,"max_hp_gain":0,"max_hp_loss":0,"event_name":"Accursed Blacksmith","floor":44,"gold_loss":0,"cards_upgraded":["Burst"]},{"damage_healed":0,"gold_gain":0,"player_choice":"Embrace Madness","damage_taken":9,"max_hp_gain":0,"max_hp_loss":0,"event_name":"Winding Halls","floor":46,"gold_loss":0,"cards_obtained":["Madness","Madness"]}],"is_beta":false,"boss_relics":[{"not_picked":["Cursed Key","Ectoplasm"],"picked":"Astrolabe"},{"not_picked":["Runic Dome","Empty Cage"],"picked":"Fusion Hammer"}],"items_purged_floors":[3,11,41,53],"is_endless":false,"potions_floor_spawned":[2,5,6,14,23,29,30,31,35,38,39],"ascension_level":0}