{"gold_per_floor":[112,3,20,20,40,40,97,97,173,173,185,199,229,242,242,314,314,332,382,395,395],"floor_reached":21,"playtime":990,"items_purged":[],"score":432,"play_id":"0afe9a15-6d86-4cca-bffb-530d8dcdad44","local_time":"20190109221137","is_ascension_mode":true,"campfire_choices":[{"data":"True Grit","floor":6,"key":"SMITH"},{"data":"Iron Wave","floor":8,"key":"SMITH"},{"data":"Armaments","floor":15,"key":"SMITH"}],"neow_cost":"NONE","seed_source_timestamp":3949531302429,"circlet_count":0,"master_deck":["AscendersBane","Strike_R","Strike_R","Strike_R","Strike_R","Strike_R","Defend_R","Defend_R","Defend_R","Defend_R+1","Bash","Evolve","Metallicize","Shrug It Off","Body Slam+1","True Grit+1","Iron Wave+1","Burning Pact","Entrench","Barricade","Armaments+1","Juggernaut"],"relics":["Burning Blood","Tiny Chest","Paper Frog","Torii","Potion Belt","Philosopher\u0027s Stone"],"potions_floor_usage":[7,7,13,20,21],"damage_taken":[{"damage":7,"enemies":"Cultist","floor":1,"turns":4},{"damage":1,"enemies":"2 Louse","floor":3,"turns":5},{"damage":1,"enemies":"Jaw Worm","floor":5,"turns":3},{"damage":28,"enemies":"Gremlin Nob","floor":7,"turns":5},{"damage":0,"enemies":"2 Fungi Beasts","floor":11,"turns":4},{"damage":2,"enemies":"Looter","floor":12,"turns":3},{"damage":2,"enemies":"3 Sentries","floor":13,"turns":13},{"damage":6,"enemies":"3 Louse","floor":14,"turns":6},{"damage":35,"enemies":"The Guardian","floor":16,"turns":13},{"damage":18,"enemies":"3 Byrds","floor":18,"turns":7},{"damage":30,"enemies":"Spheric Guardian","floor":20,"turns":6},{"damage":50,"enemies":"Shelled Parasite and Fungi","floor":21,"turns":3}],"seed_played":"-3131106821973105473","potions_obtained":[{"floor":1,"key":"FearPotion"},{"floor":3,"key":"Weak Potion"},{"floor":11,"key":"BloodPotion"},{"floor":14,"key":"BloodPotion"},{"floor":18,"key":"Poison Potion"},{"floor":20,"key":"Fire Potion"}],"is_trial":false,"path_per_floor":["M","$","M","?","M","R","E","R","T","T","M","M","E","M","R","B",null,"M","?","M","M"],"character_chosen":"IRONCLAD","items_purchased":["Metallicize","Shrug It Off"],"campfire_rested":0,"item_purchase_floors":[2,2],"current_hp_per_floor":[74,74,79,54,59,59,37,37,37,37,43,47,59,59,59,30,69,57,57,41,0],"gold":395,"neow_bonus":"TEN_PERCENT_HP_BONUS","is_prod":false,"is_daily":false,"chose_seed":false,"campfire_upgraded":3,"win_rate":0,"timestamp":1547068297,"path_taken":["M","$","?","?","M","R","E","R","T","?","M","M","E","M","R","BOSS","M","?","M","M"],"build_version":"2019-01-08","purchased_purges":0,"victory":false,"max_hp_per_floor":[82,82,82,82,82,82,82,82,82,82,82,82,82,82,82,82,82,82,82,82,82],"card_choices":[{"not_picked":["Shrug It Off","Anger"],"picked":"Evolve","floor":1},{"not_picked":["Metallicize","Spot Weakness"],"picked":"Body Slam","floor":3},{"not_picked":["Perfected Strike","Headbutt"],"picked":"True Grit","floor":5},{"not_picked":["Rage","Thunderclap"],"picked":"Iron Wave","floor":7},{"not_picked":["True Grit","Warcry"],"picked":"Burning Pact","floor":11},{"not_picked":["Perfected Strike","Shrug It Off"],"picked":"Entrench","floor":12},{"not_picked":["Rupture","Anger"],"picked":"Barricade","floor":13},{"not_picked":["Pommel Strike","Wild Strike"],"picked":"Armaments","floor":14},{"not_picked":["Immolate","Exhume"],"picked":"Juggernaut","floor":16},{"not_picked":["Sword Boomerang","Iron Wave","Clash"],"picked":"SKIP","floor":18},{"not_picked":["Clash","Armaments","Cleave"],"picked":"SKIP","floor":20}],"player_experience":886393,"relics_obtained":[{"floor":7,"key":"Tiny Chest"},{"floor":9,"key":"Paper Frog"},{"floor":10,"key":"Torii"},{"floor":13,"key":"Potion Belt"}],"event_choices":[{"damage_healed":0,"gold_gain":0,"player_choice":"Entered Light","damage_taken":25,"max_hp_gain":0,"max_hp_loss":0,"event_name":"Shining Light","floor":4,"gold_loss":0,"cards_upgraded":["Defend_R","Body Slam"]},{"damage_healed":0,"gold_gain":50,"player_choice":"Stole From Cult","damage_taken":0,"max_hp_gain":0,"max_hp_loss":0,"event_name":"Nest","floor":19,"gold_loss":0}],"is_beta":true,"boss_relics":[{"not_picked":["Cursed Key","Empty Cage"],"picked":"Philosopher\u0027s Stone"}],"items_purged_floors":[],"is_endless":false,"potions_floor_spawned":[1,3,11,14,18,20],"killed_by":"Shelled Parasite and Fungi","ascension_level":20}