{"path_per_floor":["M","$","T","?","$","R","M","R","T","E","?","M","M","M","R","B",null,"M","T","$","?","M","E","R","E","T","R","?","$","R","M","R","B",null,"M","M","$","M","M","E","R","?","T","E","M","?","?","$","R"],"character_chosen":"DEFECT","items_purchased":["Chill","Scrape","Chaos","Stack","Singing Bowl","Machine Learning","Buffer"],"gold_per_floor":[110,5,5,5,5,5,17,17,17,52,52,72,88,106,106,209,209,223,223,154,154,165,199,199,230,230,230,230,176,176,193,193,298,298,308,320,37,51,64,90,90,90,115,150,169,169,169,15,15,15],"floor_reached":50,"campfire_rested":7,"playtime":3181,"current_hp_per_floor":[74,74,74,59,59,75,75,75,85,53,53,53,51,51,76,48,85,81,81,81,81,76,49,74,29,29,54,46,46,71,72,72,21,85,54,50,50,53,48,16,42,76,76,36,46,46,46,46,70,0],"items_purged":[],"gold":15,"score":563,"play_id":"15bfe2df-ecc1-4c67-ac1e-2104e00af3b2","local_time":"20180516064256","is_prod":false,"is_daily":false,"chose_seed":false,"is_ascension_mode":true,"campfire_upgraded":2,"timestamp":1526461976,"path_taken":["M","$","?","?","$","R","M","R","T","E","?","M","?","M","R","BOSS","M","?","$","?","M","E","R","E","T","R","?","$","R","?","R","BOSS","M","M","$","?","M","E","R","?","T","E","M","?","?","$","R","BOSS"],"build_version":"2018-05-15","seed_source_timestamp":8668484057859,"purchased_purges":0,"victory":false,"master_deck":["Strike_B","Strike_B+1","Strike_B+1","Strike_B","Defend_B","Defend_B","Defend_B","Defend_B","Zap+1","Dualcast","Chill","Scrape","BootSequence","Melter","FTL","Undo","Undo","Rebound","Rainbow+1","Skim","Chaos","Steam+1","Barrage","Defragment+1","Stack","Go for the Eyes+1","Multi-Cast","Barrage","Stack+1","Tempest","Seek","Genetic Algorithm+1","Storm+1","Buffer+1"],"max_hp_per_floor":[75,75,75,75,75,75,75,75,85,85,85,85,85,85,85,85,85,85,85,85,85,85,85,85,85,85,85,85,85,85,85,85,85,85,85,85,85,85,85,87,87,76,76,78,80,80,80,80,80,80],"relics":["Inserter","Orichalcum","Pear","Meat on the Bone","Sozu","Bird Faced Urn","Frozen Egg 2","Gremlin Horn","Anchor","Orrery","Singing Bowl","Juzu Bracelet","Bronze Scales","Blood Vial"],"card_choices":[{"not_picked":["Force Field","Turbo"],"picked":"Coolheaded","floor":1},{"not_picked":["Skim","Lockon"],"picked":"BootSequence","floor":7},{"not_picked":["Multi-Cast","Redo"],"picked":"Melter","floor":10},{"not_picked":["Heatsinks","Beam Cell"],"picked":"Undo","floor":12},{"not_picked":["Auto Shields","Cold Snap"],"picked":"Undo","floor":13},{"not_picked":["Leap","Streamline"],"picked":"Rebound","floor":14},{"not_picked":["Nova","Multi-Cast"],"picked":"Rainbow","floor":16},{"not_picked":["Chill","Double Energy"],"picked":"Skim","floor":18},{"not_picked":["Stack","Turbo"],"picked":"Steam+1","floor":22},{"not_picked":["Streamline","Capacitor+1"],"picked":"Barrage","floor":23},{"not_picked":["Amplify","Barrage"],"picked":"Defragment+1","floor":25},{"not_picked":["Streamline+1","Leap"],"picked":"Go for the Eyes+1","floor":31},{"not_picked":["Echo Form+1","Amplify"],"picked":"Multi-Cast","floor":33},{"not_picked":["Ball Lightning","Auto Shields"],"picked":"Barrage","floor":34},{"not_picked":["Rebound+1","Ball Lightning"],"picked":"Stack+1","floor":34},{"not_picked":["Glacier","Capacitor+1"],"picked":"Tempest","floor":34},{"not_picked":["Skim","Axe Kick+1","Hologram"],"picked":"SKIP","floor":35},{"not_picked":["Cold Snap","Turbo"],"picked":"Seek","floor":36},{"not_picked":["Melter","Beam Cell+1"],"picked":"Genetic Algorithm+1","floor":38},{"not_picked":["Chill+1","Genetic Algorithm+1"],"picked":"Storm+1","floor":39},{"not_picked":["Glacier","Fusion","Steam+1"],"picked":"Singing Bowl","floor":40},{"not_picked":["Capacitor+1","Leap+1","Stack"],"picked":"Singing Bowl","floor":44},{"not_picked":["Go for the Eyes","Lockon","Beam Cell+1"],"picked":"Singing Bowl","floor":45}],"player_experience":428668,"potions_floor_usage":[10,14],"damage_taken":[{"damage":1,"enemies":"Cultist","floor":1,"turns":4},{"damage":0,"enemies":"Jaw Worm","floor":7,"turns":5},{"damage":32,"enemies":"Gremlin Nob","floor":10,"turns":5},{"damage":0,"enemies":"Small Slimes","floor":12,"turns":2},{"damage":2,"enemies":"Exordium Thugs","floor":13,"turns":5},{"damage":0,"enemies":"2 Fungi Beasts","floor":14,"turns":3},{"damage":28,"enemies":"Slime Boss","floor":16,"turns":12},{"damage":4,"enemies":"Shell Parasite","floor":18,"turns":6},{"damage":5,"enemies":"3 Byrds","floor":22,"turns":7},{"damage":27,"enemies":"Slavers","floor":23,"turns":7},{"damage":57,"enemies":"Book of Stabbing","floor":25,"turns":8},{"damage":1,"enemies":"Snecko","floor":31,"turns":6},{"damage":65,"enemies":"Champ","floor":33,"turns":15},{"damage":33,"enemies":"Flame Bruiser 1 Orb","floor":35,"turns":5},{"damage":4,"enemies":"3 Shapes","floor":36,"turns":4},{"damage":1,"enemies":"3 Darklings","floor":38,"turns":6},{"damage":21,"enemies":"Flame Bruiser 2 Orb","floor":39,"turns":6},{"damage":52,"enemies":"Nemesis","floor":40,"turns":9},{"damage":56,"enemies":"2 Orb Walkers","floor":44,"turns":7},{"damage":0,"enemies":"4 Shapes","floor":45,"turns":5},{"damage":81,"enemies":"Time Eater","floor":50,"turns":12}],"relics_obtained":[{"floor":3,"key":"Orichalcum"},{"floor":9,"key":"Pear"},{"floor":10,"key":"Meat on the Bone"},{"floor":19,"key":"Bird Faced Urn"},{"floor":23,"key":"Frozen Egg 2"},{"floor":25,"key":"Gremlin Horn"},{"floor":26,"key":"Anchor"},{"floor":40,"key":"Juzu Bracelet"},{"floor":43,"key":"Bronze Scales"},{"floor":44,"key":"Blood Vial"}],"event_choices":[{"event_name":"Shining Light","player_choice":"Entered Light","floor":4,"damage_taken":0},{"event_name":"Living Wall","player_choice":"Change","floor":11,"damage_taken":0},{"event_name":"The Woman in Blue","player_choice":"Bought 0 Potions","floor":21,"damage_taken":0},{"event_name":"Knowing Skull","player_choice":"","floor":28,"damage_taken":0},{"event_name":"The Moai Head","player_choice":"Heal","floor":42,"damage_taken":0},{"event_name":"Mysterious Sphere","player_choice":"Ignore","floor":47,"damage_taken":0}],"boss_relics":[{"not_picked":["Tiny House","Runic Dome"],"picked":"Sozu"},{"not_picked":["White Beast Statue","Philosopher\u0027s Stone"],"picked":"Orrery"}],"potions_floor_spawned":[1,10,18,25,38,40,45],"seed_played":"2479131130106223687","killed_by":"Time Eater","ascension_level":1,"potions_obtained":[{"floor":1,"key":"Fire Potion"},{"floor":10,"key":"Explosive Potion"}],"is_trial":false}