{"path_per_floor":["M","M","?","?","M","R","?","R","T","R","M","E","?","M","R","B",null,"M","?","?","M","?","R","E","?","T","?","$","T","M","M","R","B",null,"M","M","?","?","T","E","R","$","T","R","M","?","$","M","R","B"],"character_chosen":"IRONCLAD","items_purchased":["Paper Frog","Twin Strike","Tiny Chest"],"gold_per_floor":[111,122,122,122,138,138,199,199,224,224,238,281,231,250,250,370,370,395,310,310,323,248,248,292,292,319,319,32,57,67,83,83,179,179,193,211,211,211,211,238,238,38,38,38,58,58,58,71,71,71],"floor_reached":51,"campfire_rested":5,"playtime":1506,"current_hp_per_floor":[79,80,60,49,49,49,25,51,51,51,52,49,49,46,72,48,89,70,70,70,51,51,51,28,28,33,17,17,22,33,46,88,16,91,93,73,73,73,73,37,79,84,84,92,88,88,88,70,70,20],"items_purged":["Iron Wave"],"gold":71,"score":841,"play_id":"dede323d-c28d-43ae-8590-7cde892b6587","local_time":"20180430194703","is_prod":false,"is_daily":false,"chose_seed":false,"is_ascension_mode":true,"campfire_upgraded":4,"timestamp":1525132023,"path_taken":["M","M","?","?","M","R","?","R","T","R","M","E","?","?","R","BOSS","M","?","?","M","?","R","E","?","T","?","$","?","M","M","R","BOSS","M","M","?","?","?","E","R","$","T","R","M","?","?","M","R","BOSS"],"build_version":"2018-04-28v2","seed_source_timestamp":25086655565121,"purchased_purges":2,"victory":true,"master_deck":["Strike_R+1","Strike_R+1","Strike_R+1","Defend_R+1","Defend_R+1","Defend_R+1","Defend_R+1","Bash+1","Cleave","Rupture+1","Thunderclap","Inflame+1","Limit Break+1","Heavy Blade","Heavy Blade+1","Flame Barrier+1","Twin Strike","Inflame","Demon Form+1","Limit Break+1","Hemokinesis+1","Heavy Blade","Bash","Dramatic Entrance","Battle Trance"],"max_hp_per_floor":[80,80,80,87,87,87,87,87,87,87,89,89,89,89,89,89,89,89,89,89,89,89,89,89,89,89,89,89,89,91,91,91,91,91,93,95,92,92,92,92,92,92,92,92,94,94,94,94,94,94],"relics":["Burning Blood","Bloody Idol","Strawberry","Red Skull","Singing Bowl","Du-Vu Doll","Velvet Choker","Regal Pillow","Juzu Bracelet","Blood Vial","Nilry\u0027s Codex","Paper Frog","Bag of Preparation","Calling Bell","War Paint","Meat on the Bone","Calipers","Vajra","Self Forming Clay","Tiny Chest","Blue Candle"],"card_choices":[{"not_picked":["Body Slam","Seeing Red"],"picked":"Cleave","floor":2},{"not_picked":["True Grit","Thunderclap"],"picked":"Iron Wave","floor":5},{"not_picked":["Shrug It Off","Heavy Blade"],"picked":"Rupture","floor":7},{"not_picked":["Twin Strike","Dual Wield"],"picked":"Thunderclap","floor":12},{"not_picked":["Shockwave","Clash"],"picked":"Inflame","floor":14},{"not_picked":["Fiend Fire","Exhume"],"picked":"Limit Break","floor":16},{"not_picked":["Body Slam","Dropkick"],"picked":"Heavy Blade","floor":18},{"not_picked":["Blood for Blood","Fire Breathing"],"picked":"Heavy Blade","floor":21},{"not_picked":["Hemokinesis","Carnage"],"picked":"Flame Barrier","floor":24},{"not_picked":["Shockwave","Twin Strike"],"picked":"Inflame","floor":31},{"not_picked":["Brutality","Limit Break"],"picked":"Demon Form","floor":33},{"not_picked":["Bludgeon","Inflame"],"picked":"Hemokinesis","floor":40},{"not_picked":["Inflame","Anger"],"picked":"Battle Trance","floor":48}],"player_experience":142249,"potions_floor_usage":[12,16,24,24,31,40,48,50,50],"damage_taken":[{"damage":7,"enemies":"Small Slimes","floor":1,"turns":4},{"damage":0,"enemies":"2 Louse","floor":2,"turns":3},{"damage":6,"enemies":"Jaw Worm","floor":5,"turns":5},{"damage":30,"enemies":"3 Sentries","floor":7,"turns":7},{"damage":7,"enemies":"Looter","floor":11,"turns":3},{"damage":9,"enemies":"3 Sentries","floor":12,"turns":6},{"damage":9,"enemies":"2 Fungi Beasts","floor":14,"turns":2},{"damage":30,"enemies":"Slime Boss","floor":16,"turns":7},{"damage":25,"enemies":"Spheric Guardian","floor":18,"turns":4},{"damage":25,"enemies":"2 Thieves","floor":21,"turns":5},{"damage":29,"enemies":"Book of Stabbing","floor":24,"turns":5},{"damage":4,"enemies":"3 Cultists","floor":30,"turns":3},{"damage":0,"enemies":"Chosen and Byrds","floor":31,"turns":4},{"damage":85,"enemies":"Automaton","floor":33,"turns":7},{"damage":0,"enemies":"Orb Walker","floor":35,"turns":2},{"damage":33,"enemies":"3 Darklings","floor":36,"turns":4},{"damage":61,"enemies":"Nemesis","floor":40,"turns":7},{"damage":17,"enemies":"Maw","floor":45,"turns":5},{"damage":31,"enemies":"Sphere and 2 Shapes","floor":48,"turns":5},{"damage":70,"enemies":"Time Eater","floor":50,"turns":6}],"event_choices":[{"event_name":"Golden Idol","player_choice":"Take Damage","floor":3,"damage_taken":0},{"event_name":"Scrap Ooze","player_choice":"success","floor":4,"damage_taken":18},{"event_name":"Dead Adventurer","player_choice":"Searched \u00272\u0027 times","floor":7,"damage_taken":0},{"event_name":"The Cleric","player_choice":"Card Removal","floor":13,"damage_taken":0},{"event_name":"Addict","player_choice":"Obtained Relic","floor":19,"damage_taken":0},{"event_name":"Back to Basics","player_choice":"Simplicity","floor":20,"damage_taken":0},{"event_name":"Beggar","player_choice":"Gave Gold","floor":22,"damage_taken":0},{"event_name":"Forgotten Altar","player_choice":"Gave Idol","floor":25,"damage_taken":0},{"event_name":"Cursed Tome","player_choice":"Obtained Book","floor":27,"damage_taken":0},{"event_name":"Fountain of Cleansing","player_choice":"Removed Curse","floor":37,"damage_taken":0},{"event_name":"Duplicator","player_choice":"One dupe","floor":38,"damage_taken":0},{"event_name":"Match and Keep!","player_choice":"3 cards matched","floor":46,"damage_taken":0}],"boss_relics":[{"not_picked":["Orrery","Black Star"],"picked":"Velvet Choker"},{"not_picked":["Astrolabe","Runic Dome"],"picked":"Calling Bell"}],"potions_floor_spawned":[7,7,12,16,18,24,36,45,48],"seed_played":"8985037635230825646","ascension_level":3,"is_trial":false}