{"path_per_floor":["M","?","$","M","M","R","M","R","T","M","M","E","M","?","R","B",null,"M","M","M","?","$","R","E","M","T","M","M","R","M","$","R","B",null,"M","M","?","M","$","R","T","M","T","E","?","R","M","M","R","B"],"character_chosen":"IRONCLAD","items_purchased":["Mercury Hourglass","Limit Break","Meat on the Bone"],"gold_per_floor":[114,64,64,79,94,94,109,109,134,149,164,194,209,209,209,309,309,324,339,354,354,104,104,134,149,224,239,254,254,269,113,113,213,213,228,243,243,258,8,8,83,98,148,178,178,178,193,208,208,208],"floor_reached":51,"campfire_rested":4,"playtime":2956,"current_hp_per_floor":[76,76,76,78,80,80,77,77,77,80,80,80,80,90,90,77,90,85,87,80,80,80,80,68,42,42,42,33,60,66,66,90,61,90,88,90,85,50,50,87,87,85,85,57,80,90,88,61,90,39],"items_purged":[],"gold":208,"score":730,"play_id":"e2f80046-4883-438f-b252-fdcca9a0028d","local_time":"20180411043325","daily_mods":["Draft","Time Dilation","Uncertain Future"],"is_prod":false,"is_daily":true,"is_ascension_mode":false,"campfire_upgraded":5,"timestamp":1523430205,"path_taken":["M","?","$","M","M","R","?","R","T","M","M","E","M","?","R","BOSS","M","M","M","?","$","R","E","M","T","?","M","R","M","?","R","BOSS","M","M","?","M","$","R","?","M","T","E","?","R","M","M","R","BOSS"],"build_version":"2018-04-05v2","purchased_purges":0,"victory":true,"master_deck":["Perfected Strike","Battle Trance","Spot Weakness","Perfected Strike","Whirlwind+1","Flex+1","Disarm","Clothesline","Spot Weakness","Anger+1","Shrug It Off","Shrug It Off","Second Wind","Flex","Heavy Blade","Wild Strike+1","Pommel Strike+1","Offering","Flame Barrier+1","Bludgeon","Cleave","Limit Break+1","Offering","Pummel+1","Jack Of All Trades"],"max_hp_per_floor":[80,80,80,80,80,80,80,80,80,80,80,80,80,90,90,90,90,90,90,90,90,90,90,90,90,90,90,90,90,90,90,90,90,90,90,90,90,90,90,90,90,90,90,90,90,90,90,90,90,90],"relics":["Burning Blood","Bag of Preparation","Omamori","Pear","Black Star","Mercury Hourglass","Bag of Marbles","Whetstone","Question Card","Eternal Feather","Meat on the Bone","The Courier","Art of War","Ancient Tea Set","Juzu Bracelet"],"card_choices":[{"not_picked":["Hemokinesis","True Grit"],"picked":"Burning Pact","floor":0},{"not_picked":["Iron Wave","Heavy Blade"],"picked":"Perfected Strike","floor":0},{"not_picked":["Ghostly Armor","Blood for Blood"],"picked":"Battle Trance","floor":0},{"not_picked":["Body Slam","Feel No Pain"],"picked":"Spot Weakness","floor":0},{"not_picked":["Fire Breathing","Searing Blow"],"picked":"Perfected Strike","floor":0},{"not_picked":["Reckless Charge","Burning Pact"],"picked":"Whirlwind","floor":0},{"not_picked":["Sentinel","Dropkick"],"picked":"Flex","floor":0},{"not_picked":["Perfected Strike","Heavy Blade"],"picked":"Disarm","floor":0},{"not_picked":["Sword Boomerang","Searing Blow"],"picked":"Clothesline","floor":0},{"not_picked":["Heavy Blade","Clothesline"],"picked":"Spot Weakness","floor":0},{"not_picked":["Wild Strike","Combust"],"picked":"Anger","floor":0},{"not_picked":["Bludgeon","Rage"],"picked":"Shrug It Off","floor":0},{"not_picked":["Dual Wield","Heavy Blade"],"picked":"Shrug It Off","floor":0},{"not_picked":["Clash","Corruption"],"picked":"Second Wind","floor":0},{"not_picked":["Armaments","Headbutt"],"picked":"Flex","floor":0},{"not_picked":["Shrug It Off","Rupture"],"picked":"Heavy Blade","floor":4},{"not_picked":["Havoc","Sword Boomerang"],"picked":"Wild Strike","floor":5},{"not_picked":["Perfected Strike","Flex"],"picked":"Pommel Strike","floor":7},{"not_picked":["Corruption","Shrug It Off"],"picked":"Offering","floor":10},{"not_picked":["Rage","Body Slam"],"picked":"Flame Barrier","floor":13},{"not_picked":["Barricade","Reaper"],"picked":"Bludgeon","floor":16},{"not_picked":["Shrug It Off","Burning Pact"],"picked":"Cleave","floor":25},{"not_picked":["Reaper","Barricade","Fiend Fire"],"picked":"Offering","floor":33},{"not_picked":["Armaments","Warcry","Shockwave"],"picked":"Pummel","floor":35},{"not_picked":["Mind Blast","Purity","Master of Strategy"],"picked":"Jack Of All Trades","floor":37}],"player_experience":326971,"potions_floor_usage":[12,18,19,20,25,33,38,42,48,50,50],"damage_taken":[{"damage":10,"enemies":"Small Slimes","floor":1,"turns":2},{"damage":4,"enemies":"2 Louse","floor":4,"turns":3},{"damage":0,"enemies":"Cultist","floor":5,"turns":2},{"damage":9,"enemies":"2 Fungi Beasts","floor":7,"turns":2},{"damage":2,"enemies":"3 Louse","floor":10,"turns":2},{"damage":4,"enemies":"Looter","floor":11,"turns":2},{"damage":4,"enemies":"Lagavulin","floor":12,"turns":3},{"damage":4,"enemies":"Exordium Wildlife","floor":13,"turns":1},{"damage":19,"enemies":"The Guardian","floor":16,"turns":7},{"damage":11,"enemies":"2 Thieves","floor":18,"turns":3},{"damage":4,"enemies":"Spheric Guardian","floor":19,"turns":2},{"damage":19,"enemies":"Snake Plant","floor":20,"turns":3},{"damage":18,"enemies":"Book of Stabbing","floor":24,"turns":4},{"damage":32,"enemies":"Cultist and Chosen","floor":25,"turns":5},{"damage":6,"enemies":"Centurion and Healer","floor":27,"turns":2},{"damage":15,"enemies":"Snake Plant","floor":28,"turns":3},{"damage":0,"enemies":"3 Cultists","floor":30,"turns":1},{"damage":35,"enemies":"Collector","floor":33,"turns":4},{"damage":8,"enemies":"Orb Walker","floor":35,"turns":1},{"damage":4,"enemies":"3 Shapes","floor":36,"turns":1},{"damage":56,"enemies":"Maw","floor":38,"turns":9},{"damage":8,"enemies":"4 Shapes","floor":42,"turns":4},{"damage":46,"enemies":"Giant Head","floor":44,"turns":6},{"damage":8,"enemies":"3 Darklings","floor":47,"turns":3},{"damage":45,"enemies":"Maw","floor":48,"turns":5},{"damage":69,"enemies":"Donu and Deca","floor":50,"turns":6}],"event_choices":[{"event_name":"The Cleric","player_choice":"Card Removal","floor":2,"damage_taken":0},{"event_name":"Big Fish","player_choice":"Box","floor":14,"damage_taken":0},{"event_name":"Ghosts","player_choice":"Ignored","floor":21,"damage_taken":0},{"event_name":"SensoryStone","player_choice":"Memory 2","floor":37,"damage_taken":0},{"event_name":"Winding Halls","player_choice":"Writhe","floor":45,"damage_taken":0}],"boss_relics":[{"not_picked":["Orrery","Black Blood"],"picked":"Black Star"},{"not_picked":["Runic Pyramid","Astrolabe"],"picked":"Eternal Feather"}],"potions_floor_spawned":[1,7,10,12,16,18,20,27,28,35,42,48],"seed_played":"-391097367170320496","ascension_level":0,"is_trial":false}