{"path_per_floor":["M","M","?","?","M","R","?","M","T","R","M","$","?","M","R","B",null,"M","M","?","M","?","R","E","R","T","M","M","M"],"character_chosen":"IRONCLAD","items_purchased":["Shrug It Off"],"gold_per_floor":[119,136,136,136,152,152,152,166,190,190,210,163,193,206,206,309,309,325,339,339,351,274,274,305,305,305,319,339,355,355],"floor_reached":30,"campfire_rested":2,"playtime":1043,"current_hp_per_floor":[80,80,80,80,73,73,73,61,68,68,65,65,65,64,64,7,87,66,39,39,21,21,63,24,67,67,51,28,13,0],"items_purged":[],"gold":355,"score":281,"play_id":"7427f96c-cf7f-445e-b870-40a8011664d7","local_time":"20180428130703","is_prod":false,"is_daily":false,"chose_seed":false,"is_ascension_mode":true,"campfire_upgraded":3,"timestamp":1524935223,"path_taken":["M","?","?","?","M","R","?","M","T","R","M","$","?","M","R","BOSS","M","M","?","M","?","R","E","R","T","?","M","M","M"],"build_version":"2018-04-26","seed_source_timestamp":57040769696745,"purchased_purges":0,"victory":false,"master_deck":["Strike_R+1","Strike_R+1","Strike_R","Defend_R","Defend_R","Defend_R","Defend_R","Bash","Spot Weakness+1","Iron Wave+1","Regret","Battle Trance","Combust","Thunderclap+1","Twin Strike","Shrug It Off","Flex","Feed","Rupture","Hemokinesis","Blood for Blood","Cleave","J.A.X.","Iron Wave+1","Blood for Blood+1","Rage+1","Flame Barrier+1"],"max_hp_per_floor":[80,80,80,80,80,80,80,80,87,87,87,87,87,87,87,87,87,87,90,90,93,93,93,96,96,96,96,96,99,99],"relics":["Burning Blood","Whetstone","Prayer Wheel","Strawberry","Regal Pillow","Runic Cube","Frozen Egg 2","Toxic Egg 2"],"card_choices":[{"not_picked":["Twin Strike","Reckless Charge"],"picked":"Spot Weakness","floor":1},{"not_picked":["Headbutt","Clothesline"],"picked":"Iron Wave","floor":2},{"not_picked":["Metallicize","True Grit"],"picked":"Battle Trance","floor":5},{"not_picked":["Intimidate","Clothesline"],"picked":"Thunderclap","floor":8},{"not_picked":["Spot Weakness","Ghostly Armor"],"picked":"Twin Strike","floor":9},{"not_picked":["Metallicize","Body Slam"],"picked":"Flex","floor":14},{"not_picked":["Exhume","Bludgeon"],"picked":"Feed","floor":16},{"not_picked":["Sword Boomerang","Infernal Blade"],"picked":"Rupture","floor":18},{"not_picked":["Armaments","Pommel Strike"],"picked":"Hemokinesis","floor":19},{"not_picked":["Twin Strike","Havoc"],"picked":"Cleave","floor":21},{"not_picked":["Perfected Strike","Anger"],"picked":"Iron Wave","floor":24},{"not_picked":["Searing Blow","Juggernaut"],"picked":"Blood for Blood","floor":26},{"not_picked":["Twin Strike","Pummel"],"picked":"Rage","floor":27},{"not_picked":["Twin Strike","Shrug It Off"],"picked":"Flame Barrier","floor":29}],"player_experience":106818,"potions_floor_usage":[16,21,21,24,29],"damage_taken":[{"damage":1,"enemies":"Cultist","floor":1,"turns":3},{"damage":2,"enemies":"Small Slimes","floor":2,"turns":3},{"damage":13,"enemies":"Jaw Worm","floor":5,"turns":2},{"damage":18,"enemies":"3 Louse","floor":8,"turns":3},{"damage":9,"enemies":"Exordium Thugs","floor":11,"turns":3},{"damage":7,"enemies":"Blue Slaver","floor":14,"turns":3},{"damage":63,"enemies":"Hexaghost","floor":16,"turns":8},{"damage":27,"enemies":"Shell Parasite","floor":18,"turns":5},{"damage":36,"enemies":"Chosen","floor":19,"turns":6},{"damage":27,"enemies":"Sentry and Sphere","floor":21,"turns":5},{"damage":48,"enemies":"Slavers","floor":24,"turns":4},{"damage":22,"enemies":"Chosen and Byrds","floor":27,"turns":6},{"damage":29,"enemies":"3 Cultists","floor":28,"turns":4},{"damage":24,"enemies":"Centurion and Healer","floor":29,"turns":5},{"damage":28,"enemies":"Snecko","floor":30,"turns":3}],"event_choices":[{"event_name":"Bonfire Elementals","player_choice":"BASIC","floor":3,"damage_taken":0},{"event_name":"Big Fish","player_choice":"Box","floor":4,"damage_taken":0},{"event_name":"Living Wall","player_choice":"Change","floor":7,"damage_taken":0},{"event_name":"Dead Adventurer","player_choice":"Searched \u00273\u0027 times","floor":13,"damage_taken":0},{"event_name":"The Library","player_choice":"Read","floor":20,"damage_taken":0},{"event_name":"Drug Dealer","player_choice":"Got JAXXED","floor":22,"damage_taken":0}],"boss_relics":[{"not_picked":["White Beast Statue","Runic Pyramid"],"picked":"Runic Cube"}],"potions_floor_spawned":[2,5,16,18,24,27,29],"seed_played":"6447352565644537808","killed_by":"Snecko","ascension_level":1,"is_trial":false}