{"path_per_floor":["M","?","?","M","$","R","M","E","T","R","$","T","E","M","R","B",null,"M","?","M","M","$","R","M","E","T","?","$","M","M","?","R","B",null,"M","?","M","M","$","E","$","?","T","T","M","M","R","M","R","B"],"character_chosen":"DEFECT","items_purchased":["Jack Of All Trades","Leap","Apotheosis","White Noise","SkillPotion","BootSequence","Symbiotic Virus","Fruit Juice"],"gold_per_floor":[109,109,284,303,81,81,104,173,198,198,9,9,50,66,66,190,190,208,208,226,240,171,171,187,227,227,227,177,200,223,148,148,269,307,331,331,331,349,311,345,5,5,81,81,101,125,125,139,139,139],"floor_reached":51,"campfire_rested":4,"playtime":3828,"item_purchase_floors":[5,5,11,22,28,39,41,41],"current_hp_per_floor":[65,47,47,40,40,62,62,55,55,75,75,75,75,75,75,58,75,75,59,59,59,59,59,52,32,32,32,32,32,36,36,60,60,87,86,86,86,86,86,77,82,82,82,82,58,58,85,85,85,56],"items_purged":["Doubt"],"gold":139,"score":845,"play_id":"fa328ea3-d084-4298-a90d-ca7ec29d29d6","local_time":"20180523060811","is_prod":false,"is_daily":false,"chose_seed":false,"is_ascension_mode":true,"campfire_upgraded":3,"timestamp":1527064691,"campfire_choices":[{"floor":6,"key":"REST"},{"floor":10,"key":"REST"},{"data":"Apotheosis","floor":15,"key":"SMITH"},{"data":"Buffer","floor":23,"key":"SMITH"},{"floor":32,"key":"REST"},{"floor":47,"key":"REST"},{"data":"BootSequence","floor":49,"key":"SMITH"}],"path_taken":["M","?","?","M","$","R","M","E","T","R","$","?","E","M","R","BOSS","M","?","M","?","$","R","M","E","T","?","$","M","M","?","R","BOSS","M","?","M","M","$","E","$","?","T","?","M","M","R","M","R","BOSS"],"build_version":"2018-05-21v2","seed_source_timestamp":41247765619306,"purchased_purges":1,"victory":true,"master_deck":["Strike_B+1","Strike_B","Strike_B","Defend_B","Defend_B","Defend_B","Defend_B","Zap","Dualcast","Skim","Double Energy","Jack Of All Trades","Leap","Glacier","Darkness","Apotheosis+1","Buffer+1","White Noise","Stack+1","Consume","White Noise+1","Buffer","BootSequence+1"],"max_hp_per_floor":[75,75,75,75,75,75,75,75,75,75,75,75,75,75,75,75,75,75,75,75,75,75,75,75,82,82,82,82,82,82,82,82,82,87,87,87,87,87,87,87,92,92,92,92,92,92,92,92,92,92],"relics":["Inserter","Golden Idol","Tiny Chest","Oddly Smooth Stone","Cables","Shuriken","Nuclear Battery","Nilry\u0027s Codex","Strawberry","Darkstone Periapt","Tiny House","Calipers","Symbiotic Virus","Gremlin Horn","Vajra"],"card_choices":[{"not_picked":["Barrage","Rebound"],"picked":"Skim","floor":1},{"not_picked":["Turbo","Stack"],"picked":"Double Energy","floor":4},{"not_picked":["Blizzard","Coolheaded"],"picked":"Glacier","floor":7},{"not_picked":["Blizzard","Leap"],"picked":"Darkness","floor":8},{"not_picked":["Cold Snap","Hologram","Blizzard"],"picked":"SKIP","floor":13},{"not_picked":["Aggregate","Beam Cell","Go for the Eyes"],"picked":"SKIP","floor":14},{"not_picked":["Thunder Strike","Biased Cognition"],"picked":"Buffer","floor":16},{"not_picked":["Redo","Tempest","Beam Cell+1"],"picked":"SKIP","floor":18},{"not_picked":["Force Field","Streamline","Steam Power"],"picked":"SKIP","floor":20},{"not_picked":["Fusion","Reprogram+1"],"picked":"Go for the Eyes","floor":21},{"not_picked":["Undo","Stack"],"picked":"Defragment","floor":24},{"not_picked":["Glacier","Axe Kick","Leap"],"picked":"SKIP","floor":25},{"not_picked":["Streamline","Stack","Cold Snap"],"picked":"SKIP","floor":29},{"not_picked":["Ball Lightning","Auto Shields+1"],"picked":"Stack+1","floor":30},{"not_picked":["Leap+1","Genetic Algorithm"],"picked":"Consume","floor":34},{"not_picked":["Scrape","Redo+1"],"picked":"White Noise+1","floor":35},{"not_picked":["Auto Shields+1","Hologram","Cold Snap"],"picked":"SKIP","floor":38},{"not_picked":["Genetic Algorithm","Turbo","White Noise"],"picked":"SKIP","floor":40},{"not_picked":["Rebound","Streamline+1","Hologram+1"],"picked":"SKIP","floor":45},{"not_picked":["Auto Shields","Streamline+1","Capacitor"],"picked":"SKIP","floor":46},{"not_picked":["Amplify","Cold Snap","Undo"],"picked":"SKIP","floor":48}],"player_experience":456772,"potions_floor_usage":[14,14,16,24,24,25,29,30,30,33,33,37,40,41,48,48,50],"damage_taken":[{"damage":10,"enemies":"Small Slimes","floor":1,"turns":4},{"damage":7,"enemies":"Cultist","floor":4,"turns":5},{"damage":0,"enemies":"2 Louse","floor":7,"turns":4},{"damage":7,"enemies":"3 Sentries","floor":8,"turns":9},{"damage":0,"enemies":"Lagavulin","floor":13,"turns":6},{"damage":0,"enemies":"Blue Slaver","floor":14,"turns":3},{"damage":17,"enemies":"Hexaghost","floor":16,"turns":9},{"damage":0,"enemies":"Spheric Guardian","floor":18,"turns":3},{"damage":0,"enemies":"2 Thieves","floor":20,"turns":4},{"damage":0,"enemies":"Snecko","floor":21,"turns":5},{"damage":7,"enemies":"Slaver and Parasite","floor":24,"turns":7},{"damage":27,"enemies":"Slavers","floor":25,"turns":6},{"damage":0,"enemies":"Sentry and Sphere","floor":29,"turns":8},{"damage":0,"enemies":"Chosen and Byrds","floor":30,"turns":7},{"damage":0,"enemies":"Champ","floor":33,"turns":13},{"damage":1,"enemies":"Orb Walker","floor":35,"turns":5},{"damage":0,"enemies":"3 Darklings","floor":37,"turns":1},{"damage":0,"enemies":"4 Shapes","floor":38,"turns":7},{"damage":9,"enemies":"Nemesis","floor":40,"turns":9},{"damage":24,"enemies":"Maw","floor":45,"turns":9},{"damage":0,"enemies":"Spire Growth","floor":46,"turns":8},{"damage":0,"enemies":"Flame Bruiser 2 Orb","floor":48,"turns":9},{"damage":29,"enemies":"Time Eater","floor":50,"turns":13}],"relics_obtained":[{"floor":8,"key":"Tiny Chest"},{"floor":9,"key":"Oddly Smooth Stone"},{"floor":12,"key":"Cables"},{"floor":13,"key":"Shuriken"},{"floor":19,"key":"Nilry\u0027s Codex"},{"floor":25,"key":"Strawberry"},{"floor":26,"key":"Darkstone Periapt"},{"floor":40,"key":"Calipers"},{"floor":43,"key":"Gremlin Horn"},{"floor":44,"key":"Vajra"}],"event_choices":[{"event_name":"Golden Idol","player_choice":"Take Damage","floor":2,"damage_taken":0},{"event_name":"Liars Game","player_choice":"agreed","floor":3,"damage_taken":0},{"event_name":"Cursed Tome","player_choice":"Obtained Book","floor":19,"damage_taken":0},{"event_name":"Vampires","player_choice":"Ignored","floor":27,"damage_taken":0},{"event_name":"Beggar","player_choice":"Gave Gold","floor":31,"damage_taken":0},{"event_name":"Transmorgrifier","player_choice":"Transform","floor":36,"damage_taken":0}],"boss_relics":[{"not_picked":["Orrery","Astrolabe"],"picked":"Nuclear Battery"},{"not_picked":["White Beast Statue","Snecko Eye"],"picked":"Tiny House"}],"items_purged_floors":[5],"potions_floor_spawned":[4,8,13,16,21,24,29,30,38,40,46,48],"seed_played":"-280268667783358995","ascension_level":1,"potions_obtained":[{"floor":4,"key":"Weak Potion"},{"floor":8,"key":"Weak Potion"},{"floor":13,"key":"Energy Potion"},{"floor":16,"key":"Weak Potion"},{"floor":21,"key":"Poison Potion"},{"floor":24,"key":"LiquidBronze"},{"floor":29,"key":"EntropicBrew"},{"floor":30,"key":"Dexterity Potion"},{"floor":34,"key":"SmokeBomb"},{"floor":38,"key":"AttackPotion"},{"floor":40,"key":"GamblersBrew"},{"floor":46,"key":"FairyPotion"},{"floor":48,"key":"EssenceOfSteel"}],"is_trial":false}