{"gold_per_floor":[367,17,30,42,42,42,52,52,75,87,102,27,62,79,79,79],"floor_reached":16,"playtime":534,"items_purged":["Strike_G"],"score":208,"play_id":"54e03c17-b7b7-4ac9-8bb6-9b7ddf9e6a0a","local_time":"20190208221457","is_ascension_mode":true,"campfire_choices":[{"data":"Crippling Poison","floor":6.0,"key":"SMITH"},{"data":"Dagger Spray","floor":8.0,"key":"SMITH"},{"data":"Glass Knife","floor":15.0,"key":"SMITH"}],"neow_cost":"TEN_PERCENT_HP_LOSS","seed_source_timestamp":6117001837335,"circlet_count":0,"master_deck":["AscendersBane","Defend_G","Defend_G","Defend_G","Defend_G","Defend_G","Strike_G","Strike_G+1","Strike_G","Survivor","Neutralize+1","Dagger Spray+1","Backflip","Crippling Poison+1","PiercingWail","Footwork","Deadly Poison","Footwork","Glass Knife+1"],"special_seed":0,"relics":["Ring of the Snake","Matryoshka","Letter Opener","Whetstone","PreservedInsect"],"potions_floor_usage":[16,16],"damage_taken":[{"damage":17.0,"enemies":"Jaw Worm","floor":1.0,"turns":7.0},{"damage":0.0,"enemies":"2 Louse","floor":3.0,"turns":3.0},{"damage":4.0,"enemies":"Small Slimes","floor":4.0,"turns":3.0},{"damage":4.0,"enemies":"Blue Slaver","floor":7.0,"turns":5.0},{"damage":0.0,"enemies":"2 Fungi Beasts","floor":10.0,"turns":3.0},{"damage":3.0,"enemies":"Gremlin Gang","floor":11.0,"turns":2.0},{"damage":10.0,"enemies":"Lagavulin","floor":13.0,"turns":10.0},{"damage":2.0,"enemies":"Looter","floor":14.0,"turns":4.0},{"damage":23,"enemies":"Slime Boss","floor":16,"turns":5}],"seed_played":"8483375491471374552","potions_obtained":[{"floor":1.0,"key":"Dexterity Potion"},{"floor":11.0,"key":"SkillPotion"},{"floor":14.0,"key":"Fire Potion"}],"is_trial":false,"path_per_floor":["M","$","M","M","?","R","M","R","T","M","M","$","E","M","R","B"],"character_chosen":"THE_SILENT","items_purchased":["Matryoshka","Footwork"],"campfire_rested":0,"item_purchase_floors":[2,12],"current_hp_per_floor":[42,42,42,38,31,31,27,27,27,27,24,24,14,12,12,0],"gold":79,"neow_bonus":"TWO_FIFTY_GOLD","is_prod":false,"is_daily":false,"chose_seed":false,"campfire_upgraded":3,"win_rate":0,"timestamp":1549660497,"path_taken":["M","$","M","M","?","R","M","R","T","M","M","$","E","M","R","BOSS"],"build_version":"2019-02-06","purchased_purges":1,"victory":false,"max_hp_per_floor":[60,60,60,60,60,60,60,60,60,60,60,60,60,60,60,60],"card_choices":[{"not_picked":["Concentrate","Blade Dance"],"picked":"Dagger Spray","floor":1.0},{"not_picked":["Underhanded Strike","Flying Knee"],"picked":"Backflip","floor":3.0},{"not_picked":["Underhanded Strike","Bane"],"picked":"Crippling Poison","floor":4.0},{"not_picked":["Prepared","Acrobatics"],"picked":"PiercingWail","floor":7.0},{"not_picked":["Underhanded Strike","Acrobatics"],"picked":"Footwork","floor":10.0},{"not_picked":["Dagger Throw","Bouncing Flask"],"picked":"Deadly Poison","floor":11.0},{"not_picked":["Bane","Caltrops"],"picked":"Glass Knife","floor":13.0},{"not_picked":["Concentrate","Underhanded Strike","Quick Slash"],"picked":"SKIP","floor":14.0}],"player_experience":958155,"relics_obtained":[{"floor":9.0,"key":"Letter Opener"},{"floor":9.0,"key":"Whetstone"},{"floor":13.0,"key":"PreservedInsect"}],"event_choices":[{"cards_removed":["Strike_G"],"damage_healed":0.0,"max_hp_gain":0.0,"max_hp_loss":0.0,"gold_gain":0.0,"event_name":"Golden Wing","player_choice":"Card Removal","floor":5.0,"gold_loss":0.0,"damage_taken":7.0}],"is_beta":true,"boss_relics":[],"items_purged_floors":[2],"is_endless":false,"potions_floor_spawned":[1,11,14],"killed_by":"Slime Boss","ascension_level":20}