{"gold_per_floor":[119,119,36,36,51,79,79,109,190,190,225,235,245,276,276,377,377,392,392,342,362,0,29,29,55,79,79,111,126,140,140,140,243,243,256,356,356,373,68,102,102,128,128,147,61,61],"floor_reached":46,"playtime":4002,"items_purged":["Strike_R","Bash"],"score":693,"play_id":"40ee1d05-e4ef-48ca-8390-2c04f827a082","local_time":"20190126153141","is_ascension_mode":true,"campfire_choices":[{"data":"Infernal Blade","floor":7.0,"key":"SMITH"},{"data":"Limit Break","floor":10.0,"key":"SMITH"},{"data":"Juggernaut","floor":15.0,"key":"SMITH"},{"data":"RitualDagger","floor":24.0,"key":"SMITH"},{"floor":27.0,"key":"REST"},{"floor":32.0,"key":"REST"}],"neow_cost":"NONE","seed_source_timestamp":10359722165547,"circlet_count":0,"master_deck":["Strike_R","Defend_R","Defend_R","Defend_R","Defend_R","Body Slam","Disarm","Inflame","Body Slam","Infernal Blade+1","Juggernaut+1","Limit Break+1","Dual Wield","Metallicize","Metallicize","RitualDagger+1","Seeing Red","Armaments+1","Armaments+1","Demon Form","Panache","Seeing Red+1","Metallicize"],"special_seed":0,"relics":["Burning Blood","NeowsBlessing","Red Skull","Ice Cream","Pocketwatch","Bottled Tornado","Unceasing Top","Singing Bowl","Velvet Choker","Torii","Blood Vial","Potion Belt","Happy Flower","Ancient Tea Set","Enchiridion","Empty Cage","Prayer Wheel","Oddly Smooth Stone","Matryoshka","Pear","Bag of Marbles"],"potions_floor_usage":[38,40,46,46,46,46],"damage_taken":[{"damage":0.0,"enemies":"Jaw Worm","floor":1.0,"turns":1.0},{"damage":0.0,"enemies":"2 Louse","floor":5.0,"turns":1.0},{"damage":0.0,"enemies":"3 Sentries","floor":6.0,"turns":2.0},{"damage":17.0,"enemies":"Lagavulin","floor":8.0,"turns":7.0},{"damage":8.0,"enemies":"3 Sentries","floor":11.0,"turns":5.0},{"damage":0.0,"enemies":"Cultist","floor":12.0,"turns":3.0},{"damage":0.0,"enemies":"Large Slime","floor":13.0,"turns":4.0},{"damage":13.0,"enemies":"Lagavulin","floor":14.0,"turns":6.0},{"damage":43.0,"enemies":"Slime Boss","floor":16.0,"turns":8.0},{"damage":14.0,"enemies":"3 Byrds","floor":18.0,"turns":5.0},{"damage":24.0,"enemies":"2 Thieves","floor":21.0,"turns":4.0},{"damage":27.0,"enemies":"Gremlin Leader","floor":23.0,"turns":7.0},{"damage":22.0,"enemies":"Slavers","floor":25.0,"turns":7.0},{"damage":10.0,"enemies":"Gremlin Leader","floor":28.0,"turns":5.0},{"damage":11.0,"enemies":"Sentry and Sphere","floor":29.0,"turns":5.0},{"damage":7.0,"enemies":"Snecko","floor":30.0,"turns":4.0},{"damage":18.0,"enemies":"Automaton","floor":33.0,"turns":8.0},{"damage":12.0,"enemies":"Orb Walker","floor":35.0,"turns":4.0},{"damage":9,"enemies":"Mind Bloom Boss Battle","floor":36,"turns":9},{"damage":2,"enemies":"3 Darklings","floor":38,"turns":6},{"damage":29,"enemies":"Giant Head","floor":40,"turns":8},{"damage":11,"enemies":"Reptomancer","floor":42,"turns":8},{"damage":34,"enemies":"Sphere and 2 Shapes","floor":44,"turns":4},{"damage":78,"enemies":"Nemesis","floor":46,"turns":6}],"seed_played":"-5875120097663665728","potions_obtained":[{"floor":1.0,"key":"AttackPotion"},{"floor":12.0,"key":"Ancient Potion"},{"floor":14.0,"key":"Swift Potion"},{"floor":28.0,"key":"SkillPotion"},{"floor":29.0,"key":"GamblersBrew"},{"floor":30.0,"key":"SteroidPotion"},{"floor":33.0,"key":"Block Potion"},{"floor":35.0,"key":"Poison Potion"},{"floor":38,"key":"PowerPotion"},{"floor":40,"key":"SteroidPotion"}],"is_trial":false,"path_per_floor":["M","?","$","?","M","E","R","E","T","R","E","M","M","E","R","B",null,"M","?","?","M","$","E","R","E","T","R","E","M","M","?","R","B",null,"M","?","?","M","$","E","?","E","T","M","$","E"],"character_chosen":"IRONCLAD","items_purchased":["Inflame","Body Slam","Torii","Oddly Smooth Stone","PowerPotion","Metallicize","SteroidPotion"],"campfire_rested":2,"item_purchase_floors":[3,3,22,39,39,45,45],"current_hp_per_floor":[80,80,80,62,68,74,74,63,63,63,61,67,73,68,68,33,84,78,72,72,56,56,37,37,23,23,50,48,47,48,32,59,49,92,88,89,89,99,99,77,77,86,86,64,64,0],"gold":61,"neow_bonus":"THREE_ENEMY_KILL","is_prod":false,"is_daily":false,"chose_seed":false,"campfire_upgraded":4,"win_rate":0,"timestamp":1548516701,"path_taken":["M","?","$","?","M","E","R","E","T","R","E","M","M","E","R","BOSS","M","?","?","M","$","E","R","E","T","R","E","M","?","?","R","BOSS","M","?","?","M","?","E","?","E","T","M","?","E"],"build_version":"2019-01-23","purchased_purges":2,"victory":false,"max_hp_per_floor":[80,80,80,80,80,80,80,80,80,80,80,80,80,82,82,84,84,86,86,86,88,88,90,90,90,90,90,90,92,92,92,92,92,92,94,96,96,100,100,100,95,107,107,111,111,111],"card_choices":[{"not_picked":["Burning Pact","Havoc"],"picked":"Body Slam","floor":1.0},{"not_picked":["Warcry","Body Slam"],"picked":"Infernal Blade","floor":5.0},{"not_picked":["Pommel Strike","Sever Soul"],"picked":"Juggernaut","floor":6.0},{"not_picked":["True Grit","Flex"],"picked":"Limit Break","floor":8.0},{"not_picked":["Wild Strike","Rampage"],"picked":"Dual Wield","floor":11.0},{"not_picked":["Carnage","Twin Strike"],"picked":"Metallicize","floor":12.0},{"not_picked":["Twin Strike","Entrench"],"picked":"Metallicize","floor":13.0},{"not_picked":["Dual Wield","Thunderclap","Perfected Strike"],"picked":"Singing Bowl","floor":14.0},{"not_picked":["Impervious","Immolate","Double Tap"],"picked":"Singing Bowl","floor":16.0},{"not_picked":["Shockwave","Warcry","Wild Strike+1"],"picked":"Singing Bowl","floor":18.0},{"not_picked":["Heavy Blade+1","Body Slam","Burning Pact+1"],"picked":"Singing Bowl","floor":21.0},{"not_picked":["Heavy Blade+1","Combust+1","Fiend Fire"],"picked":"Singing Bowl","floor":23.0},{"not_picked":["Anger","Sever Soul+1"],"picked":"Seeing Red","floor":25.0},{"not_picked":["Anger","Feed"],"picked":"Armaments+1","floor":28.0},{"not_picked":["True Grit","Entrench+1","Power Through"],"picked":"Singing Bowl","floor":29.0},{"not_picked":["Cleave","Searing Blow+1"],"picked":"Armaments+1","floor":30.0},{"not_picked":["Impervious","Bludgeon"],"picked":"Demon Form","floor":33.0},{"not_picked":["Second Wind","Bloodletting+1","Heavy Blade"],"picked":"Singing Bowl","floor":35.0},{"not_picked":["Warcry","Armaments+1","Twin Strike+1"],"picked":"Singing Bowl","floor":36},{"not_picked":["Mind Blast","Swift Strike"],"picked":"Panache","floor":37},{"not_picked":["Pommel Strike","Evolve+1","Perfected Strike+1"],"picked":"Singing Bowl","floor":38},{"not_picked":["Iron Wave","Headbutt+1","Dropkick+1"],"picked":"Singing Bowl","floor":38},{"not_picked":["Rampage+1","Iron Wave"],"picked":"Seeing Red+1","floor":40},{"not_picked":["Bludgeon","Blood for Blood+1","Armaments"],"picked":"Singing Bowl","floor":42},{"not_picked":["Carnage+1","Intimidate","Anger+1"],"picked":"Singing Bowl","floor":44},{"not_picked":["Armaments","Iron Wave+1","Pommel Strike"],"picked":"Singing Bowl","floor":44}],"player_experience":120153,"relics_obtained":[{"floor":6.0,"key":"Ice Cream"},{"floor":8.0,"key":"Pocketwatch"},{"floor":9.0,"key":"Bottled Tornado"},{"floor":11.0,"key":"Unceasing Top"},{"floor":14.0,"key":"Singing Bowl"},{"floor":23.0,"key":"Blood Vial"},{"floor":25.0,"key":"Potion Belt"},{"floor":26.0,"key":"Happy Flower"},{"floor":28.0,"key":"Ancient Tea Set"},{"floor":31.0,"key":"Enchiridion"},{"floor":36,"key":"Prayer Wheel"},{"floor":40,"key":"Matryoshka"},{"floor":42,"key":"Pear"},{"floor":43,"key":"Bag of Marbles"}],"event_choices":[{"damage_healed":0.0,"max_hp_gain":0.0,"max_hp_loss":0.0,"gold_gain":0.0,"cards_transformed":["Strike_R"],"event_name":"Living Wall","player_choice":"Change","floor":2.0,"gold_loss":0.0,"damage_taken":0.0,"cards_obtained":["Disarm"]},{"damage_healed":0.0,"max_hp_gain":0.0,"max_hp_loss":0.0,"gold_gain":0.0,"event_name":"Scrap Ooze","player_choice":"Success","floor":4.0,"gold_loss":0.0,"damage_taken":18.0,"relics_obtained":["Red Skull"]},{"damage_healed":0.0,"max_hp_gain":0.0,"max_hp_loss":0.0,"gold_gain":0.0,"event_name":"Nest","player_choice":"Joined the Cult","floor":19.0,"gold_loss":0.0,"damage_taken":6.0,"cards_obtained":["RitualDagger"]},{"damage_healed":0.0,"max_hp_gain":0.0,"max_hp_loss":0.0,"gold_gain":0.0,"event_name":"The Joust","player_choice":"Bet on Owner","floor":20.0,"gold_loss":50.0,"damage_taken":0.0},{"damage_healed":0.0,"max_hp_gain":0.0,"max_hp_loss":0.0,"gold_gain":0.0,"event_name":"Cursed Tome","player_choice":"Obtained Book","floor":31.0,"gold_loss":0.0,"damage_taken":16.0},{"damage_healed":0,"gold_gain":0,"player_choice":"Fight","damage_taken":0,"max_hp_gain":0,"max_hp_loss":0,"event_name":"MindBloom","floor":36,"gold_loss":0},{"damage_healed":0,"gold_gain":0,"player_choice":"Memory 1","damage_taken":0,"max_hp_gain":0,"max_hp_loss":0,"event_name":"SensoryStone","floor":37,"gold_loss":0},{"damage_healed":0,"gold_gain":0,"player_choice":"Max HP","damage_taken":0,"max_hp_gain":0,"max_hp_loss":5,"event_name":"Winding Halls","floor":41,"gold_loss":0}],"is_beta":false,"boss_relics":[{"not_picked":["Black Blood","Busted Crown"],"picked":"Velvet Choker"},{"not_picked":["Orrery","Snecko Eye"],"picked":"Empty Cage"}],"items_purged_floors":[22,39],"is_endless":false,"potions_floor_spawned":[1,12,14,28,29,30,33,35,38,40],"killed_by":"Nemesis","ascension_level":1}