{"path_per_floor":["M","M","$","M","?","E","$","R","T","T","M","M","M","$","R","B",null,"M","?","$","?","T","R","?","E","T","R","E","M","$","?","R"],"character_chosen":"DEFECT","items_purchased":["Doom and Gloom","Strawberry","Panacea"],"gold_per_floor":[214,230,116,131,131,163,63,63,63,63,81,91,109,109,109,204,204,218,218,93,93,93,93,192,219,219,219,248,258,2,2,2,2],"floor_reached":33,"campfire_rested":1,"playtime":1155,"item_purchase_floors":[3,30,30],"current_hp_per_floor":[73,72,72,63,63,59,59,59,59,59,36,20,11,11,33,10,75,65,65,65,65,65,65,65,72,72,72,52,31,38,38,38,0],"items_purged":["Strike_B","Defend_B","Gash+1"],"gold":2,"score":321,"play_id":"756f1738-73b3-4733-952e-1fa7c50f320b","local_time":"20180621160245","is_prod":false,"is_daily":false,"chose_seed":false,"is_ascension_mode":true,"campfire_upgraded":4,"win_rate":0.0,"timestamp":1529611365,"campfire_choices":[{"data":"Loop","floor":8,"key":"SMITH"},{"floor":15,"key":"REST"},{"data":"Darkness","floor":23,"key":"SMITH"},{"data":"Redo","floor":27,"key":"SMITH"},{"data":"Zap","floor":32,"key":"SMITH"}],"path_taken":["M","M","$","M","?","E","$","R","T","?","M","M","M","$","R","BOSS","M","?","$","?","?","R","?","E","T","R","E","M","$","?","R","BOSS"],"build_version":"2018-06-14v2","seed_source_timestamp":151068974873904,"purchased_purges":3,"victory":false,"master_deck":["Zap+1","Dualcast+1","Sweeping Beam","Darkness+1","Doom and Gloom","Loop+1","FTL+1","Consume+1","Redo+1","Turbo","Reprogram","Gash+1","Self Repair","Fusion","Rip and Tear+1","Defragment","Panacea"],"max_hp_per_floor":[75,75,75,75,75,75,75,75,75,75,75,75,75,75,75,75,75,75,75,75,75,75,75,75,75,75,75,75,75,82,82,82,82],"relics":["Cracked Core","Molten Egg 2","Ice Cream","Potion Belt","Pandora\u0027s Box","Dodecahedron","Anchor","Bottled Flame","Matryoshka","Strawberry"],"card_choices":[{"not_picked":["Double Energy","Cold Snap"],"picked":"Sweeping Beam","floor":1},{"not_picked":["Ball Lightning","Compile Driver"],"picked":"Darkness","floor":2},{"not_picked":["Rainbow","Doom and Gloom"],"picked":"Loop","floor":4},{"not_picked":["Ball Lightning","Hello World"],"picked":"FTL","floor":6},{"not_picked":["Steam","Capacitor"],"picked":"Consume","floor":11},{"not_picked":["Streamline+1","Barrage+1"],"picked":"Redo","floor":12},{"not_picked":["Turbo","Darkness","Hologram"],"picked":"SKIP","floor":13},{"not_picked":["Ball Lightning+1","Cold Snap+1","Reprogram+1"],"picked":"SKIP","floor":18},{"not_picked":["Gash+1","Storm"],"picked":"Rip and Tear+1","floor":25},{"not_picked":["Loop","Coolheaded+1"],"picked":"Defragment","floor":28},{"not_picked":["Storm","Biased Cognition","Reinforced Body"],"picked":"SKIP","floor":29}],"player_experience":245629,"potions_floor_usage":[6,33,33],"damage_taken":[{"damage":2,"enemies":"2 Louse","floor":1,"turns":2},{"damage":1,"enemies":"Jaw Worm","floor":2,"turns":3},{"damage":9,"enemies":"Cultist","floor":4,"turns":4},{"damage":4,"enemies":"Gremlin Nob","floor":6,"turns":3},{"damage":23,"enemies":"Exordium Wildlife","floor":11,"turns":3},{"damage":16,"enemies":"2 Fungi Beasts","floor":12,"turns":3},{"damage":9,"enemies":"Blue Slaver","floor":13,"turns":3},{"damage":23,"enemies":"The Guardian","floor":16,"turns":5},{"damage":10,"enemies":"Spheric Guardian","floor":18,"turns":3},{"damage":0,"enemies":"Gremlin Leader","floor":25,"turns":4},{"damage":20,"enemies":"Book of Stabbing","floor":28,"turns":3},{"damage":28,"enemies":"Chosen","floor":29,"turns":4},{"damage":42,"enemies":"Automaton","floor":33,"turns":4}],"relics_obtained":[{"floor":6,"key":"Molten Egg 2"},{"floor":9,"key":"Ice Cream"},{"floor":10,"key":"Potion Belt"},{"floor":22,"key":"Dodecahedron"},{"floor":25,"key":"Anchor"},{"floor":26,"key":"Bottled Flame"},{"floor":28,"key":"Matryoshka"}],"event_choices":[{"event_name":"Living Wall","player_choice":"Grow","floor":5,"damage_taken":0},{"event_name":"Cursed Tome","player_choice":"Ignored","floor":19,"damage_taken":0},{"event_name":"Accursed Blacksmith","player_choice":"Forge","floor":21,"damage_taken":0},{"event_name":"Nest","player_choice":"Stole From Cult","floor":24,"damage_taken":0},{"event_name":"Ghosts","player_choice":"Ignored","floor":31,"damage_taken":0}],"boss_relics":[{"not_picked":["Astrolabe","Ectoplasm"],"picked":"Pandora\u0027s Box"}],"items_purged_floors":[3,7,20],"is_endless":false,"potions_floor_spawned":[4,11,12,18,25],"seed_played":"-1823338346750602996","killed_by":"Automaton","ascension_level":1,"potions_obtained":[{"floor":4,"key":"SkillPotion"},{"floor":11,"key":"Energy Potion"},{"floor":12,"key":"Dexterity Potion"},{"floor":18,"key":"Strength Potion"},{"floor":25,"key":"Explosive Potion"}],"is_trial":false}