{"gold_per_floor":[212,230,246,147,160,160,122,151,151,151,151,179,179,190,190,190],"floor_reached":16,"playtime":1255,"items_purged":["Strike_R"],"score":110,"play_id":"97e52177-f0bf-4db9-90c5-5fb79172b560","local_time":"20190225041909","is_ascension_mode":false,"campfire_choices":[{"data":"Armaments","floor":6.0,"key":"SMITH"},{"data":"Shrug It Off","floor":10.0,"key":"SMITH"},{"data":"Body Slam","floor":13.0,"key":"SMITH"},{"data":"Feel No Pain","floor":15.0,"key":"SMITH"}],"neow_cost":"NONE","seed_source_timestamp":736578461795384,"circlet_count":0,"master_deck":["Strike_R+1","Strike_R","Strike_R","Strike_R+1","Defend_R+1","Defend_R","Defend_R","Defend_R","Bash","Pummel","Pommel Strike","Ghostly Armor+1","Shrug It Off+1","Armaments+1","Feel No Pain+1","Immolate","Body Slam+1","Flex+1"],"special_seed":0,"relics":["Burning Blood","War Paint","Whetstone","Toxic Egg 2"],"potions_floor_usage":[16],"damage_taken":[{"damage":8.0,"enemies":"Jaw Worm","floor":1.0,"turns":4.0},{"damage":3.0,"enemies":"2 Louse","floor":2.0,"turns":4.0},{"damage":0.0,"enemies":"Small Slimes","floor":3.0,"turns":2.0},{"damage":2.0,"enemies":"3 Louse","floor":5.0,"turns":5.0},{"damage":6.0,"enemies":"3 Sentries","floor":8.0,"turns":11.0},{"damage":40.0,"enemies":"Lagavulin","floor":12.0,"turns":7.0},{"damage":0.0,"enemies":"Lots of Slimes","floor":14.0,"turns":1.0},{"damage":53,"enemies":"The Guardian","floor":16,"turns":14}],"seed_played":"3034452645096512892","potions_obtained":[{"floor":3.0,"key":"Energy Potion"},{"floor":5.0,"key":"SpeedPotion"},{"floor":12.0,"key":"Strength Potion"}],"is_trial":false,"path_per_floor":["M","M","M","$","M","R","$","E","T","R","?","E","R","M","R","B"],"character_chosen":"IRONCLAD","items_purchased":["Shrug It Off","Feel No Pain"],"campfire_rested":0,"item_purchase_floors":[4,7],"current_hp_per_floor":[78,80,80,80,80,80,80,80,80,80,80,46,46,52,52,0],"gold":190,"neow_bonus":"HUNDRED_GOLD","is_prod":false,"is_daily":false,"chose_seed":false,"campfire_upgraded":4,"win_rate":0,"timestamp":1551035949,"path_taken":["M","M","M","$","M","R","$","E","T","R","?","E","R","M","R","BOSS"],"build_version":"2019-01-23","purchased_purges":1,"victory":false,"max_hp_per_floor":[80,80,80,80,80,80,80,80,80,80,80,80,80,80,80,80],"card_choices":[{"not_picked":["Sword Boomerang","Body Slam"],"picked":"Pummel","floor":1.0},{"not_picked":["Thunderclap","Fire Breathing"],"picked":"Pommel Strike","floor":2.0},{"not_picked":["Pommel Strike","Combust"],"picked":"Ghostly Armor","floor":3.0},{"not_picked":["Body Slam","Heavy Blade"],"picked":"Armaments","floor":5.0},{"not_picked":["Entrench","Fire Breathing"],"picked":"Immolate","floor":8.0},{"not_picked":["Perfected Strike","Rampage"],"picked":"Body Slam","floor":12.0},{"not_picked":["Bloodletting+1","Wild Strike"],"picked":"Flex+1","floor":14.0}],"player_experience":417235,"relics_obtained":[{"floor":8.0,"key":"War Paint"},{"floor":9.0,"key":"Whetstone"},{"floor":12.0,"key":"Toxic Egg 2"}],"event_choices":[{"damage_healed":0.0,"max_hp_gain":0.0,"max_hp_loss":0.0,"gold_gain":0.0,"event_name":"Liars Game","player_choice":"Ignored","floor":11.0,"gold_loss":0.0,"damage_taken":0.0}],"is_beta":false,"boss_relics":[],"items_purged_floors":[4],"is_endless":false,"potions_floor_spawned":[3,5,12],"killed_by":"The Guardian","ascension_level":0}