{"gold_per_floor":[110,129,129,141,154,154,171,0,80,60,73,73,89,106,106,177,177,188,188,38,55,66,66,85,85,85,32,32],"floor_reached":28,"playtime":1012,"items_purged":["Strike_B","Writhe"],"score":428,"play_id":"c833c6e0-e4c5-4980-aa16-32923c64772c","local_time":"20181204221909","is_ascension_mode":true,"campfire_choices":[{"data":"Double Energy","floor":6,"key":"SMITH"},{"floor":12,"key":"REST"},{"data":"Dualcast","floor":15,"key":"SMITH"},{"floor":23,"key":"REST"},{"data":"Reinforced Body","floor":25,"key":"SMITH"}],"neow_cost":"PERCENT_DAMAGE","seed_source_timestamp":11423667666916,"circlet_count":0,"master_deck":["AscendersBane","Defend_B","Defend_B","Defend_B","Defend_B","Zap","Dualcast+1","Undo","Double Energy+1","Cold Snap","Doom and Gloom","Gash","Ball Lightning","BootSequence","Steam","Gash","Beam Cell","Rebound","Echo Form","Barrage+1","Conserve Battery","Reinforced Body+1","Conserve Battery","Ball Lightning+1"],"relics":["Cracked Core","Mummified Hand","Nuclear Battery","Gambling Chip","Sundial"],"potions_floor_usage":[5,16,18,22,28],"damage_taken":[{"damage":0,"enemies":"Cultist","floor":1,"turns":4},{"damage":1,"enemies":"2 Louse","floor":2,"turns":3},{"damage":0,"enemies":"Small Slimes","floor":4,"turns":2},{"damage":9,"enemies":"Exordium Thugs","floor":5,"turns":4},{"damage":3,"enemies":"Blue Slaver","floor":7,"turns":3},{"damage":4,"enemies":"Looter","floor":11,"turns":3},{"damage":1,"enemies":"Red Slaver","floor":13,"turns":3},{"damage":0,"enemies":"3 Louse","floor":14,"turns":3},{"damage":33,"enemies":"Slime Boss","floor":16,"turns":4},{"damage":11,"enemies":"Chosen","floor":18,"turns":6},{"damage":12,"enemies":"Shell Parasite","floor":21,"turns":5},{"damage":12,"enemies":"Centurion and Healer","floor":22,"turns":5},{"damage":10,"enemies":"3 Cultists","floor":24,"turns":5},{"damage":32,"enemies":"Shelled Parasite and Fungi","floor":28,"turns":5}],"seed_played":"-522136197247013662","potions_obtained":[{"floor":4,"key":"Weak Potion"},{"floor":7,"key":"AttackPotion"},{"floor":10,"key":"FearPotion"},{"floor":13,"key":"Block Potion"},{"floor":21,"key":"Poison Potion"}],"is_trial":false,"path_per_floor":["M","M","?","M","M","R","M","$","T","?","M","R","M","M","R","B",null,"M","?","$","M","M","R","M","R","T","$","M"],"character_chosen":"DEFECT","items_purchased":["BootSequence","Steam","Conserve Battery","PowerPotion"],"campfire_rested":2,"item_purchase_floors":[8,8,20,27],"current_hp_per_floor":[46,45,38,38,29,29,26,26,26,26,22,43,42,42,42,9,56,45,45,45,33,21,42,32,32,32,32,0],"gold":32,"neow_bonus":"TRANSFORM_TWO_CARDS","is_prod":false,"is_daily":false,"chose_seed":false,"campfire_upgraded":3,"win_rate":0,"timestamp":1543958349,"path_taken":["M","?","?","M","M","R","M","$","T","?","M","R","M","?","R","BOSS","M","?","$","M","M","R","M","R","T","$","M"],"build_version":"2018-12-4","purchased_purges":2,"victory":false,"max_hp_per_floor":[71,71,71,71,71,71,71,71,71,71,71,71,71,71,71,71,71,71,71,71,71,71,71,71,71,71,71,71],"card_choices":[{"not_picked":["Redo","Chill"],"picked":"Cold Snap","floor":1},{"not_picked":["Aggregate","Darkness"],"picked":"Doom and Gloom","floor":2},{"not_picked":["Beam Cell","Barrage"],"picked":"Gash","floor":4},{"not_picked":["Stack","Leap"],"picked":"Ball Lightning","floor":5},{"not_picked":["Heatsinks","Buffer","Streamline"],"picked":"SKIP","floor":7},{"not_picked":["Go for the Eyes","Static Discharge"],"picked":"Gash","floor":11},{"not_picked":["Barrage","Rebound"],"picked":"Beam Cell","floor":13},{"not_picked":["Hello World","Coolheaded"],"picked":"Rebound","floor":14},{"not_picked":["Rainbow","Seek"],"picked":"Echo Form","floor":16},{"not_picked":["Leap","Heatsinks"],"picked":"Barrage+1","floor":18},{"not_picked":["Turbo","Redo"],"picked":"Reinforced Body","floor":21},{"not_picked":["Barrage","Heatsinks"],"picked":"Conserve Battery","floor":22},{"not_picked":["Conserve Battery","Static Discharge"],"picked":"Ball Lightning+1","floor":24}],"player_experience":844858,"relics_obtained":[{"floor":9,"key":"Mummified Hand"},{"floor":26,"key":"Sundial"}],"event_choices":[{"cards_removed":["Strike_B"],"damage_healed":0,"gold_gain":0,"player_choice":"Card Removal","damage_taken":7,"max_hp_gain":0,"max_hp_loss":0,"event_name":"Golden Wing","floor":3,"gold_loss":0},{"damage_healed":0,"gold_gain":0,"player_choice":"Bought 1 Potion","damage_taken":0,"max_hp_gain":0,"max_hp_loss":0,"event_name":"The Woman in Blue","floor":10,"gold_loss":0},{"damage_healed":0,"gold_gain":0,"player_choice":"Opened","damage_taken":0,"relics_obtained":["Gambling Chip"],"max_hp_gain":0,"max_hp_loss":0,"event_name":"The Mausoleum","floor":19,"gold_loss":0,"cards_obtained":["Writhe"]}],"is_beta":true,"boss_relics":[{"not_picked":["Snecko Eye","FrozenCore"],"picked":"Nuclear Battery"}],"items_purged_floors":[8,20],"is_endless":false,"potions_floor_spawned":[4,7,13,21],"killed_by":"Shelled Parasite and Fungi","ascension_level":20}