{"path_per_floor":["M","?","?","$","M","R","M","M","T","R","$","R","M","$","R","B",null,"M","M","$","M","$","R","$","M","T","M","M","R","$","M","R"],"character_chosen":"DEFECT","items_purchased":["Doom and Gloom","Stack","Sunder"],"gold_per_floor":[99,99,99,63,63,63,63,63,63,63,36,36,36,36,36,36,36,36,36,36,36,1,1,1,1,1,1,1,1,1,1,1,1],"floor_reached":33,"campfire_rested":4,"playtime":1257,"item_purchase_floors":[],"current_hp_per_floor":[74,63,48,48,48,70,70,75,75,75,75,75,75,75,75,35,80,80,71,71,63,63,85,85,74,74,44,22,47,47,43,68,0],"items_purged":[],"gold":1,"score":263,"play_id":"a5dc2763-dea7-465f-833d-37589235ead8","local_time":"20180527055055","is_prod":false,"is_daily":false,"chose_seed":false,"is_ascension_mode":true,"campfire_upgraded":3,"win_rate":0,"timestamp":1527409255,"campfire_choices":[{"floor":6.0,"key":"REST"},{"data":"Zap","floor":10,"key":"SMITH"},{"data":"Melter","floor":12,"key":"SMITH"},{"data":"Doom and Gloom","floor":15,"key":"SMITH"},{"floor":23,"key":"REST"},{"floor":29,"key":"REST"},{"floor":32,"key":"REST"}],"path_taken":["M","?","?","?","M","R","M","M","T","R","$","R","M","$","R","BOSS","M","M","?","M","$","R","$","?","T","?","M","R","$","M","R","BOSS"],"build_version":"2018-05-25","seed_source_timestamp":0,"purchased_purges":0,"victory":false,"master_deck":["Strike_B","Strike_B+1","Strike_B","Strike_B","Defend_B","Defend_B+1","Defend_B","Defend_B","Zap+1","Dualcast","Doom and Gloom+1","BootSequence","Conserve Battery","Melter+1","Stack","Echo Form","Hologram","Hello World","Scrape","Sunder","Stack+1","Auto Shields"],"max_hp_per_floor":[75,75,75,75,75,75,75,80,80,80,80,80,80,80,80,80,80,80,85,85,85,85,85,85,85,85,85,85,85,85,85,85,85],"relics":["Ectoplasm"],"card_choices":[{"not_picked":["Streamline","Cold Snap","Glacier"],"picked":"SKIP","floor":1.0},{"not_picked":["Ball Lightning","Undo"],"picked":"BootSequence","floor":5.0},{"not_picked":["Streamline","Compile Driver"],"picked":"Conserve Battery","floor":7.0},{"not_picked":["Rip and Tear","Double Energy"],"picked":"Melter","floor":8.0},{"not_picked":["Rebound","Beam Cell","Redo"],"picked":"SKIP","floor":13},{"not_picked":["Electrodynamics","Hyperbeam"],"picked":"Echo Form","floor":16},{"not_picked":["Cold Snap+1","Compile Driver"],"picked":"Hologram","floor":18},{"not_picked":["Beam Cell","Leap"],"picked":"Hello World","floor":19},{"not_picked":["Turbo+1","Leap"],"picked":"Scrape","floor":21},{"not_picked":["Amplify","Beam Cell"],"picked":"Stack+1","floor":27},{"not_picked":["Heatsinks","Turbo","Rip and Tear"],"picked":"SKIP","floor":28},{"not_picked":["Redo+1","Rebound"],"picked":"Auto Shields","floor":31}],"player_experience":464569,"potions_floor_usage":[16,19,25,25,27,31],"damage_taken":[{"damage":1.0,"enemies":"Cultist","floor":1.0,"turns":3.0},{"damage":0.0,"enemies":"Jaw Worm","floor":5.0,"turns":3.0},{"damage":0.0,"enemies":"Small Slimes","floor":7.0,"turns":3.0},{"damage":0.0,"enemies":"2 Fungi Beasts","floor":8.0,"turns":3.0},{"damage":0,"enemies":"Blue Slaver","floor":13,"turns":3},{"damage":40,"enemies":"Hexaghost","floor":16,"turns":10},{"damage":0,"enemies":"Chosen","floor":18,"turns":4},{"damage":14,"enemies":"3 Byrds","floor":19,"turns":6},{"damage":8,"enemies":"Centurion and Healer","floor":21,"turns":6},{"damage":11,"enemies":"Chosen and Byrds","floor":25,"turns":4},{"damage":30,"enemies":"Snake Plant","floor":27,"turns":4},{"damage":22,"enemies":"Cultist and Chosen","floor":28,"turns":7},{"damage":4,"enemies":"Centurion and Healer","floor":31,"turns":5},{"damage":87,"enemies":"Collector","floor":33,"turns":12}],"relics_obtained":[],"event_choices":[{"event_name":"World of Goop","player_choice":"Gather Gold","floor":2.0,"damage_taken":0.0},{"event_name":"Shining Light","player_choice":"Entered Light","floor":3.0,"damage_taken":0.0}],"boss_relics":[{"not_picked":["Inserter","Tiny House","Eternal Feather"]}],"items_purged_floors":[],"potions_floor_spawned":[5,7,13,16,18,21,25,28],"seed_played":"5491667615372987097","killed_by":"Collector","ascension_level":2,"potions_obtained":[{"floor":5.0,"key":"FearPotion"},{"floor":7.0,"key":"Fruit Juice"},{"floor":13,"key":"PowerPotion"},{"floor":16,"key":"SmokeBomb"},{"floor":18,"key":"Fruit Juice"},{"floor":21,"key":"Swift Potion"},{"floor":28,"key":"Weak Potion"}],"is_trial":false}