{"gold_per_floor":[119,119,139,139,157,157,231,108,108,123,32,32,51,51,51,176,176,195,195,195,195,209,209,209,222,298,310,154,154,164,199,199,199],"floor_reached":33,"playtime":2286,"items_purged":["Strike_R"],"score":255,"play_id":"f9d08ba8-9567-480b-b5f5-52d7d2f0b5d8","local_time":"20190222224725","is_ascension_mode":false,"campfire_choices":[{"floor":6,"key":"REST"},{"floor":12,"key":"REST"},{"data":"Armaments","floor":15,"key":"SMITH"},{"data":"Demon Form","floor":23,"key":"SMITH"},{"floor":29,"key":"REST"},{"floor":32,"key":"REST"}],"neow_cost":"NONE","seed_source_timestamp":47073410633705,"circlet_count":0,"master_deck":["Strike_R","Strike_R","Strike_R","Strike_R","Defend_R","Defend_R","Defend_R","Defend_R","Bash","Dramatic Entrance","Twin Strike","Headbutt","Pommel Strike","Armaments+1","Impervious","Shrug It Off","Shrug It Off","Madness","Fire Breathing","Demon Form+1","Headbutt","Infernal Blade","Seeing Red+1","Pummel","Discovery","Carnage"],"relics":["Burning Blood","Bloody Idol","Question Card","Bronze Scales","Pantograph","Sozu","Gremlin Horn","Calipers"],"potions_floor_usage":[16,33],"damage_taken":[{"damage":3,"enemies":"2 Louse","floor":1,"turns":2},{"damage":6,"enemies":"Jaw Worm","floor":3,"turns":2},{"damage":3,"enemies":"Cultist","floor":5,"turns":5},{"damage":58,"enemies":"Lagavulin Event","floor":7,"turns":8},{"damage":2,"enemies":"Blue Slaver","floor":10,"turns":4},{"damage":0,"enemies":"2 Fungi Beasts","floor":13,"turns":3},{"damage":42,"enemies":"Hexaghost","floor":16,"turns":11},{"damage":25,"enemies":"2 Thieves","floor":18,"turns":4},{"damage":0,"enemies":"Spheric Guardian","floor":22,"turns":4},{"damage":22,"enemies":"Centurion and Healer","floor":25,"turns":6},{"damage":20,"enemies":"Snecko","floor":27,"turns":6},{"damage":2,"enemies":"Cultist and Chosen","floor":30,"turns":4},{"damage":48,"enemies":"Slavers","floor":31,"turns":6},{"damage":81,"enemies":"Collector","floor":33,"turns":6}],"seed_played":"7278227111908915544","potions_obtained":[{"floor":1,"key":"Ancient Potion"},{"floor":7,"key":"PowerPotion"},{"floor":16,"key":"Block Potion"}],"is_trial":false,"path_per_floor":["M","?","M","?","M","R","?","$","T","M","$","R","M","?","R","B",null,"M","?","?","?","M","R","?","M","T","M","$","R","M","E","R","B"],"character_chosen":"IRONCLAD","items_purchased":["Impervious","Shrug It Off","Madness","Discovery"],"campfire_rested":4,"item_purchase_floors":[8,8,11,28],"current_hp_per_floor":[80,60,60,53,56,80,28,28,28,32,32,56,62,62,62,44,80,61,61,61,61,72,72,72,61,66,57,57,80,80,43,67,0],"gold":199,"neow_bonus":"RANDOM_COLORLESS","is_prod":false,"is_daily":false,"chose_seed":false,"campfire_upgraded":2,"win_rate":0.0,"timestamp":1550872045,"path_taken":["M","?","M","?","M","R","?","?","T","M","?","R","?","?","R","BOSS","M","?","?","?","M","R","?","?","T","M","$","R","M","E","R","BOSS"],"build_version":"2019-01-23","purchased_purges":1,"victory":false,"max_hp_per_floor":[80,80,80,80,80,80,80,80,80,80,80,80,80,80,80,80,80,80,80,80,80,80,80,80,80,80,80,80,80,80,80,80,80],"card_choices":[{"not_picked":["Perfected Strike","Clash"],"picked":"Twin Strike","floor":1},{"not_picked":["Thunderclap","Clothesline"],"picked":"Headbutt","floor":3},{"not_picked":["Thunderclap","True Grit","Warcry"],"picked":"Pommel Strike","floor":5},{"not_picked":["True Grit","Ghostly Armor","Dual Wield"],"picked":"Armaments","floor":7},{"not_picked":["Feel No Pain","Offering","Bloodletting"],"picked":"Shrug It Off","floor":10},{"not_picked":["Second Wind","Headbutt","Pommel Strike"],"picked":"Fire Breathing","floor":13},{"not_picked":["Brutality","Offering","Dark Embrace"],"picked":"Demon Form","floor":16},{"not_picked":["True Grit+1","Sword Boomerang","Anger"],"picked":"Headbutt","floor":18},{"not_picked":["Warcry","Pommel Strike+1","Perfected Strike"],"picked":"Seeing Red+1","floor":22},{"not_picked":["Warcry","Cleave","Pummel","Twin Strike"],"picked":"SKIP","floor":25},{"not_picked":["Thunderclap","Iron Wave","Reckless Charge+1"],"picked":"Pummel","floor":27},{"not_picked":["Corruption+1","Second Wind","Clash","Dropkick"],"picked":"SKIP","floor":30},{"not_picked":["Sever Soul+1","Intimidate","Iron Wave+1"],"picked":"Carnage","floor":31}],"player_experience":12128,"relics_obtained":[{"floor":7,"key":"Bronze Scales"},{"floor":9,"key":"Pantograph"},{"floor":26,"key":"Gremlin Horn"},{"floor":31,"key":"Calipers"}],"event_choices":[{"damage_healed":0,"gold_gain":0,"player_choice":"Take Damage","damage_taken":20,"relics_obtained":["Golden Idol"],"max_hp_gain":0,"max_hp_loss":0,"event_name":"Golden Idol","floor":2,"gold_loss":0},{"damage_healed":0,"gold_gain":0,"player_choice":"Success","damage_taken":7,"relics_obtained":["Question Card"],"max_hp_gain":0,"max_hp_loss":0,"event_name":"Scrap Ooze","floor":4,"gold_loss":0},{"damage_healed":0,"gold_gain":30,"player_choice":"Searched \u00272\u0027 times","damage_taken":0,"max_hp_gain":0,"max_hp_loss":0,"event_name":"Dead Adventurer","floor":7,"gold_loss":0},{"damage_healed":0,"gold_gain":0,"player_choice":"Ignored","damage_taken":0,"max_hp_gain":0,"max_hp_loss":0,"event_name":"Golden Wing","floor":14,"gold_loss":0},{"damage_healed":0,"gold_gain":0,"player_choice":"Read","damage_taken":0,"max_hp_gain":0,"max_hp_loss":0,"event_name":"The Library","floor":19,"gold_loss":0,"cards_obtained":["Infernal Blade"]},{"damage_healed":0,"gold_gain":0,"player_choice":"Gave Idol","damage_taken":0,"relics_obtained":["Bloody Idol"],"max_hp_gain":0,"max_hp_loss":0,"event_name":"Forgotten Altar","floor":20,"relics_lost":["Golden Idol"],"gold_loss":0},{"damage_healed":0,"gold_gain":0,"player_choice":"Ignored","damage_taken":0,"max_hp_gain":0,"max_hp_loss":0,"event_name":"Vampires","floor":21,"gold_loss":0},{"damage_healed":0,"gold_gain":0,"player_choice":"Ignored","damage_taken":0,"max_hp_gain":0,"max_hp_loss":0,"event_name":"The Mausoleum","floor":24,"gold_loss":0}],"is_beta":false,"boss_relics":[{"not_picked":["Velvet Choker","Fusion Hammer"],"picked":"Sozu"}],"items_purged_floors":[28],"is_endless":false,"potions_floor_spawned":[1,7,16,18,30,31],"killed_by":"Collector","ascension_level":0}