{"gold_per_floor":[110,126,9,84,84,116,41,59,59,76,86,98,98,124,124,124],"floor_reached":16,"playtime":388,"items_purged":[],"score":260,"play_id":"a812b01a-c619-4882-b230-3870b5810413","local_time":"20190209150233","is_ascension_mode":true,"campfire_choices":[{"floor":13,"key":"REST"},{"data":"Lockon","floor":15,"key":"SMITH"}],"neow_cost":"NONE","seed_source_timestamp":692484761059661,"circlet_count":0,"master_deck":["AscendersBane","Strike_B","Strike_B","Strike_B","Defend_B","Defend_B","Defend_B","Defend_B","Zap","Dualcast","Lockon+1","Steam","Gash","Go for the Eyes","Double Energy","Glacier","Ball Lightning","BootSequence","Glacier"],"relics":["Cracked Core","NeowsBlessing","Blue Candle","Matryoshka","Singing Bowl"],"potions_floor_usage":[8,14,14],"damage_taken":[{"damage":0,"enemies":"Small Slimes","floor":1,"turns":1},{"damage":0,"enemies":"Cultist","floor":2,"turns":1},{"damage":0,"enemies":"Lagavulin","floor":6,"turns":1},{"damage":2,"enemies":"Jaw Worm","floor":8,"turns":4},{"damage":5,"enemies":"Red Slaver","floor":10,"turns":3},{"damage":0,"enemies":"Blue Slaver","floor":11,"turns":4},{"damage":7,"enemies":"2 Fungi Beasts","floor":12,"turns":2},{"damage":18,"enemies":"3 Sentries","floor":14,"turns":6},{"damage":48,"enemies":"Slime Boss","floor":16,"turns":7}],"seed_played":"-4390303997367722371","potions_obtained":[{"floor":1,"key":"FocusPotion"},{"floor":6,"key":"Block Potion"},{"floor":11,"key":"Block Potion"}],"is_trial":false,"path_per_floor":["M","M","$","?","?","E","?","M","T","M","M","M","R","E","R","B"],"character_chosen":"DEFECT","items_purchased":["Gash","Go for the Eyes"],"campfire_rested":1,"item_purchase_floors":[3,3],"current_hp_per_floor":[64,64,64,53,53,53,53,51,51,46,46,39,60,42,42,0],"gold":124,"neow_bonus":"THREE_ENEMY_KILL","is_prod":false,"is_daily":false,"chose_seed":false,"campfire_upgraded":1,"win_rate":0,"timestamp":1549717353,"path_taken":["M","M","$","?","?","E","?","M","T","M","M","M","R","E","R","BOSS"],"build_version":"2019-01-23","purchased_purges":0,"victory":false,"max_hp_per_floor":[71,71,71,71,71,71,71,71,71,71,71,71,71,71,71,71],"card_choices":[{"not_picked":["Compile Driver","Skim"],"picked":"Lockon","floor":1},{"not_picked":["Streamline","Leap"],"picked":"Steam","floor":2},{"not_picked":["Cold Snap","Rebound"],"picked":"Double Energy","floor":6},{"not_picked":["Heatsinks","Hologram"],"picked":"Glacier","floor":8},{"not_picked":["Cold Snap","Tempest","Turbo"],"picked":"SKIP","floor":10},{"not_picked":["Auto Shields","Static Discharge"],"picked":"Ball Lightning","floor":11},{"not_picked":["Tempest","Scrape"],"picked":"BootSequence","floor":12},{"not_picked":["Redo","Streamline"],"picked":"Glacier","floor":14}],"player_experience":720550,"relics_obtained":[{"floor":6,"key":"Blue Candle"},{"floor":9,"key":"Matryoshka"},{"floor":14,"key":"Singing Bowl"}],"event_choices":[{"damage_healed":0,"gold_gain":75,"player_choice":"Gather Gold","damage_taken":11,"max_hp_gain":0,"max_hp_loss":0,"event_name":"World of Goop","floor":4,"gold_loss":0},{"damage_healed":0,"gold_gain":0,"player_choice":"Fled","damage_taken":0,"max_hp_gain":0,"max_hp_loss":0,"event_name":"Scrap Ooze","floor":5,"gold_loss":0},{"cards_removed":["Strike_B"],"damage_healed":0,"gold_gain":0,"player_choice":"Card Removal","damage_taken":0,"max_hp_gain":0,"max_hp_loss":0,"event_name":"The Cleric","floor":7,"gold_loss":75}],"is_beta":false,"boss_relics":[],"items_purged_floors":[],"is_endless":false,"potions_floor_spawned":[1,6,11],"killed_by":"Slime Boss","ascension_level":18}