{"path_per_floor":["M","?","?","M","M","M","R","$","T","?","R","?","$","M","R"],"character_chosen":"DEFECT","items_purchased":[],"gold_per_floor":[115,115,115,125,140,157,157,82,128,128,128,157,57,75,75,75],"floor_reached":16,"campfire_rested":1,"playtime":553,"item_purchase_floors":[],"current_hp_per_floor":[74,67,67,58,58,40,40,40,47,47,47,19,19,10,34,0],"items_purged":["Defend_B","Defend_B"],"gold":75,"score":99,"play_id":"b41b1720-35a1-4ba0-a21a-ec846403aed4","local_time":"20180621184739","is_prod":false,"is_daily":false,"chose_seed":false,"is_ascension_mode":true,"campfire_upgraded":2,"win_rate":0,"timestamp":1529621259,"campfire_choices":[{"data":"Dualcast","floor":7,"key":"SMITH"},{"data":"Zap","floor":11,"key":"SMITH"},{"floor":15,"key":"REST"}],"path_taken":["M","?","?","M","M","?","R","?","T","?","R","?","$","M","R","BOSS"],"build_version":"2018-06-14v2","seed_source_timestamp":159804953464941,"purchased_purges":2,"victory":false,"master_deck":["Strike_B","Defend_B","Zap+1","Dualcast+1","Gash","Gash","Consume","Double Energy","Static Discharge","Go for the Eyes"],"max_hp_per_floor":[75,75,75,75,75,75,75,75,82,82,82,82,82,82,82,82],"relics":["Cracked Core","Strawberry","Odd Mushroom"],"card_choices":[{"not_picked":["Steam","Coolheaded"],"picked":"Gash","floor":1},{"not_picked":["Darkness","Consume"],"picked":"Double Energy","floor":4},{"not_picked":["Barrage","Double Energy"],"picked":"Static Discharge","floor":5},{"not_picked":["Streamline","Darkness","Rebound"],"picked":"SKIP","floor":6},{"not_picked":["Redo","Rebound"],"picked":"Go for the Eyes","floor":12},{"not_picked":["White Noise","Double Energy","Conserve Battery"],"picked":"SKIP","floor":14}],"player_experience":254195,"potions_floor_usage":[12],"damage_taken":[{"damage":1,"enemies":"2 Louse","floor":1,"turns":2},{"damage":9,"enemies":"Jaw Worm","floor":4,"turns":3},{"damage":0,"enemies":"Cultist","floor":5,"turns":2},{"damage":18,"enemies":"Lots of Slimes","floor":6,"turns":3},{"damage":28,"floor":12,"turns":3},{"damage":9,"enemies":"Exordium Thugs","floor":14,"turns":4},{"damage":38,"enemies":"Slime Boss","floor":16,"turns":5}],"relics_obtained":[{"floor":9,"key":"Strawberry"},{"floor":12,"key":"Odd Mushroom"}],"event_choices":[{"event_name":"Golden Wing","player_choice":"Card Removal","floor":2,"damage_taken":0},{"event_name":"Transmorgrifier","player_choice":"Transform","floor":3,"damage_taken":0},{"event_name":"Living Wall","player_choice":"Forget","floor":10,"damage_taken":0},{"event_name":"Mushrooms","player_choice":"Fought Mushrooms","floor":12,"damage_taken":0}],"boss_relics":[],"items_purged_floors":[8,13],"is_endless":false,"potions_floor_spawned":[5,6,14],"seed_played":"3312442605256283049","killed_by":"Slime Boss","ascension_level":2,"potions_obtained":[{"floor":5,"key":"Ancient Potion"},{"floor":6,"key":"AttackPotion"},{"floor":14,"key":"FearPotion"}],"is_trial":false}