{"gold_per_floor":[117,133,146,146,146,179,179,126,152,168,168,182,199,216,216,313,613,628,617,617],"floor_reached":20,"playtime":971,"items_purged":[],"score":178,"play_id":"afb4e996-3867-4f3c-876b-4af751c33c37","local_time":"20190221034348","is_ascension_mode":false,"campfire_choices":[{"data":"Rage","floor":7,"key":"SMITH"},{"floor":15,"key":"REST"}],"neow_cost":"NONE","seed_source_timestamp":620862323929054,"circlet_count":0,"master_deck":["Strike_R","Strike_R","Strike_R","Strike_R","Strike_R","Defend_R","Defend_R","Defend_R","Defend_R","Bash+1","Reaper","Rage+1","Anger","Clash","Burning Pact","Flex","Juggernaut","Writhe","Doubt","Doubt","Clothesline+1"],"relics":["Burning Blood","Ancient Tea Set","Bag of Preparation","Oddly Smooth Stone","Calling Bell","Regal Pillow","Molten Egg 2","Old Coin"],"potions_floor_usage":[6,16,16,20],"damage_taken":[{"damage":6,"enemies":"Cultist","floor":1,"turns":3},{"damage":0,"enemies":"Small Slimes","floor":2,"turns":3},{"damage":14,"enemies":"Jaw Worm","floor":3,"turns":4},{"damage":34,"enemies":"Gremlin Nob","floor":6,"turns":5},{"damage":5,"enemies":"3 Louse","floor":10,"turns":3},{"damage":0,"enemies":"Exordium Thugs","floor":12,"turns":5},{"damage":9,"enemies":"Looter","floor":13,"turns":3},{"damage":26,"enemies":"3 Louse","floor":14,"turns":3},{"damage":74,"enemies":"Slime Boss","floor":16,"turns":14},{"damage":55,"enemies":"Spheric Guardian","floor":18,"turns":8},{"damage":36,"enemies":"2 Thieves","floor":19,"turns":5},{"damage":29,"enemies":"Cultist and Chosen","floor":20,"turns":4}],"seed_played":"-2351071421688556047","potions_obtained":[{"floor":1,"key":"Ancient Potion"},{"floor":3,"key":"AttackPotion"},{"floor":14,"key":"Regen Potion"},{"floor":19,"key":"AttackPotion"}],"is_trial":false,"path_per_floor":["M","M","M","?","?","E","R","$","T","M","?","M","M","M","R","B",null,"M","M","M"],"character_chosen":"IRONCLAD","items_purchased":["Anger"],"campfire_rested":1,"item_purchase_floors":[8],"current_hp_per_floor":[88,88,80,77,88,60,60,60,60,73,73,85,88,68,88,46,88,39,21,0],"gold":617,"neow_bonus":"TEN_PERCENT_HP_BONUS","is_prod":false,"is_daily":false,"chose_seed":false,"campfire_upgraded":1,"win_rate":0,"timestamp":1550733228,"path_taken":["M","M","M","?","?","E","R","$","T","?","?","M","M","M","R","BOSS","M","M","M"],"build_version":"2019-02-06","purchased_purges":0,"victory":false,"max_hp_per_floor":[88,88,88,88,88,88,88,88,88,88,88,88,88,88,88,88,88,88,88,88],"card_choices":[{"not_picked":["Corruption","True Grit","Rupture"],"picked":"SKIP","floor":1},{"not_picked":["Twin Strike","Pommel Strike","Heavy Blade"],"picked":"SKIP","floor":2},{"not_picked":["Searing Blow","Perfected Strike"],"picked":"Reaper","floor":3},{"not_picked":["Spot Weakness","True Grit"],"picked":"Rage","floor":6},{"not_picked":["Disarm","Sword Boomerang"],"picked":"Clash","floor":10},{"not_picked":["Twin Strike","Iron Wave"],"picked":"Burning Pact","floor":12},{"not_picked":["Rampage","Fire Breathing"],"picked":"Flex","floor":13},{"not_picked":["Corruption","Second Wind","Combust"],"picked":"SKIP","floor":14},{"not_picked":["Limit Break","Berserk"],"picked":"Juggernaut","floor":16},{"not_picked":["Pommel Strike+1","Perfected Strike+1","Clash+1"],"picked":"SKIP","floor":18},{"not_picked":["Hemokinesis+1","Sword Boomerang+1"],"picked":"Clothesline+1","floor":19}],"player_experience":643362,"relics_obtained":[{"floor":6,"key":"Bag of Preparation"},{"floor":9,"key":"Oddly Smooth Stone"},{"floor":17,"key":"Regal Pillow"},{"floor":17,"key":"Molten Egg 2"},{"floor":17,"key":"Old Coin"}],"event_choices":[{"damage_healed":0,"gold_gain":0,"player_choice":"Success","damage_taken":3,"relics_obtained":["Ancient Tea Set"],"max_hp_gain":0,"max_hp_loss":0,"event_name":"Scrap Ooze","floor":4,"gold_loss":0},{"damage_healed":11,"gold_gain":0,"player_choice":"Full Heal","damage_taken":0,"max_hp_gain":0,"max_hp_loss":0,"event_name":"Wheel of Change","floor":5,"gold_loss":0},{"damage_healed":0,"gold_gain":0,"player_choice":"Upgraded","damage_taken":0,"max_hp_gain":0,"max_hp_loss":0,"event_name":"Upgrade Shrine","floor":11,"gold_loss":0,"cards_upgraded":["Bash"]}],"is_beta":true,"boss_relics":[{"not_picked":["Runic Dome","Velvet Choker"],"picked":"Calling Bell"}],"items_purged_floors":[],"is_endless":false,"potions_floor_spawned":[1,3,14,19],"killed_by":"Cultist and Chosen","ascension_level":0}