{"gold_per_floor":[15,34,52,52,72,72,89,89,112,112,112,37,50,61,61,134,134,149,48,64,75,75,75,86,86,163,163,176,176],"floor_reached":29,"playtime":1088,"items_purged":["Defend_B"],"score":416,"play_id":"d102c250-aa70-4dc1-8496-66576c228a2f","local_time":"20190221131632","is_ascension_mode":true,"campfire_choices":[{"data":"Defragment","floor":6,"key":"SMITH"},{"data":"Conserve Battery","floor":8,"key":"SMITH"},{"floor":15,"key":"REST"},{"floor":23,"key":"REST"},{"floor":25,"key":"REST"},{"floor":27,"key":"REST"}],"neow_cost":"NO_GOLD","seed_source_timestamp":440561391425094,"circlet_count":0,"master_deck":["AscendersBane","Strike_B","Strike_B","Strike_B","Strike_B","Defend_B","Defend_B","Defend_B","Zap","Dualcast","Reinforced Body","Conserve Battery","Defragment+1","Conserve Battery","Conserve Battery+1","Genetic Algorithm","Reinforced Body","Rainbow","Bandage Up","Tempest+1","Capacitor","Defragment+1","Skim"],"relics":["Cracked Core","Ice Cream","Velvet Choker","Pantograph"],"potions_floor_usage":[5,16,16,18,21,29],"damage_taken":[{"damage":10,"enemies":"Small Slimes","floor":1,"turns":3},{"damage":0,"enemies":"2 Louse","floor":2,"turns":3},{"damage":1,"enemies":"Cultist","floor":3,"turns":3},{"damage":1,"enemies":"Lots of Slimes","floor":5,"turns":3},{"damage":4,"enemies":"Blue Slaver","floor":7,"turns":4},{"damage":0,"enemies":"Red Slaver","floor":13,"turns":4},{"damage":0,"enemies":"Exordium Thugs","floor":14,"turns":6},{"damage":13,"enemies":"Hexaghost","floor":16,"turns":11},{"damage":40,"enemies":"Chosen","floor":18,"turns":10},{"damage":18,"enemies":"Shell Parasite","floor":20,"turns":6},{"damage":16,"enemies":"Cultist and Chosen","floor":21,"turns":5},{"damage":17,"enemies":"Snake Plant","floor":24,"turns":5},{"damage":10,"enemies":"Centurion and Healer","floor":28,"turns":7},{"damage":56,"enemies":"3 Cultists","floor":29,"turns":5}],"seed_played":"6023478916080946889","potions_obtained":[{"floor":1,"key":"Block Potion"},{"floor":3,"key":"Explosive Potion"},{"floor":7,"key":"AttackPotion"},{"floor":14,"key":"LiquidBronze"},{"floor":16,"key":"PowerPotion"},{"floor":20,"key":"Block Potion"},{"floor":28,"key":"SkillPotion"}],"is_trial":false,"path_per_floor":["M","M","M","?","M","R","M","R","T","?","?","$","M","M","R","B",null,"M","$","M","M","?","R","M","R","T","R","M","M"],"character_chosen":"DEFECT","items_purchased":["Bandage Up"],"campfire_rested":4,"item_purchase_floors":[19],"current_hp_per_floor":[54,54,53,58,57,57,53,53,53,53,49,49,49,49,71,58,72,32,32,18,2,2,24,11,33,33,55,49,0],"gold":176,"neow_bonus":"ONE_RARE_RELIC","is_prod":false,"is_daily":false,"chose_seed":false,"campfire_upgraded":2,"win_rate":0,"timestamp":1550747792,"path_taken":["M","M","M","?","M","R","M","R","T","?","?","$","M","M","R","BOSS","M","?","?","M","?","R","?","R","T","R","M","?"],"build_version":"2019-01-23","purchased_purges":1,"victory":false,"max_hp_per_floor":[71,71,71,76,76,76,76,76,76,76,76,76,76,76,76,76,76,76,76,76,76,76,76,76,76,76,76,76,76],"card_choices":[{"not_picked":["Glacier","Turbo"],"picked":"Reinforced Body","floor":1},{"not_picked":["Go for the Eyes","Coolheaded"],"picked":"Conserve Battery","floor":2},{"not_picked":["Coolheaded","Go for the Eyes"],"picked":"Defragment","floor":3},{"not_picked":["Stack","Skim"],"picked":"Conserve Battery","floor":5},{"not_picked":["Rebound","Chaos"],"picked":"Conserve Battery","floor":7},{"not_picked":["Streamline","Aggregate"],"picked":"Genetic Algorithm","floor":13},{"not_picked":["Go for the Eyes","Coolheaded"],"picked":"Reinforced Body","floor":14},{"not_picked":["Core Surge","Reboot"],"picked":"Rainbow","floor":16},{"not_picked":["Static Discharge+1","Heatsinks","Gash"],"picked":"SKIP","floor":18},{"not_picked":["Hello World+1","Streamline"],"picked":"Tempest+1","floor":20},{"not_picked":["Cold Snap","Leap"],"picked":"Capacitor","floor":21},{"not_picked":["Cold Snap","Sweeping Beam+1","Go for the Eyes"],"picked":"SKIP","floor":24},{"not_picked":["Ball Lightning","Rebound"],"picked":"Skim","floor":28}],"player_experience":746566,"relics_obtained":[{"floor":26,"key":"Pantograph"}],"event_choices":[{"damage_healed":0,"gold_gain":0,"player_choice":"Donut","damage_taken":0,"max_hp_gain":5,"max_hp_loss":0,"event_name":"Big Fish","floor":4,"gold_loss":0},{"damage_healed":0,"gold_gain":0,"player_choice":"Ignored","damage_taken":0,"max_hp_gain":0,"max_hp_loss":0,"event_name":"Shining Light","floor":10,"gold_loss":0},{"damage_healed":0,"gold_gain":0,"player_choice":"Bought 0 Potions","damage_taken":0,"max_hp_gain":0,"max_hp_loss":0,"event_name":"The Woman in Blue","floor":11,"gold_loss":0},{"damage_healed":0,"gold_gain":0,"player_choice":"Copied","damage_taken":0,"max_hp_gain":0,"max_hp_loss":0,"event_name":"Duplicator","floor":22,"gold_loss":0,"cards_obtained":["Defragment"]}],"is_beta":false,"boss_relics":[{"not_picked":["White Beast Statue","Ectoplasm"],"picked":"Velvet Choker"}],"items_purged_floors":[12],"is_endless":false,"potions_floor_spawned":[1,3,7,13,14,16,20,28],"killed_by":"3 Cultists","ascension_level":18}