{"gold_per_floor":[119,119,142,122,136,136,175,175,201,220,253,253,271,271,271,391,391,391],"floor_reached":18,"playtime":592,"items_purged":[],"score":187,"play_id":"ade9ba4b-847b-4ec2-be52-c45bf480be5b","local_time":"20180710150104","is_ascension_mode":true,"campfire_choices":[{"data":"Dualcast","floor":6,"key":"SMITH"},{"data":"Zap","floor":8,"key":"SMITH"},{"floor":12,"key":"REST"},{"data":"Core Surge","floor":15,"key":"SMITH"}],"neow_cost":"NONE","seed_source_timestamp":265663989708922,"circlet_count":0,"master_deck":["Strike_B","Strike_B","Strike_B","Defend_B","Defend_B","Defend_B","Defend_B","Zap+1","Dualcast+1","Leap","Injury","Core Surge+1","FTL+1","Hyperbeam"],"relics":["Cracked Core","Golden Idol","Orichalcum","Boot","Vajra","White Beast Statue"],"potions_floor_usage":[5,7,11,16,16],"damage_taken":[{"damage":2,"enemies":"2 Louse","floor":1,"turns":2},{"damage":7,"enemies":"Jaw Worm","floor":3,"turns":4},{"damage":5,"enemies":"Cultist","floor":5,"turns":4},{"damage":27,"enemies":"Lagavulin","floor":7,"turns":7},{"damage":1,"enemies":"Looter","floor":10,"turns":2},{"damage":6,"enemies":"3 Sentries","floor":11,"turns":6},{"damage":0,"enemies":"Red Slaver","floor":13,"turns":3},{"damage":37,"enemies":"The Guardian","floor":16,"turns":14},{"damage":0,"enemies":"Spheric Guardian","floor":18,"turns":1}],"seed_played":"-7120029349117775182","potions_obtained":[{"floor":4,"key":"EntropicBrew"},{"floor":7,"key":"Explosive Potion"},{"floor":10,"key":"EssenceOfSteel"},{"floor":11,"key":"Swift Potion"},{"floor":16,"key":"Swift Potion"}],"is_trial":false,"path_per_floor":["M","?","M","?","M","R","E","R","T","M","E","R","M","?","R","B",null],"character_chosen":"DEFECT","items_purchased":[],"campfire_rested":1,"item_purchase_floors":[],"current_hp_per_floor":[73,73,66,66,61,61,34,34,34,33,27,49,49,49,49,12,75,75],"gold":391,"neow_bonus":"REMOVE_CARD","is_prod":false,"is_daily":false,"chose_seed":false,"campfire_upgraded":3,"win_rate":0,"timestamp":1531249264,"path_taken":["M","?","?","?","M","R","E","R","T","M","E","R","M","?","R","BOSS","M"],"build_version":"2018-07-05","purchased_purges":0,"victory":false,"max_hp_per_floor":[75,75,75,75,75,75,75,75,75,75,75,75,75,75,75,75,75,75],"card_choices":[{"not_picked":["Turbo","Reinforced Body"],"picked":"Leap","floor":1},{"not_picked":["Turbo","Heatsinks","Leap"],"picked":"SKIP","floor":3},{"not_picked":["Cold Snap","Stack","Compile Driver"],"picked":"SKIP","floor":5},{"not_picked":["Turbo","Blizzard"],"picked":"Core Surge","floor":7},{"not_picked":["Leap","Rebound","Gash"],"picked":"SKIP","floor":10},{"not_picked":["Chill","Hello World","Biased Cognition"],"picked":"SKIP","floor":11},{"not_picked":["Steam Power","Stack"],"picked":"FTL","floor":13},{"not_picked":["Meteor Strike","Amplify"],"picked":"Hyperbeam","floor":16}],"player_experience":258211,"relics_obtained":[{"floor":7,"key":"Orichalcum"},{"floor":9,"key":"Boot"},{"floor":11,"key":"Vajra"}],"event_choices":[{"event_name":"Golden Idol","player_choice":"Take Wound","floor":2,"damage_taken":0},{"event_name":"The Woman in Blue","player_choice":"Bought 1 Potion","floor":4,"damage_taken":0},{"event_name":"Upgrade Shrine","player_choice":"Upgraded","floor":14,"damage_taken":0}],"boss_relics":[{"not_picked":["Fusion Hammer","Philosopher\u0027s Stone"],"picked":"White Beast Statue"}],"items_purged_floors":[],"is_endless":false,"potions_floor_spawned":[7,10,11,13,16],"killed_by":"Spheric Guardian","ascension_level":2}