{"gold_per_floor":[110,122,17,17,17,17,48,64,145,174,187,187,35,35,35,114,114,131,46,146,146,166,166,183,183,183,183,195,22,42,42,42,118,118,132,142,142,207,218,244,244,294,294,344,394,406,406,476,476,476],"floor_reached":50,"playtime":3086,"items_purged":["Strike_B"],"score":1035,"play_id":"21b8cd93-7f7b-4772-bc81-d5514857605e","local_time":"20190126002223","is_ascension_mode":true,"campfire_choices":[{"data":"Coolheaded","floor":6,"key":"SMITH"},{"data":"Self Repair","floor":12,"key":"SMITH"},{"data":"Force Field","floor":15,"key":"SMITH"},{"data":"Doom and Gloom","floor":23,"key":"SMITH"},{"floor":25,"key":"RECALL"},{"data":"Skim","floor":27,"key":"SMITH"},{"data":"Doom and Gloom","floor":32,"key":"SMITH"},{"data":"Hologram","floor":41,"key":"SMITH"},{"data":"Force Field","floor":47,"key":"SMITH"},{"floor":49,"key":"REST"}],"neow_cost":"NONE","seed_source_timestamp":13623970720278,"circlet_count":0,"master_deck":["AscendersBane","Defend_B","Defend_B","Defend_B","Zap","Dualcast","Doom and Gloom+1","Melter","Self Repair+1","Coolheaded+1","Force Field+1","Double Energy","Defragment+1","All For One","Lockon+1","Loop+1","Skim+1","Defragment+1","Doom and Gloom+1","Compile Driver+1","Creative AI+1","Double Energy+1","Heatsinks+1","Darkness+1","Reinforced Body+1","Electrodynamics+1","Recycle","Hologram+1","BootSequence+1","Magnetism+1","Mayhem+1","Force Field+1"],"relics":["Snecko Eye","Centennial Puzzle","Ornamental Fan","Question Card","Frozen Egg 2","Sozu","Pear","Prayer Wheel","Bottled Flame","Ancient Tea Set","Astrolabe","SsserpentHead","Blood Vial","Lantern"],"potions_floor_usage":[10,50],"damage_taken":[{"damage":2,"enemies":"Jaw Worm","floor":1,"turns":4},{"damage":10,"enemies":"Small Slimes","floor":2,"turns":3},{"damage":25,"enemies":"Lagavulin","floor":7,"turns":6},{"damage":1,"enemies":"Cultist","floor":8,"turns":3},{"damage":13,"enemies":"Gremlin Nob","floor":10,"turns":4},{"damage":1,"enemies":"Large Slime","floor":11,"turns":6},{"damage":9,"enemies":"Hexaghost","floor":16,"turns":9},{"damage":9,"enemies":"2 Thieves","floor":18,"turns":4},{"damage":17,"enemies":"Colosseum Slavers","floor":20,"turns":4},{"damage":10,"enemies":"Colosseum Nobs","floor":20,"turns":4},{"damage":7,"enemies":"Chosen","floor":22,"turns":4},{"damage":0,"enemies":"Snake Plant","floor":24,"turns":2},{"damage":23,"enemies":"Centurion and Healer","floor":28,"turns":5},{"damage":0,"enemies":"Chosen and Byrds","floor":30,"turns":4},{"damage":23,"enemies":"Champ","floor":33,"turns":8},{"damage":19,"enemies":"3 Darklings","floor":35,"turns":5},{"damage":7,"enemies":"3 Shapes","floor":36,"turns":5},{"damage":1,"enemies":"Spire Growth","floor":38,"turns":3},{"damage":17,"enemies":"4 Shapes","floor":39,"turns":4},{"damage":20,"enemies":"Nemesis","floor":40,"turns":7},{"damage":0,"enemies":"Maw","floor":46,"turns":4},{"damage":24,"enemies":"Sphere and 2 Shapes","floor":48,"turns":5},{"damage":65,"enemies":"Awakened One","floor":50,"turns":5}],"seed_played":"8213467441540831259","potions_obtained":[{"floor":7,"key":"Weak Potion"},{"floor":16,"key":"Energy Potion"}],"is_trial":false,"path_per_floor":["M","M","$","?","?","R","E","M","T","E","M","R","$","?","R","B",null,"M","?","?","?","M","R","M","R","T","R","M","$","M","?","R","B",null,"M","M","?","M","M","E","R","?","T","?","?","M","R","M","R","B"],"character_chosen":"DEFECT","items_purchased":["Self Repair","Coolheaded","Defragment+1","Ancient Tea Set"],"campfire_rested":1,"item_purchase_floors":[3,3,13,29],"current_hp_per_floor":[62,52,52,41,34,34,16,15,15,9,15,15,15,15,15,16,57,58,68,61,61,64,64,64,64,64,64,51,51,61,61,61,48,73,64,67,67,76,69,59,59,49,49,49,49,61,61,39,62,0],"gold":476,"neow_bonus":"BOSS_RELIC","is_prod":false,"is_daily":false,"chose_seed":false,"campfire_upgraded":8,"win_rate":0,"timestamp":1548458543,"path_taken":["M","M","$","?","?","R","E","?","T","E","M","R","$","?","R","BOSS","M","?","?","?","M","R","M","R","T","R","?","$","M","?","R","BOSS","M","M","?","?","M","E","R","?","T","?","?","M","R","?","R","BOSS"],"build_version":"2019-01-23","purchased_purges":1,"victory":false,"max_hp_per_floor":[71,71,71,71,71,71,71,71,71,71,71,71,71,71,71,71,71,71,81,81,81,81,81,81,81,81,81,81,81,81,81,81,81,81,81,81,81,81,81,81,81,81,81,81,77,77,77,77,77,77],"card_choices":[{"not_picked":["Redo","Barrage"],"picked":"Doom and Gloom","floor":1},{"not_picked":["Sweeping Beam","Ball Lightning"],"picked":"Melter","floor":2},{"not_picked":["Reinforced Body","Leap"],"picked":"Force Field","floor":7},{"not_picked":["Turbo","Coolheaded","Darkness"],"picked":"SKIP","floor":8},{"not_picked":["Conserve Battery","Redo","Turbo"],"picked":"Biased Cognition","floor":10},{"not_picked":["Rebound","Go for the Eyes","Chaos"],"picked":"Double Energy","floor":11},{"not_picked":["Hyperbeam","Thunder Strike","Rainbow"],"picked":"All For One","floor":16},{"not_picked":["Gash","Rip and Tear","Barrage"],"picked":"Lockon","floor":18},{"not_picked":["Fusion","Chill","Gash"],"picked":"Loop+1","floor":20},{"not_picked":["Undo","Compile Driver","Consume"],"picked":"Skim","floor":22},{"not_picked":["Hello World+1","Beam Cell","Undo"],"picked":"Defragment+1","floor":22},{"not_picked":["Steam Power","Gash","Ball Lightning+1"],"picked":"Doom and Gloom","floor":24},{"not_picked":["Hello World+1","Tempest","Darkness","Barrage"],"picked":"SKIP","floor":24},{"not_picked":["Go for the Eyes+1","Aggregate+1","Steam Power"],"picked":"Compile Driver+1","floor":28},{"not_picked":["White Noise","BootSequence","Cold Snap","Reprogram+1"],"picked":"SKIP","floor":28},{"not_picked":["Reprogram","Cold Snap","Stack","Steam"],"picked":"SKIP","floor":30},{"not_picked":["Turbo","Barrage","Auto Shields","Scrape"],"picked":"SKIP","floor":30},{"not_picked":["Biased Cognition+1","Machine Learning+1","Fission"],"picked":"Creative AI+1","floor":33},{"not_picked":["Go for the Eyes","Cold Snap","Stack","Self Repair+1"],"picked":"SKIP","floor":35},{"not_picked":["Blizzard","Compile Driver","Double Energy","Stack"],"picked":"SKIP","floor":35},{"not_picked":["Steam Power","Streamline","Hello World+1"],"picked":"Reinforced Body+1","floor":36},{"not_picked":["Turbo+1","Lockon","Conserve Battery+1"],"picked":"Electrodynamics+1","floor":36},{"not_picked":["Heatsinks+1","Storm+1","Double Energy","Self Repair+1"],"picked":"SKIP","floor":38},{"not_picked":["Barrage","Steam Power","Streamline+1","Compile Driver"],"picked":"SKIP","floor":38},{"not_picked":["Beam Cell","Scrape","Skim"],"picked":"Recycle","floor":39},{"not_picked":["Rebound","Conserve Battery","Hello World+1"],"picked":"Hologram","floor":39},{"not_picked":["Conserve Battery","Sweeping Beam","Double Energy+1"],"picked":"BootSequence+1","floor":40},{"not_picked":["Violence","Dark Shackles","Impatience"],"picked":"Magnetism+1","floor":42},{"not_picked":["Jack Of All Trades","Dramatic Entrance","Madness"],"picked":"Mayhem+1","floor":42},{"not_picked":["Cold Snap+1","Fusion+1","Barrage"],"picked":"Force Field","floor":46},{"not_picked":["Stack","Leap","FTL","Rebound+1"],"picked":"SKIP","floor":46},{"not_picked":["Go for the Eyes","Seek","Redo","Barrage+1"],"picked":"SKIP","floor":48},{"not_picked":["Steam","Heatsinks+1","Reinforced Body","Leap"],"picked":"SKIP","floor":48}],"player_experience":911207,"relics_obtained":[{"floor":7,"key":"Ornamental Fan"},{"floor":9,"key":"Question Card"},{"floor":10,"key":"Frozen Egg 2"},{"floor":20,"key":"Prayer Wheel"},{"floor":20,"key":"Bottled Flame"},{"floor":40,"key":"Blood Vial"},{"floor":43,"key":"Lantern"}],"event_choices":[{"damage_healed":0,"gold_gain":0,"player_choice":"Success","damage_taken":11,"relics_obtained":["Centennial Puzzle"],"max_hp_gain":0,"max_hp_loss":0,"event_name":"Scrap Ooze","floor":4,"gold_loss":0},{"cards_removed":["Strike_B"],"damage_healed":0,"gold_gain":0,"player_choice":"Card Removal","damage_taken":7,"max_hp_gain":0,"max_hp_loss":0,"event_name":"Golden Wing","floor":5,"gold_loss":0},{"damage_healed":0,"gold_gain":0,"player_choice":"Ignored","damage_taken":0,"max_hp_gain":0,"max_hp_loss":0,"event_name":"Liars Game","floor":14,"gold_loss":0},{"damage_healed":0,"gold_gain":0,"player_choice":"Obtained Relic","damage_taken":0,"relics_obtained":["Pear"],"max_hp_gain":0,"max_hp_loss":0,"event_name":"Addict","floor":19,"gold_loss":85},{"damage_healed":0,"gold_gain":0,"player_choice":"Fight","damage_taken":0,"max_hp_gain":0,"max_hp_loss":0,"event_name":"Colosseum","floor":20,"gold_loss":0},{"damage_healed":0,"gold_gain":0,"player_choice":"Fought Nobs","damage_taken":0,"max_hp_gain":0,"max_hp_loss":0,"event_name":"Colosseum","floor":20,"gold_loss":0},{"damage_healed":0,"gold_gain":0,"player_choice":"Upgraded","damage_taken":0,"max_hp_gain":0,"max_hp_loss":0,"event_name":"Upgrade Shrine","floor":21,"gold_loss":0,"cards_upgraded":["Lockon"]},{"damage_healed":0,"gold_gain":0,"player_choice":"Ignored","damage_taken":0,"max_hp_gain":0,"max_hp_loss":0,"event_name":"Vampires","floor":31,"gold_loss":0},{"damage_healed":0,"gold_gain":0,"player_choice":"Trade","damage_taken":0,"relics_obtained":["SsserpentHead"],"max_hp_gain":0,"max_hp_loss":0,"event_name":"FaceTrader","floor":37,"gold_loss":0},{"damage_healed":0,"gold_gain":0,"player_choice":"Memory 3","damage_taken":10,"max_hp_gain":0,"max_hp_loss":0,"event_name":"SensoryStone","floor":42,"gold_loss":0},{"cards_removed":["Biased Cognition"],"damage_healed":0,"gold_gain":0,"player_choice":"Removed Power","damage_taken":0,"max_hp_gain":0,"max_hp_loss":0,"event_name":"Falling","floor":44,"gold_loss":0},{"damage_healed":0,"gold_gain":0,"player_choice":"Max HP","damage_taken":0,"max_hp_gain":0,"max_hp_loss":4,"event_name":"Winding Halls","floor":45,"gold_loss":0}],"is_beta":true,"boss_relics":[{"not_picked":["Busted Crown","Lizard Tail"],"picked":"Sozu"},{"not_picked":["Cursed Key","Calling Bell"],"picked":"Astrolabe"}],"items_purged_floors":[13],"is_endless":false,"potions_floor_spawned":[7,16,20,22,30,35,36,40,48],"killed_by":"Awakened One","ascension_level":20}