{"path_per_floor":["M","M","$","M","$","E","M","R","T","?","M","R","M","?","R","B",null,"M","$","M","?","M","R","M","M","T","$","R","?","T","$","R","B",null,"M","M"],"character_chosen":"IRONCLAD","items_purchased":["Flame Barrier","Pummel","Cleave","Bludgeon","Block Potion"],"gold_per_floor":[110,128,87,103,23,53,65,65,111,76,96,96,111,111,111,212,212,229,177,189,189,202,202,213,226,226,70,70,70,95,47,47,144,144,156,173],"floor_reached":37,"campfire_rested":3,"playtime":1992,"current_hp_per_floor":[80,80,80,80,80,48,35,59,59,79,78,78,80,80,80,76,80,79,79,61,61,49,73,55,56,56,56,82,82,82,82,82,19,89,50,22],"items_purged":[],"gold":173,"score":371,"play_id":"ef9b3164-c92a-4cce-b765-bb8dbf80cff2","local_time":"20180313045419","is_prod":false,"is_daily":false,"is_ascension_mode":false,"campfire_upgraded":3,"timestamp":1520925859,"path_taken":["M","M","$","M","$","E","?","R","T","?","M","R","M","?","R","BOSS","M","$","M","?","M","R","M","?","T","$","R","?","?","?","R","BOSS","M","M","M"],"build_version":"2018-03-09","purchased_purges":0,"victory":false,"master_deck":["Strike_R","Strike_R","Strike_R","Strike_R","Strike_R","Defend_R","Defend_R","Defend_R","Defend_R","Bash","Anger","Demon Form+1","Flame Barrier","Pummel","Metallicize+1","Burning Pact","Flex+1","Feed","Thunderclap","Cleave","Twin Strike+1","Shrug It Off+1","Bludgeon","Shrug It Off+1","Cleave+1"],"max_hp_per_floor":[80,80,80,80,80,80,80,80,80,80,80,80,80,80,80,80,80,83,83,83,83,83,83,86,89,89,89,89,89,89,89,89,89,89,89,89],"relics":["Burning Blood","Bag of Marbles","Pen Nib","Runic Cube","Calipers","Juzu Bracelet","Mark of Pain"],"card_choices":[{"not_picked":["Perfected Strike","Power Through"],"picked":"Anger"},{"not_picked":["Warcry","Second Wind"],"picked":"Demon Form"},{"not_picked":["Heavy Blade","Reckless Charge"],"picked":"Metallicize"},{"not_picked":["Perfected Strike","Sever Soul"],"picked":"Burning Pact"},{"not_picked":["Clothesline","Dark Embrace"],"picked":"Flex"},{"not_picked":["Berserk","Barricade"],"picked":"Feed"},{"not_picked":["Body Slam","Pommel Strike"],"picked":"Thunderclap"},{"not_picked":["Perfected Strike","Corruption"],"picked":"Twin Strike"},{"not_picked":["Fire Breathing","Hemokinesis"],"picked":"Shrug It Off"},{"not_picked":["Pommel Strike","Entrench"],"picked":"Shrug It Off"},{"not_picked":["Bloodletting","Disarm"],"picked":"Cleave"}],"player_experience":176042,"potions_floor_usage":[6,6,16,16,18,22,25,33,33,37],"damage_taken":[{"damage":1,"enemies":"Cultist","floor":1,"turns":3},{"damage":6,"enemies":"2 Louse","floor":2,"turns":2},{"damage":2,"enemies":"Small Slimes","floor":4,"turns":4},{"damage":38,"enemies":"3 Sentries","floor":6,"turns":10},{"damage":19,"enemies":"2 Fungi Beasts","floor":7,"turns":4},{"damage":7,"enemies":"3 Louse","floor":11,"turns":3},{"damage":3,"enemies":"Red Slaver","floor":13,"turns":4},{"damage":19,"enemies":"Slime Boss","floor":16,"turns":6},{"damage":10,"enemies":"3 Byrds","floor":18,"turns":5},{"damage":24,"enemies":"Shell Parasite","floor":20,"turns":6},{"damage":27,"enemies":"Snake Plant","floor":22,"turns":5},{"damage":27,"enemies":"Centurion and Healer","floor":24,"turns":5},{"damage":8,"enemies":"Snecko","floor":25,"turns":5},{"damage":69,"enemies":"Champ","floor":33,"turns":10},{"damage":45,"enemies":"3 Darklings","floor":35,"turns":5},{"damage":34,"enemies":"Orb Walker","floor":36,"turns":6},{"damage":25,"enemies":"3 Darklings","floor":37,"turns":2}],"event_choices":[{"event_name":"The Cleric","player_choice":"Healed","floor":10,"damage_taken":0},{"event_name":"The Lab","player_choice":"Got Potions","floor":14,"damage_taken":0},{"event_name":"Beggar","player_choice":"Ignored","floor":21,"damage_taken":0},{"event_name":"Drug Dealer","player_choice":"Ignored","floor":29,"damage_taken":0}],"boss_relics":[{"not_picked":["Eternal Feather","Pandora\u0027s Box"],"picked":"Runic Cube"},{"not_picked":["Sozu","Calling Bell"],"picked":"Mark of Pain"}],"potions_floor_spawned":[2,6,11,13,16,20,24,36],"seed_played":"5179248559904609395","killed_by":"3 Darklings","ascension_level":0,"is_trial":false}