{"gold_per_floor":[115,115,115,135,14,49,65,65],"floor_reached":8,"playtime":470,"items_purged":["Regret"],"score":64,"play_id":"81664b60-2173-4d3b-a7a7-37d0030d9e56","local_time":"20181226044606","is_ascension_mode":true,"campfire_choices":[],"neow_cost":"NONE","seed_source_timestamp":463643322898834,"circlet_count":0,"master_deck":["Strike_R","Strike_R","Strike_R","Strike_R","Strike_R","Defend_R","Defend_R","Defend_R","Defend_R","Bash","Clothesline","Perfected Strike","Flex","Carnage"],"relics":["Burning Blood","Juzu Bracelet","Regal Pillow","Boot","Blood Vial"],"potions_floor_usage":[4,7],"damage_taken":[{"damage":5,"enemies":"Cultist","floor":1,"turns":4},{"damage":4,"enemies":"Small Slimes","floor":4,"turns":4},{"damage":30,"enemies":"Gremlin Nob","floor":6,"turns":4},{"damage":6,"enemies":"2 Louse","floor":7,"turns":2},{"damage":68,"enemies":"Lagavulin","floor":8,"turns":6}],"seed_played":"6519435457867887234","potions_obtained":[{"floor":1,"key":"Block Potion"},{"floor":6,"key":"AttackPotion"}],"is_trial":false,"path_per_floor":["M","?","?","M","$","E","M","E"],"character_chosen":"IRONCLAD","items_purchased":["Flex"],"campfire_rested":0,"item_purchase_floors":[5],"current_hp_per_floor":[80,68,68,70,70,46,48,0],"gold":65,"neow_bonus":"RANDOM_COMMON_RELIC","is_prod":false,"is_daily":false,"chose_seed":false,"campfire_upgraded":0,"win_rate":0,"timestamp":1545812166,"path_taken":["M","?","?","M","$","E","M","E"],"build_version":"2018-12-25","purchased_purges":1,"victory":false,"max_hp_per_floor":[80,80,80,80,80,80,80,80],"card_choices":[{"not_picked":["True Grit","Warcry"],"picked":"Clothesline","floor":1},{"not_picked":["Intimidate","Warcry"],"picked":"Perfected Strike","floor":4},{"not_picked":["Second Wind","Wild Strike"],"picked":"Carnage","floor":6},{"not_picked":["True Grit","Heavy Blade","Warcry"],"picked":"SKIP","floor":7}],"player_experience":550256,"relics_obtained":[{"floor":6,"key":"Blood Vial"}],"event_choices":[{"damage_healed":0,"gold_gain":0,"player_choice":"Success","damage_taken":12,"relics_obtained":["Regal Pillow"],"max_hp_gain":0,"max_hp_loss":0,"event_name":"Scrap Ooze","floor":2,"gold_loss":0},{"damage_healed":0,"gold_gain":0,"player_choice":"Box","damage_taken":0,"relics_obtained":["Boot"],"max_hp_gain":0,"max_hp_loss":0,"event_name":"Big Fish","floor":3,"gold_loss":0,"cards_obtained":["Regret"]}],"is_beta":true,"boss_relics":[],"items_purged_floors":[5],"is_endless":false,"potions_floor_spawned":[1,6],"killed_by":"Lagavulin","ascension_level":3}