{"gold_per_floor":[213,4,17,28,39,74,39,56,83,83,83,43,56,130,130,209,209,209,209,209,209,209],"floor_reached":22,"playtime":800,"items_purged":[],"score":353,"play_id":"a702c8ea-effd-4c6b-b8c3-e41383d90252","local_time":"20190215133122","is_ascension_mode":true,"campfire_choices":[{"floor":10,"key":"REST"},{"floor":15,"key":"REST"}],"neow_cost":"NONE","seed_source_timestamp":158120974447466,"circlet_count":0,"master_deck":["AscendersBane","Strike_B+1","Strike_B+1","Strike_B+1","Strike_B+1","Defend_B+1","Defend_B+1","Defend_B+1","Defend_B+1","Zap","Dualcast","Glacier+1","Static Discharge","Fusion","Go for the Eyes","Cold Snap+1","Meteor Strike","Loop","Echo Form","Coolheaded","Reinforced Body"],"relics":["Cracked Core","Regal Pillow","Whetstone","Potion Belt","Ectoplasm"],"potions_floor_usage":[6,6,16,16,16,16,16,16,18,22],"damage_taken":[{"damage":6,"enemies":"Jaw Worm","floor":1,"turns":4},{"damage":0,"enemies":"2 Louse","floor":3,"turns":4},{"damage":1,"enemies":"Cultist","floor":4,"turns":4},{"damage":0,"enemies":"Blue Slaver","floor":5,"turns":7},{"damage":44,"enemies":"Gremlin Nob","floor":6,"turns":5},{"damage":12,"enemies":"Exordium Wildlife","floor":8,"turns":3},{"damage":1,"enemies":"Looter","floor":13,"turns":4},{"damage":10,"enemies":"The Guardian","floor":16,"turns":14},{"damage":9,"enemies":"Spheric Guardian","floor":18,"turns":5},{"damage":13,"enemies":"Shell Parasite","floor":21,"turns":7},{"damage":38,"enemies":"3 Cultists","floor":22,"turns":4}],"seed_played":"2629994269354274363","potions_obtained":[{"floor":1,"key":"SpeedPotion"},{"floor":5,"key":"Poison Potion"},{"floor":12,"key":"EntropicBrew"},{"floor":12,"key":"EssenceOfSteel"},{"floor":12,"key":"Weak Potion"},{"floor":13,"key":"Strength Potion"},{"floor":21,"key":"SpeedPotion"}],"is_trial":false,"path_per_floor":["M","$","M","M","M","E","?","M","T","R","?","?","M","?","R","B",null,"M","?","?","M","M"],"character_chosen":"DEFECT","items_purchased":["Regal Pillow","Static Discharge"],"campfire_rested":2,"item_purchase_floors":[2,2],"current_hp_per_floor":[58,58,58,57,57,13,30,18,18,54,33,33,32,32,68,58,68,59,39,39,26,0],"gold":209,"neow_bonus":"HUNDRED_GOLD","is_prod":false,"is_daily":false,"chose_seed":false,"campfire_upgraded":0,"win_rate":0,"timestamp":1550230282,"path_taken":["M","$","M","M","M","E","?","M","T","R","?","?","?","?","R","BOSS","M","?","?","M","M"],"build_version":"2019-01-23","purchased_purges":0,"victory":false,"max_hp_per_floor":[71,71,71,71,71,71,71,71,71,71,71,71,71,71,71,71,71,71,76,76,76,76],"card_choices":[{"not_picked":["Barrage","Hologram"],"picked":"Glacier","floor":1},{"not_picked":["Barrage","Ball Lightning"],"picked":"Fusion","floor":3},{"not_picked":["Force Field","Steam"],"picked":"Go for the Eyes","floor":4},{"not_picked":["FTL","Force Field"],"picked":"Cold Snap","floor":5},{"not_picked":["Scrape","Barrage"],"picked":"Meteor Strike","floor":6},{"not_picked":["Darkness","Barrage"],"picked":"Loop","floor":8},{"not_picked":["Genetic Algorithm","Sunder","Auto Shields"],"picked":"SKIP","floor":13},{"not_picked":["Electrodynamics","Reboot"],"picked":"Echo Form","floor":16},{"not_picked":["Streamline","White Noise"],"picked":"Coolheaded","floor":18},{"not_picked":["Ball Lightning+1","Compile Driver"],"picked":"Reinforced Body","floor":21}],"player_experience":737666,"relics_obtained":[{"floor":6,"key":"Whetstone"},{"floor":9,"key":"Potion Belt"}],"event_choices":[{"damage_healed":17,"gold_gain":0,"player_choice":"Healed","damage_taken":0,"max_hp_gain":0,"max_hp_loss":0,"event_name":"The Cleric","floor":7,"gold_loss":35},{"damage_healed":0,"gold_gain":0,"player_choice":"Entered Light","damage_taken":21,"max_hp_gain":0,"max_hp_loss":0,"event_name":"Shining Light","floor":11,"gold_loss":0,"cards_upgraded":["Defend_B","Glacier"]},{"damage_healed":0,"gold_gain":0,"player_choice":"Bought 3 Potions","damage_taken":0,"max_hp_gain":0,"max_hp_loss":0,"event_name":"The Woman in Blue","floor":12,"gold_loss":0},{"damage_healed":0,"gold_gain":74,"player_choice":"Gained Gold","damage_taken":0,"max_hp_gain":0,"max_hp_loss":0,"event_name":"Golden Wing","floor":14,"gold_loss":0},{"damage_healed":0,"gold_gain":0,"player_choice":"Shed Blood","damage_taken":25,"max_hp_gain":5,"max_hp_loss":0,"event_name":"Forgotten Altar","floor":19,"gold_loss":0},{"damage_healed":0,"gold_gain":0,"player_choice":"Simplicity","damage_taken":0,"max_hp_gain":0,"max_hp_loss":0,"event_name":"Back to Basics","floor":20,"gold_loss":0,"cards_upgraded":["Strike_B","Strike_B","Strike_B","Defend_B","Defend_B","Defend_B"]}],"is_beta":false,"boss_relics":[{"not_picked":["Calling Bell","Tiny House"],"picked":"Ectoplasm"}],"items_purged_floors":[],"is_endless":false,"potions_floor_spawned":[1,5,13,21],"killed_by":"3 Cultists","ascension_level":18}