{"path_per_floor":["M","?","$","M","?","E","M","M","T","R","$","?","R","M","R","B",null,"M","?","$","M","M","R","M","R","T","R","?","R","$","M","R","B",null,"M","M","M","$","?","?","M","M","T","T","T","$","R","?","R"],"character_chosen":"IRONCLAD","items_purchased":["Metallicize","Purity","Spot Weakness","Shuriken","Dual Wield"],"gold_per_floor":[119,119,42,52,17,52,64,80,80,80,5,5,5,21,21,122,122,137,137,46,62,81,81,97,97,151,151,151,151,113,128,128,229,229,241,256,274,13,13,13,30,42,69,69,69,31,31,31,31,31],"floor_reached":50,"campfire_rested":5,"playtime":2510,"current_hp_per_floor":[36,20,20,23,43,25,31,37,44,70,70,70,70,76,76,12,87,87,87,87,65,67,67,67,87,87,87,87,87,87,74,87,33,87,87,87,73,73,62,62,50,41,41,41,41,41,67,67,87,0],"items_purged":["Strike_R"],"gold":31,"score":462,"play_id":"e41301a0-04fe-4bac-a7cf-0c5ab4a805ac","local_time":"20180326061008","is_prod":false,"is_daily":false,"is_ascension_mode":true,"campfire_upgraded":5,"timestamp":1522053608,"path_taken":["M","?","$","?","?","E","M","M","T","R","?","?","R","M","R","BOSS","M","?","$","M","?","R","M","R","T","R","?","R","$","M","R","BOSS","M","M","?","$","?","?","M","M","T","?","?","$","R","?","R","BOSS"],"build_version":"2018-03-22v2","purchased_purges":2,"victory":false,"master_deck":["Strike_R","Strike_R","Strike_R+1","Defend_R","Defend_R+1","Defend_R+1","Bash+1","Metallicize+1","Burning Pact","Barricade+1","Pummel+1","Flex+1","Purity","Flame Barrier+1","Anger+1","Spot Weakness","Reaper","Clash+1","Seeing Red+1","Madness","Dual Wield"],"max_hp_per_floor":[80,80,80,80,80,80,80,80,87,87,87,87,87,87,87,87,87,87,87,87,87,87,87,87,87,87,87,87,87,87,87,87,87,87,87,87,87,87,87,87,87,87,87,87,87,87,87,87,87,87],"relics":["Black Blood","Art of War","Strawberry","Prayer Wheel","Bag of Preparation","Mark of Pain","Shuriken","Juzu Bracelet","Du-Vu Doll","Calipers"],"card_choices":[{"not_picked":["Combust","Juggernaut"],"picked":"Burning Pact","floor":14},{"not_picked":["Limit Break","Brutality"],"picked":"Barricade","floor":16},{"not_picked":["Flex","Warcry"],"picked":"Pummel","floor":18},{"not_picked":["Infernal Blade","Rampage"],"picked":"Flame Barrier","floor":21},{"not_picked":["Headbutt","Wild Strike"],"picked":"Anger","floor":22},{"not_picked":["Brutality","Dark Embrace"],"picked":"Reaper","floor":33},{"not_picked":["Warcry","Carnage"],"picked":"Clash","floor":35},{"not_picked":["Twin Strike","Evolve"],"picked":"Seeing Red","floor":36}],"player_experience":248617,"potions_floor_usage":[6,6,18,21,22,24,31,41,42,50],"damage_taken":[{"damage":10,"enemies":"Jaw Worm","floor":1,"turns":5},{"damage":3,"enemies":"2 Louse","floor":4,"turns":3},{"damage":24,"enemies":"Lagavulin","floor":6,"turns":11},{"damage":0,"enemies":"Small Slimes","floor":7,"turns":4},{"damage":0,"enemies":"Red Slaver","floor":8,"turns":5},{"damage":0,"enemies":"Large Slime","floor":14,"turns":4},{"damage":70,"enemies":"Slime Boss","floor":16,"turns":24},{"damage":8,"enemies":"Chosen","floor":18,"turns":6},{"damage":32,"enemies":"3 Byrds","floor":21,"turns":8},{"damage":8,"enemies":"Slaver and Parasite","floor":22,"turns":12},{"damage":10,"enemies":"Snake Plant","floor":24,"turns":4},{"damage":23,"enemies":"Chosen and Byrds","floor":31,"turns":7},{"damage":64,"enemies":"Champ","floor":33,"turns":14},{"damage":9,"enemies":"3 Shapes","floor":35,"turns":6},{"damage":2,"enemies":"Orb Walker","floor":36,"turns":3},{"damage":29,"enemies":"Maw","floor":37,"turns":10},{"damage":30,"enemies":"Sphere and 2 Shapes","floor":41,"turns":8},{"damage":51,"enemies":"4 Shapes","floor":42,"turns":9},{"damage":95,"enemies":"Time Eater","floor":50,"turns":6}],"event_choices":[{"event_name":"Shining Light","player_choice":"Entered Light","floor":2,"damage_taken":0},{"event_name":"The Cleric","player_choice":"Healed","floor":5,"damage_taken":0},{"event_name":"Upgrade Shrine","player_choice":"Upgraded","floor":12,"damage_taken":0},{"event_name":"The Library","player_choice":"Read","floor":19,"damage_taken":0},{"event_name":"The Mausoleum","player_choice":"Yes","floor":28,"damage_taken":0},{"event_name":"Winding Halls","player_choice":"Embrace Madness","floor":39,"damage_taken":0},{"event_name":"Mysterious Sphere","player_choice":"Ignore","floor":48,"damage_taken":0}],"boss_relics":[{"not_picked":["Philosopher\u0027s Stone","Tiny House"],"picked":"Black Blood"},{"not_picked":["Runic Cube","Black Star"],"picked":"Mark of Pain"}],"potions_floor_spawned":[1,4,16,18,21,22,24,37,41,42],"seed_played":"699989904080719266","killed_by":"Time Eater","ascension_level":1,"is_trial":false}