{"gold_per_floor":[111,131,141,157,157,190,209,237,237,65,97,117,117,136,136,235,235,248,248,68,50,60,60],"floor_reached":23,"playtime":2363,"items_purged":["Strike_R"],"score":226,"play_id":"5a848df1-fd10-49c2-8306-68e7cf202a1e","local_time":"20190126161139","is_ascension_mode":true,"campfire_choices":[{"data":"Mayhem","floor":13,"key":"SMITH"},{"data":"Armaments","floor":15,"key":"SMITH"}],"neow_cost":"TEN_PERCENT_HP_LOSS","seed_source_timestamp":14445058334971,"circlet_count":0,"master_deck":["Strike_R","Strike_R","Strike_R","Defend_R+1","Defend_R","Defend_R","Defend_R","Bash","Mayhem+1","Metamorphosis","Pommel Strike","Iron Wave","Iron Wave","Warcry","Armaments+1","Infernal Blade+1","Shrug It Off","Feed","Decay","Pain","Parasite","RitualDagger","Flex","Flex","Pommel Strike+1","Inflame"],"relics":["Burning Blood","Mummified Hand","Singing Bowl","Oddly Smooth Stone","Juzu Bracelet","Calling Bell","War Paint","The Courier","Bird Faced Urn","Anchor"],"potions_floor_usage":[11,12,23],"damage_taken":[{"damage":0,"enemies":"Cultist","floor":1,"turns":2},{"damage":11,"enemies":"Jaw Worm","floor":2,"turns":3},{"damage":9,"enemies":"2 Louse","floor":3,"turns":3},{"damage":3,"enemies":"2 Fungi Beasts","floor":4,"turns":3},{"damage":18,"enemies":"Gremlin Nob","floor":6,"turns":4},{"damage":9,"enemies":"Blue Slaver","floor":7,"turns":5},{"damage":8,"enemies":"Lagavulin","floor":8,"turns":7},{"damage":7,"enemies":"Gremlin Nob","floor":11,"turns":4},{"damage":0,"enemies":"Large Slime","floor":12,"turns":4},{"damage":5,"enemies":"3 Louse","floor":14,"turns":4},{"damage":42,"enemies":"The Guardian","floor":16,"turns":10},{"damage":51,"enemies":"3 Byrds","floor":18,"turns":7},{"damage":18,"enemies":"2 Thieves","floor":21,"turns":4},{"damage":23,"enemies":"Centurion and Healer","floor":22,"turns":5},{"damage":16,"enemies":"Gremlin Leader","floor":23,"turns":4}],"seed_played":"-8410827354919343456","potions_obtained":[{"floor":3,"key":"SpeedPotion"},{"floor":4,"key":"Fire Potion"},{"floor":6,"key":"Strength Potion"},{"floor":11,"key":"Poison Potion"},{"floor":18,"key":"Swift Potion"},{"floor":21,"key":"Dexterity Potion"}],"is_trial":false,"path_per_floor":["M","M","M","M","?","E","M","E","T","$","E","M","R","M","R","B",null,"M","?","$","M","M","E"],"character_chosen":"IRONCLAD","items_purchased":["Infernal Blade","Shrug It Off","Anchor","Flex","Flex"],"campfire_rested":0,"item_purchase_floors":[10,10,20,20,20],"current_hp_per_floor":[72,67,64,67,67,55,52,52,52,52,53,61,61,64,64,28,80,42,36,36,26,11,0],"gold":60,"neow_bonus":"RANDOM_COLORLESS_2","is_prod":false,"is_daily":false,"chose_seed":false,"campfire_upgraded":2,"win_rate":0,"timestamp":1548519099,"path_taken":["M","M","M","?","?","E","?","E","T","$","E","M","R","M","R","BOSS","M","?","$","M","M","E"],"build_version":"2019-01-23","purchased_purges":1,"victory":false,"max_hp_per_floor":[72,72,72,72,72,72,72,74,74,74,76,78,78,80,80,80,80,85,85,85,85,85,85],"card_choices":[{"not_picked":["Wild Strike","Clothesline","Perfected Strike"],"picked":"SKIP","floor":1},{"not_picked":["Warcry","Power Through"],"picked":"Pommel Strike","floor":2},{"not_picked":["Cleave","True Grit"],"picked":"Iron Wave","floor":3},{"not_picked":["Clash","Cleave"],"picked":"Iron Wave","floor":4},{"not_picked":["Evolve","Brutality"],"picked":"Warcry","floor":6},{"not_picked":["Pommel Strike","Flex"],"picked":"Armaments","floor":7},{"not_picked":["Sentinel","Evolve","Perfected Strike"],"picked":"Singing Bowl","floor":8},{"not_picked":["Havoc","Clothesline","Power Through"],"picked":"Singing Bowl","floor":11},{"not_picked":["Armaments","Wild Strike","Second Wind"],"picked":"Singing Bowl","floor":12},{"not_picked":["Flame Barrier","Headbutt","Bludgeon"],"picked":"Singing Bowl","floor":14},{"not_picked":["Impervious","Dark Embrace"],"picked":"Feed","floor":16},{"not_picked":["Battle Trance","Dropkick","Havoc"],"picked":"Singing Bowl","floor":18},{"not_picked":["Armaments","Power Through"],"picked":"Pommel Strike+1","floor":21},{"not_picked":["Power Through","Headbutt"],"picked":"Inflame","floor":22}],"player_experience":124155,"relics_obtained":[{"floor":6,"key":"Mummified Hand"},{"floor":8,"key":"Singing Bowl"},{"floor":9,"key":"Oddly Smooth Stone"},{"floor":11,"key":"Juzu Bracelet"},{"floor":17,"key":"War Paint"},{"floor":17,"key":"The Courier"},{"floor":17,"key":"Bird Faced Urn"}],"event_choices":[{"cards_removed":["Strike_R"],"damage_healed":0,"gold_gain":0,"player_choice":"Purged","damage_taken":0,"max_hp_gain":0,"max_hp_loss":0,"event_name":"Purifier","floor":5,"gold_loss":0},{"damage_healed":0,"gold_gain":0,"player_choice":"Joined the Cult","damage_taken":6,"max_hp_gain":0,"max_hp_loss":0,"event_name":"Nest","floor":19,"gold_loss":0,"cards_obtained":["RitualDagger"]}],"is_beta":false,"boss_relics":[{"not_picked":["Runic Cube","Philosopher\u0027s Stone"],"picked":"Calling Bell"}],"items_purged_floors":[10],"is_endless":false,"potions_floor_spawned":[3,4,6,8,11,18,21],"killed_by":"Gremlin Leader","ascension_level":1}