{"gold_per_floor":[112,123,123,123,48,48,66,66,118,139,139,157,157],"floor_reached":13,"playtime":427,"items_purged":[],"score":150,"play_id":"56a0007d-8fe1-4ec2-b6d2-051f800717e5","local_time":"20181018235313","is_ascension_mode":true,"campfire_choices":[{"data":"Neutralize","floor":6,"key":"SMITH"},{"data":"Poisoned Stab","floor":8,"key":"SMITH"},{"data":"Crippling Poison","floor":11,"key":"SMITH"}],"neow_cost":"NONE","seed_source_timestamp":14377003962815,"circlet_count":0,"master_deck":["Defend_G","Defend_G","Defend_G","Defend_G","Defend_G","Strike_G","Strike_G","Strike_G","Strike_G","Survivor","Neutralize+1","AscendersBane","Poisoned Stab+1","Dodge and Roll","Catalyst","Crippling Poison+1","PiercingWail"],"relics":["Eternal Feather","Golden Idol","Singing Bowl","Juzu Bracelet"],"potions_floor_usage":[12],"damage_taken":[{"damage":0,"enemies":"2 Louse","floor":1,"turns":5},{"damage":3,"enemies":"Small Slimes","floor":2,"turns":5},{"damage":2,"enemies":"Jaw Worm","floor":7,"turns":5},{"damage":28,"enemies":"Large Slime","floor":10,"turns":10},{"damage":23,"enemies":"Exordium Thugs","floor":12,"turns":5},{"damage":0,"enemies":"3 Louse","floor":13,"turns":1}],"seed_played":"8583373841922412937","potions_obtained":[{"floor":10,"key":"FearPotion"}],"is_trial":false,"path_per_floor":["M","M","?","?","?","R","M","R","T","M","R","M"],"character_chosen":"THE_SILENT","items_purchased":[],"campfire_rested":0,"item_purchase_floors":[],"current_hp_per_floor":[59,56,56,30,30,36,34,43,43,15,24,1,1],"gold":157,"neow_bonus":"BOSS_RELIC","is_prod":false,"is_daily":false,"chose_seed":false,"campfire_upgraded":3,"win_rate":0,"timestamp":1539899593,"path_taken":["M","M","?","?","?","R","M","R","T","M","R","M","M"],"build_version":"2018-10-17v3","purchased_purges":0,"victory":false,"max_hp_per_floor":[66,66,60,60,60,60,60,60,60,60,60,60,60],"card_choices":[{"not_picked":["Flying Knee","Noxious Fumes"],"picked":"Poisoned Stab","floor":1},{"not_picked":["Dagger Spray","Blade Dance"],"picked":"Dodge and Roll","floor":2},{"not_picked":["Deflect","Blade Dance"],"picked":"Catalyst","floor":7},{"not_picked":["Poisoned Stab","Prepared"],"picked":"Crippling Poison","floor":10},{"not_picked":["Setup","Poisoned Stab"],"picked":"PiercingWail","floor":12}],"player_experience":721025,"relics_obtained":[{"floor":9,"key":"Juzu Bracelet"}],"event_choices":[{"damage_healed":0,"gold_gain":0,"player_choice":"Lose Max HP","damage_taken":0,"relics_obtained":["Golden Idol"],"max_hp_gain":0,"max_hp_loss":6,"event_name":"Golden Idol","floor":3,"gold_loss":0},{"damage_healed":0,"gold_gain":0,"player_choice":"Success","damage_taken":26,"relics_obtained":["Singing Bowl"],"max_hp_gain":0,"max_hp_loss":0,"event_name":"Scrap Ooze","floor":4,"gold_loss":0},{"cards_removed":["Strike_G"],"damage_healed":0,"gold_gain":0,"player_choice":"Card Removal","damage_taken":0,"max_hp_gain":0,"max_hp_loss":0,"event_name":"The Cleric","floor":5,"gold_loss":75}],"is_beta":true,"boss_relics":[],"items_purged_floors":[],"is_endless":false,"potions_floor_spawned":[10],"killed_by":"3 Louse","ascension_level":20}