{"gold_per_floor":[113,131,131,6,156,156,183,258,258,270,283,20,20,45,45,121,121,137,31,31,31,51,51,67,67,67,96,96,107,107,32,32,32],"floor_reached":33,"playtime":1127,"items_purged":["Strike_B","Doubt"],"score":592,"play_id":"34406d2f-4cdb-45f2-901a-99db9599822f","local_time":"20181228142529","is_ascension_mode":true,"campfire_choices":[{"data":"Zap","floor":6,"key":"SMITH"},{"data":"Zap","floor":15,"key":"SMITH"},{"data":"Go for the Eyes","floor":23,"key":"SMITH"},{"data":"Hologram","floor":25,"key":"SMITH"},{"floor":32,"key":"REST"}],"neow_cost":"NONE","seed_source_timestamp":3587092541994,"circlet_count":0,"master_deck":["AscendersBane","Strike_B+1","Strike_B","Defend_B","Defend_B","Defend_B","Defend_B","Zap+1","Dualcast","Turbo","Streamline","Cold Snap+1","Gash","Compile Driver","Cold Snap","Self Repair","Hologram+1","Gash","Compile Driver","Zap+1","All For One","All For One","Consume","Go for the Eyes+1","Hologram","Writhe","Ball Lightning","Loop","Go for the Eyes+1"],"relics":["Cracked Core","NeowsBlessing","Whetstone","WingedGreaves","Cursed Key","Letter Opener","Pantograph","Bag of Marbles","Dodecahedron"],"potions_floor_usage":[16,27,27,33],"damage_taken":[{"damage":0,"enemies":"Cultist","floor":1,"turns":1},{"damage":0,"enemies":"Small Slimes","floor":2,"turns":1},{"damage":0,"enemies":"Lagavulin","floor":7,"turns":1},{"damage":7,"enemies":"Jaw Worm","floor":10,"turns":3},{"damage":6,"enemies":"Looter","floor":11,"turns":3},{"damage":20,"enemies":"Gremlin Nob","floor":14,"turns":4},{"damage":14,"enemies":"The Guardian","floor":16,"turns":8},{"damage":6,"enemies":"Spheric Guardian","floor":18,"turns":3},{"damage":0,"enemies":"Chosen","floor":22,"turns":3},{"damage":15,"enemies":"Snecko","floor":24,"turns":5},{"damage":39,"enemies":"Slavers","floor":27,"turns":3},{"damage":18,"enemies":"Cultist and Chosen","floor":29,"turns":5},{"damage":82,"enemies":"Collector","floor":33,"turns":9}],"seed_played":"-3001953836583199344","potions_obtained":[{"floor":2,"key":"FocusPotion"},{"floor":10,"key":"Swift Potion"},{"floor":16,"key":"GamblersBrew"},{"floor":24,"key":"Dexterity Potion"},{"floor":29,"key":"Dexterity Potion"}],"is_trial":false,"path_per_floor":["M","M","?","$","?","R","E","?","T","M","M","$","?","E","R","B",null,"M","$","?","?","M","R","M","R","T","E","T","M","?","?","R","B"],"character_chosen":"DEFECT","items_purchased":["Cold Snap","Self Repair","Hologram","Gash","Go for the Eyes","Hologram"],"campfire_rested":1,"item_purchase_floors":[4,12,12,12,19,19],"current_hp_per_floor":[64,64,57,57,57,57,57,46,46,39,33,33,33,20,20,13,57,58,58,58,81,81,81,73,73,73,34,34,23,23,23,47,0],"gold":32,"neow_bonus":"THREE_ENEMY_KILL","is_prod":false,"is_daily":false,"chose_seed":false,"campfire_upgraded":4,"win_rate":0,"timestamp":1546003529,"path_taken":["M","?","?","?","?","R","E","?","T","M","M","$","?","E","R","BOSS","M","$","?","?","?","R","?","R","T","E","?","M","?","?","R","BOSS"],"build_version":"2018-12-25","purchased_purges":2,"victory":false,"max_hp_per_floor":[71,71,71,71,71,71,71,71,71,71,71,71,71,71,71,71,71,71,71,71,81,81,81,81,81,81,81,81,81,81,81,81,81],"card_choices":[{"not_picked":["Hologram","Redo"],"picked":"Turbo","floor":1},{"not_picked":["Redo","Aggregate"],"picked":"Streamline","floor":2},{"not_picked":["Turbo","Hyperbeam"],"picked":"Gash","floor":7},{"not_picked":["Beam Cell","Go for the Eyes"],"picked":"Compile Driver","floor":10},{"not_picked":["Scrape","Sweeping Beam"],"picked":"Cold Snap","floor":11},{"not_picked":["Sweeping Beam","Skim"],"picked":"All For One","floor":14},{"not_picked":["Hyperbeam","Meteor Strike"],"picked":"All For One","floor":16},{"not_picked":["Heatsinks","Hello World"],"picked":"Consume","floor":18},{"not_picked":["Barrage+1","Redo"],"picked":"Ball Lightning","floor":22},{"not_picked":["Beam Cell","Melter","Redo"],"picked":"SKIP","floor":24},{"not_picked":["Coolheaded","Streamline+1"],"picked":"Loop","floor":27},{"not_picked":["Coolheaded","Rebound"],"picked":"Go for the Eyes+1","floor":29}],"player_experience":873351,"relics_obtained":[{"floor":7,"key":"Whetstone"},{"floor":14,"key":"WingedGreaves"},{"floor":26,"key":"Pantograph"},{"floor":27,"key":"Bag of Marbles"},{"floor":28,"key":"Dodecahedron"}],"event_choices":[{"cards_removed":["Strike_B"],"damage_healed":0,"gold_gain":0,"player_choice":"Card Removal","damage_taken":7,"max_hp_gain":0,"max_hp_loss":0,"event_name":"Golden Wing","floor":3,"gold_loss":0},{"damage_healed":0,"gold_gain":150,"player_choice":"AGREE","damage_taken":0,"max_hp_gain":0,"max_hp_loss":0,"event_name":"Liars Game","floor":5,"gold_loss":0,"cards_obtained":["Doubt"]},{"damage_healed":0,"gold_gain":75,"player_choice":"Gather Gold","damage_taken":11,"max_hp_gain":0,"max_hp_loss":0,"event_name":"World of Goop","floor":8,"gold_loss":0},{"damage_healed":0,"gold_gain":0,"player_choice":"3 cards matched","damage_taken":0,"max_hp_gain":0,"max_hp_loss":0,"event_name":"Match and Keep!","floor":13,"gold_loss":0,"cards_obtained":["Compile Driver","Biased Cognition","Zap"]},{"damage_healed":0,"gold_gain":0,"player_choice":"3 cards matched","damage_taken":0,"max_hp_gain":0,"max_hp_loss":0,"event_name":"Match and Keep!","floor":13,"gold_loss":0,"cards_obtained":["Compile Driver","Biased Cognition","Zap"]},{"damage_healed":0,"gold_gain":0,"player_choice":"Opened","damage_taken":0,"relics_obtained":["Letter Opener"],"max_hp_gain":0,"max_hp_loss":0,"event_name":"The Mausoleum","floor":20,"gold_loss":0,"cards_obtained":["Writhe"]},{"cards_removed":["Biased Cognition"],"damage_healed":13,"gold_gain":0,"player_choice":"Offered Rare","damage_taken":0,"max_hp_gain":10,"max_hp_loss":0,"event_name":"Bonfire Elementals","floor":21,"gold_loss":0},{"cards_removed":["Normality"],"damage_healed":0,"gold_gain":0,"player_choice":"Elegance","damage_taken":0,"max_hp_gain":0,"max_hp_loss":0,"event_name":"Back to Basics","floor":30,"gold_loss":0},{"cards_removed":["Normality"],"damage_healed":0,"gold_gain":0,"player_choice":"Gave Gold","damage_taken":0,"max_hp_gain":0,"max_hp_loss":0,"event_name":"Beggar","floor":31,"gold_loss":75}],"is_beta":true,"boss_relics":[{"not_picked":["Nuclear Battery","Calling Bell"],"picked":"Cursed Key"}],"items_purged_floors":[4,12],"is_endless":false,"potions_floor_spawned":[2,10,16,24,29],"killed_by":"Collector","ascension_level":20}