{"gold_per_floor":[118,118,129,146,158,158,174,174,243,262,273,285,299,314,314,411,411,424,424,424,435,435,465,465,319,319,319,333,28,42,52,52,153,153,163,163,0,13,113,113,129,129,129,429,444,146,146,158,158,158],"floor_reached":51,"playtime":9061,"items_purged":["Purity","Strike_R+1"],"score":665,"play_id":"fe491ece-3ae5-4ec3-8805-70c3634067f3","local_time":"20190223214447","is_ascension_mode":false,"campfire_choices":[{"data":"Body Slam","floor":8,"key":"SMITH"},{"data":"Flex","floor":15,"key":"SMITH"},{"floor":24,"key":"REST"},{"data":"Infernal Blade","floor":27,"key":"SMITH"},{"data":"Clash","floor":32,"key":"SMITH"},{"floor":40,"key":"REST"},{"floor":42,"key":"REST"},{"data":"Metallicize","floor":49,"key":"SMITH"}],"neow_cost":"NONE","seed_source_timestamp":29572947971024,"circlet_count":0,"master_deck":["Strike_R+1","Strike_R+1","Strike_R+1","Strike_R+1","Defend_R+1","Defend_R+1","Defend_R+1","Defend_R+1","Headbutt","Body Slam+1","Flex+1","Armaments+1","Clash+1","Clash","Feed","Battle Trance","Reaper","J.A.X.","Entrench+1","Infernal Blade+1","Flame Barrier+1","Warcry+1","Feed","Flex+1","Madness+1","Madness+1","Metallicize+1","Flex+1"],"relics":["Burning Blood","Mercury Hourglass","Runic Cube","Enchiridion","WingedGreaves","Toxic Egg 2","HandDrill","Lizard Tail","Red Mask","Calipers","Self Forming Clay","Thread and Needle"],"potions_floor_usage":[16,16,16,23,33,39,50,50,50],"damage_taken":[{"damage":0,"enemies":"2 Louse","floor":1,"turns":3},{"damage":7,"enemies":"Cultist","floor":3,"turns":5},{"damage":4,"enemies":"Jaw Worm","floor":4,"turns":5},{"damage":6,"enemies":"Red Slaver","floor":5,"turns":5},{"damage":2,"enemies":"Blue Slaver","floor":7,"turns":4},{"damage":8,"enemies":"2 Fungi Beasts","floor":10,"turns":3},{"damage":0,"enemies":"Large Slime","floor":11,"turns":4},{"damage":9,"enemies":"Exordium Thugs","floor":12,"turns":3},{"damage":0,"enemies":"Looter","floor":13,"turns":2},{"damage":2,"enemies":"Large Slime","floor":14,"turns":3},{"damage":34,"enemies":"The Guardian","floor":16,"turns":6},{"damage":10,"enemies":"3 Byrds","floor":18,"turns":4},{"damage":18,"enemies":"2 Thieves","floor":21,"turns":3},{"damage":18,"enemies":"Slavers","floor":23,"turns":5},{"damage":3,"enemies":"Snake Plant","floor":28,"turns":2},{"damage":15,"enemies":"Shelled Parasite and Fungi","floor":30,"turns":3},{"damage":0,"enemies":"Centurion and Healer","floor":31,"turns":3},{"damage":28,"enemies":"Champ","floor":33,"turns":11},{"damage":20,"enemies":"3 Darklings","floor":35,"turns":4},{"damage":2,"enemies":"3 Shapes","floor":38,"turns":4},{"damage":39,"enemies":"Mind Bloom Boss Battle","floor":39,"turns":7},{"damage":33,"enemies":"Transient","floor":41,"turns":5},{"damage":17,"enemies":"Sphere and 2 Shapes","floor":45,"turns":6},{"damage":6,"enemies":"3 Darklings","floor":48,"turns":5},{"damage":139,"enemies":"Time Eater","floor":50,"turns":13}],"seed_played":"7494201478861419833","potions_obtained":[{"floor":5,"key":"LiquidBronze"},{"floor":7,"key":"PowerPotion"},{"floor":11,"key":"Strength Potion"},{"floor":16,"key":"Fire Potion"},{"floor":21,"key":"Weak Potion"},{"floor":28,"key":"Regen Potion"},{"floor":33,"key":"Regen Potion"},{"floor":35,"key":"Swift Potion"},{"floor":41,"key":"Strength Potion"}],"is_trial":false,"path_per_floor":["M","?","M","M","M","?","M","R","T","M","M","M","M","M","R","B",null,"M","?","?","M","?","E","R","$","T","R","M","$","M","M","R","B",null,"M","?","?","M","?","R","M","R","T","?","M","$","?","M","R","B",null],"character_chosen":"IRONCLAD","items_purchased":["Infernal Blade","HandDrill","Thread and Needle"],"campfire_rested":3,"item_purchase_floors":[25,29,46],"current_hp_per_floor":[80,80,79,80,80,80,80,80,80,78,80,77,80,80,80,52,80,80,80,64,65,65,69,91,91,91,91,94,94,88,97,97,87,100,86,73,73,85,72,100,73,100,100,100,93,93,93,93,93,58],"gold":158,"neow_bonus":"RANDOM_COLORLESS","is_prod":false,"is_daily":false,"chose_seed":false,"campfire_upgraded":5,"win_rate":0.0,"timestamp":1550954687,"path_taken":["M","?","M","?","M","?","M","R","T","M","M","M","M","M","R","BOSS","M","?","?","M","?","E","R","$","T","R","?","?","M","M","R","BOSS","M","?","?","M","?","R","M","R","T","?","?","$","?","M","R","BOSS"],"build_version":"2019-01-23","purchased_purges":2,"victory":true,"max_hp_per_floor":[80,80,80,80,80,80,80,80,80,80,80,80,80,80,80,80,80,84,84,84,87,87,91,91,91,91,91,94,94,97,100,100,100,100,100,100,100,100,100,100,100,100,100,100,104,104,104,104,104,104],"card_choices":[{"not_picked":["Thunderclap","Pommel Strike"],"picked":"Headbutt","floor":1},{"not_picked":["Evolve","Heavy Blade"],"picked":"Body Slam","floor":3},{"not_picked":["Warcry","Whirlwind"],"picked":"Flex","floor":4},{"not_picked":["Ghostly Armor","Combust"],"picked":"Armaments","floor":5},{"not_picked":["Rupture","Fiend Fire"],"picked":"Clash","floor":7},{"not_picked":["Sword Boomerang","Pommel Strike"],"picked":"Clash","floor":10},{"not_picked":["Heavy Blade","Armaments","Anger"],"picked":"SKIP","floor":11},{"not_picked":["Anger","Thunderclap"],"picked":"Feed","floor":12},{"not_picked":["Flex","Disarm"],"picked":"Battle Trance","floor":13},{"not_picked":["Disarm","Body Slam","Feel No Pain"],"picked":"SKIP","floor":14},{"not_picked":["Brutality","Limit Break"],"picked":"Reaper","floor":16},{"not_picked":["Armaments","Combust","Wild Strike+1"],"picked":"SKIP","floor":18},{"not_picked":["Iron Wave","Body Slam","Burning Pact"],"picked":"SKIP","floor":21},{"not_picked":["Hemokinesis","Armaments"],"picked":"Entrench+1","floor":23},{"not_picked":["Headbutt","True Grit+1","Anger"],"picked":"SKIP","floor":28},{"not_picked":["Sword Boomerang","Dropkick"],"picked":"Flame Barrier+1","floor":30},{"not_picked":["Headbutt","Fiend Fire"],"picked":"Warcry+1","floor":31},{"not_picked":["Offering+1","Limit Break+1"],"picked":"Feed","floor":33},{"not_picked":["Twin Strike+1","Battle Trance+1"],"picked":"Flex+1","floor":35},{"not_picked":["Headbutt+1","Heavy Blade+1"],"picked":"Metallicize","floor":38},{"not_picked":["Heavy Blade+1","Bludgeon"],"picked":"Flex+1","floor":41},{"not_picked":["Thunderclap","Wild Strike+1","Combust"],"picked":"SKIP","floor":45},{"not_picked":["Entrench+1","Searing Blow+1","Shockwave+1"],"picked":"SKIP","floor":48}],"player_experience":28540,"relics_obtained":[{"floor":9,"key":"Mercury Hourglass"},{"floor":20,"key":"Enchiridion"},{"floor":23,"key":"WingedGreaves"},{"floor":26,"key":"Toxic Egg 2"},{"floor":39,"key":"Calipers"},{"floor":43,"key":"Self Forming Clay"}],"event_choices":[{"cards_removed":["Bash"],"damage_healed":0,"gold_gain":0,"player_choice":"Offered Basic","damage_taken":0,"max_hp_gain":0,"max_hp_loss":0,"event_name":"Bonfire Elementals","floor":2,"gold_loss":0},{"damage_healed":0,"gold_gain":0,"player_choice":"Forge","damage_taken":0,"max_hp_gain":0,"max_hp_loss":0,"event_name":"Accursed Blacksmith","floor":6,"gold_loss":0,"cards_upgraded":["Armaments"]},{"damage_healed":0,"gold_gain":0,"player_choice":"Obtain J.A.X.","damage_taken":0,"max_hp_gain":0,"max_hp_loss":0,"event_name":"Drug Dealer","floor":19,"gold_loss":0,"cards_obtained":["J.A.X."]},{"damage_healed":0,"gold_gain":0,"player_choice":"Obtained Book","damage_taken":16,"max_hp_gain":0,"max_hp_loss":0,"event_name":"Cursed Tome","floor":20,"gold_loss":0},{"damage_healed":0,"gold_gain":0,"player_choice":"Simplicity","damage_taken":0,"max_hp_gain":0,"max_hp_loss":0,"event_name":"Back to Basics","floor":22,"gold_loss":0,"cards_upgraded":["Strike_R","Strike_R","Strike_R","Strike_R","Strike_R","Defend_R","Defend_R","Defend_R","Defend_R"]},{"damage_healed":0,"gold_gain":0,"player_choice":"Embrace Madness","damage_taken":13,"max_hp_gain":0,"max_hp_loss":0,"event_name":"Winding Halls","floor":36,"gold_loss":0,"cards_obtained":["Madness","Madness"]},{"damage_healed":0,"gold_gain":0,"player_choice":"Paid","damage_taken":0,"relics_obtained":["Red Mask"],"max_hp_gain":0,"max_hp_loss":0,"event_name":"Tomb of Lord Red Mask","floor":37,"gold_loss":163},{"damage_healed":0,"gold_gain":0,"player_choice":"Fight","damage_taken":0,"max_hp_gain":0,"max_hp_loss":0,"event_name":"MindBloom","floor":39,"gold_loss":0},{"damage_healed":0,"gold_gain":300,"player_choice":"Gold","damage_taken":0,"max_hp_gain":0,"max_hp_loss":0,"event_name":"Wheel of Change","floor":44,"gold_loss":0},{"damage_healed":0,"gold_gain":0,"player_choice":"Ignored","damage_taken":0,"max_hp_gain":0,"max_hp_loss":0,"event_name":"Mysterious Sphere","floor":47,"gold_loss":0}],"is_beta":false,"boss_relics":[{"not_picked":["Orrery","Black Blood"],"picked":"Runic Cube"},{"not_picked":["Velvet Choker","Calling Bell"],"picked":"Lizard Tail"}],"items_purged_floors":[25,29],"is_endless":false,"potions_floor_spawned":[5,7,11,12,16,21,28,33,35,41],"ascension_level":0}