{"path_per_floor":["M","M","M","M","?","R","?","R","T","?","M","E","$","M","R","B",null,"M","?","?","?","$","R","M","?","T","$","?","?","M","M","R","B",null,"M","M","$","M","M","R","E","R","T","E","R","M","?","T","R","B"],"character_chosen":"IRONCLAD","items_purchased":["Whirlwind","Juzu Bracelet","Second Wind","Exhume"],"gold_per_floor":[114,129,144,159,159,159,171,171,196,196,211,241,23,38,38,138,138,138,138,155,155,118,118,133,133,208,53,53,53,68,83,83,183,183,198,213,138,153,198,198,228,228,278,308,308,323,323,348,348,348],"floor_reached":51,"campfire_rested":1,"playtime":1970,"item_purchase_floors":[13,13,22,27],"current_hp_per_floor":[80,76,80,80,73,73,61,80,80,80,80,80,80,80,80,59,87,87,87,87,79,79,79,81,81,81,81,81,81,83,87,87,26,105,105,105,105,105,105,105,107,107,107,107,107,104,104,104,104,102],"items_purged":["Regret"],"gold":348,"score":930,"play_id":"a77888f2-9399-4e4d-842c-fe0efb9a8014","local_time":"20180523050023","daily_mods":["Brewmaster","Lethality","Vintage"],"is_prod":false,"is_daily":true,"chose_seed":false,"is_ascension_mode":false,"campfire_upgraded":8,"timestamp":1527060623,"campfire_choices":[{"data":"Bash","floor":6,"key":"SMITH"},{"floor":8,"key":"REST"},{"data":"Whirlwind","floor":15,"key":"SMITH"},{"data":"Second Wind","floor":23,"key":"SMITH"},{"data":"Venomology","floor":32,"key":"SMITH"},{"data":"Offering","floor":40,"key":"SMITH"},{"data":"Venomology","floor":42,"key":"SMITH"},{"data":"Pummel","floor":45,"key":"SMITH"},{"data":"Exhume","floor":49,"key":"SMITH"}],"path_taken":["M","M","?","M","?","R","?","R","T","?","M","E","$","M","R","BOSS","M","?","?","?","$","R","M","?","T","$","?","?","M","M","R","BOSS","M","M","$","M","M","R","E","R","T","E","R","M","?","?","R","BOSS"],"build_version":"2018-05-21v2","seed_source_timestamp":0,"purchased_purges":1,"victory":true,"master_deck":["Strike_R","Strike_R","Strike_R","Strike_R","Strike_R","Defend_R","Defend_R","Defend_R+1","Defend_R+1","Venomology+1","Venomology+1","Venomology","Venomology","Venomology","Thunderclap+1","Pummel+1","Whirlwind+1","Fiend Fire+1","Perfected Strike+1","Second Wind+1","Exhume+1","Offering+1","Parasite","Decay","Perfected Strike+1"],"max_hp_per_floor":[80,80,80,80,80,80,80,80,80,80,80,80,80,80,80,87,87,87,87,87,87,87,87,87,87,87,87,87,87,87,87,87,87,105,105,105,105,105,105,105,107,107,107,107,107,107,107,107,107,107],"relics":["Burning Blood","White Beast Statue","Happy Flower","Bag of Preparation","Bronze Scales","Lantern","Meat on the Bone","Odd Mushroom","Art of War","Question Card","Boot","Juzu Bracelet","War Paint","Strawberry","Mark of Pain","Red Mask","Darkstone Periapt","Toolbox","Pen Nib","Paper Frog","Ancient Tea Set","Regal Pillow","Calling Bell","Singing Bowl","Blue Candle","Sundial","Bag of Marbles","Oddly Smooth Stone","Toxic Egg 2","Tiny Chest","Centennial Puzzle","Vajra","Champion Belt","Mercury Hourglass","Orichalcum"],"card_choices":[{"not_picked":["Headbutt","Clash"],"picked":"Thunderclap","floor":7},{"not_picked":["Iron Wave","Uppercut","Flex"],"picked":"Pummel","floor":12},{"not_picked":["Offering","Reaper","Brutality"],"picked":"Fiend Fire","floor":16},{"not_picked":["Spot Weakness","Clash+1","Clothesline+1"],"picked":"Perfected Strike+1","floor":20},{"not_picked":["Exhume","Immolate","Fiend Fire"],"picked":"Offering","floor":33},{"not_picked":["Thunderclap+1","Shrug It Off+1","Clothesline","Juggernaut"],"picked":"Singing Bowl","floor":41},{"not_picked":["Dropkick+1","Pommel Strike","Disarm+1"],"picked":"Perfected Strike+1","floor":44}],"player_experience":454802,"potions_floor_usage":[1,1,3,4,7,7,7,11,12,12,12,12,16,16,16,16,16,16,16,18,24,24,30,33,33,33,38,38,38,38,41,41,46,46,50,50,50,50,50,50,50],"damage_taken":[{"damage":0,"enemies":"Cultist","floor":1,"turns":2},{"damage":10,"enemies":"2 Louse","floor":2,"turns":2},{"damage":0,"enemies":"Small Slimes","floor":3,"turns":2},{"damage":0,"enemies":"Exordium Wildlife","floor":4,"turns":2},{"damage":23,"enemies":"The Mushroom Lair","floor":7,"turns":3},{"damage":0,"enemies":"3 Louse","floor":11,"turns":1},{"damage":3,"enemies":"3 Sentries","floor":12,"turns":4},{"damage":0,"enemies":"Gremlin Gang","floor":14,"turns":1},{"damage":70,"enemies":"Hexaghost","floor":16,"turns":9},{"damage":0,"enemies":"Shell Parasite","floor":18,"turns":1},{"damage":0,"enemies":"Masked Bandits","floor":20,"turns":1},{"damage":4,"enemies":"2 Thieves","floor":24,"turns":3},{"damage":10,"enemies":"Snake Plant","floor":30,"turns":2},{"damage":0,"enemies":"3 Cultists","floor":31,"turns":1},{"damage":118,"enemies":"Collector","floor":33,"turns":8},{"damage":0,"enemies":"Orb Walker","floor":35,"turns":1},{"damage":5,"enemies":"Flame Bruiser 1 Orb","floor":36,"turns":1},{"damage":5,"enemies":"Maw","floor":38,"turns":4},{"damage":0,"enemies":"3 Darklings","floor":39,"turns":1},{"damage":4,"enemies":"Giant Head","floor":41,"turns":4},{"damage":0,"enemies":"2 Orb Walkers","floor":44,"turns":1},{"damage":9,"enemies":"4 Shapes","floor":46,"turns":1},{"damage":8,"enemies":"Donu and Deca","floor":50,"turns":4}],"relics_obtained":[{"floor":1,"key":"Happy Flower"},{"floor":2,"key":"Bag of Preparation"},{"floor":3,"key":"Bronze Scales"},{"floor":4,"key":"Lantern"},{"floor":7,"key":"Odd Mushroom"},{"floor":9,"key":"Art of War"},{"floor":11,"key":"Question Card"},{"floor":12,"key":"Boot"},{"floor":14,"key":"War Paint"},{"floor":16,"key":"Strawberry"},{"floor":20,"key":"Red Mask"},{"floor":24,"key":"Darkstone Periapt"},{"floor":26,"key":"Toolbox"},{"floor":30,"key":"Paper Frog"},{"floor":31,"key":"Ancient Tea Set"},{"floor":33,"key":"Regal Pillow"},{"floor":34,"key":"Singing Bowl"},{"floor":34,"key":"Blue Candle"},{"floor":34,"key":"Sundial"},{"floor":35,"key":"Bag of Marbles"},{"floor":36,"key":"Oddly Smooth Stone"},{"floor":38,"key":"Toxic Egg 2"},{"floor":39,"key":"Tiny Chest"},{"floor":41,"key":"Centennial Puzzle"},{"floor":43,"key":"Vajra"},{"floor":44,"key":"Champion Belt"},{"floor":46,"key":"Mercury Hourglass"},{"floor":48,"key":"Orichalcum"}],"event_choices":[{"event_name":"Scrap Ooze","player_choice":"success","floor":5,"damage_taken":7},{"event_name":"Mushrooms","player_choice":"Fought Mushrooms","floor":7,"damage_taken":0},{"event_name":"Upgrade Shrine","player_choice":"Upgraded","floor":10,"damage_taken":0},{"event_name":"Upgrade Shrine","player_choice":"Upgraded","floor":19,"damage_taken":0},{"event_name":"Masked Bandits","player_choice":"Fought over 138 gold","floor":20,"damage_taken":0},{"event_name":"Knowing Skull","player_choice":"","floor":21,"damage_taken":0},{"event_name":"Vampires","player_choice":"Ignored","floor":25,"damage_taken":0},{"event_name":"The Mausoleum","player_choice":"Yes","floor":28,"damage_taken":0},{"event_name":"Addict","player_choice":"Ignored","floor":29,"damage_taken":0}],"boss_relics":[{"not_picked":["Orrery","Ectoplasm"],"picked":"Mark of Pain"},{"not_picked":["Black Star","Philosopher\u0027s Stone"],"picked":"Calling Bell"}],"items_purged_floors":[37],"potions_floor_spawned":[1,2,3,4,7,11,12,14,16,18,20,24,30,31,33,35,36,38,39,41,44,46],"seed_played":"-4877040327349419501","ascension_level":0,"potions_obtained":[{"floor":1,"key":"Poison Potion"},{"floor":2,"key":"Weak Potion"},{"floor":3,"key":"AttackPotion"},{"floor":4,"key":"Swift Potion"},{"floor":7,"key":"Weak Potion"},{"floor":11,"key":"Ancient Potion"},{"floor":12,"key":"Dexterity Potion"},{"floor":14,"key":"BloodPotion"},{"floor":16,"key":"SmokeBomb"},{"floor":20,"key":"BloodPotion"},{"floor":24,"key":"Energy Potion"},{"floor":33,"key":"Ancient Potion"},{"floor":35,"key":"Ancient Potion"},{"floor":36,"key":"Block Potion"},{"floor":46,"key":"SkillPotion"}],"is_trial":false}