{"gold_per_floor":[115,130,10,22,38,38,68,68,68,68,78,78,92,127,127,127],"floor_reached":16,"playtime":506,"items_purged":["Strike_R"],"score":179,"play_id":"c424eb6b-a339-4960-a317-7d987625d4ed","local_time":"20190203123816","is_ascension_mode":true,"campfire_choices":[{"data":"Bash","floor":6,"key":"SMITH"},{"floor":8,"key":"REST"},{"data":"Limit Break","floor":12,"key":"SMITH"},{"floor":15,"key":"REST"}],"neow_cost":"NONE","seed_source_timestamp":165288842958580,"circlet_count":0,"master_deck":["AscendersBane","Strike_R","Strike_R","Strike_R","Strike_R","Defend_R","Defend_R","Defend_R","Defend_R","Bash+1","Limit Break+1","Sword Boomerang","Thunderclap","Shrug It Off","Flex","Armaments+1","Burning Pact+1","Spot Weakness+1"],"relics":["Burning Blood","Vajra","Toxic Egg 2","Ice Cream"],"potions_floor_usage":[7,11,14,16],"damage_taken":[{"damage":16,"enemies":"Jaw Worm","floor":1,"turns":4},{"damage":1,"enemies":"Cultist","floor":2,"turns":3},{"damage":0,"enemies":"Small Slimes","floor":4,"turns":5},{"damage":10,"enemies":"Red Slaver","floor":5,"turns":4},{"damage":42,"enemies":"3 Sentries","floor":7,"turns":10},{"damage":3,"enemies":"Looter","floor":11,"turns":2},{"damage":0,"enemies":"Blue Slaver","floor":13,"turns":4},{"damage":56,"enemies":"Gremlin Nob","floor":14,"turns":5},{"damage":43,"enemies":"Slime Boss","floor":16,"turns":8}],"seed_played":"-2995416900487663748","potions_obtained":[{"floor":2,"key":"Poison Potion"},{"floor":7,"key":"Weak Potion"},{"floor":10,"key":"EssenceOfSteel"},{"floor":10,"key":"AttackPotion"},{"floor":14,"key":"AttackPotion"}],"is_trial":false,"path_per_floor":["M","M","$","M","M","R","E","R","T","?","M","R","M","E","R","B"],"character_chosen":"IRONCLAD","items_purchased":["Shrug It Off"],"campfire_rested":2,"item_purchase_floors":[3],"current_hp_per_floor":[62,67,67,73,69,69,33,57,57,57,60,60,66,16,40,0],"gold":127,"neow_bonus":"ONE_RANDOM_RARE_CARD","is_prod":false,"is_daily":false,"chose_seed":false,"campfire_upgraded":2,"win_rate":0,"timestamp":1549190296,"path_taken":["M","M","$","M","M","R","E","R","T","?","M","R","?","E","R","BOSS"],"build_version":"2019-01-23","purchased_purges":1,"victory":false,"max_hp_per_floor":[80,80,80,80,80,80,80,80,80,80,80,80,80,80,80,80],"card_choices":[{"not_picked":["Wild Strike","Headbutt"],"picked":"Sword Boomerang","floor":1},{"not_picked":["Fire Breathing","Pommel Strike"],"picked":"Thunderclap","floor":2},{"not_picked":["Havoc","Sever Soul"],"picked":"Flex","floor":4},{"not_picked":["Pommel Strike","Combust","Anger"],"picked":"SKIP","floor":5},{"not_picked":["Perfected Strike","Clash","Havoc"],"picked":"SKIP","floor":7},{"not_picked":["Feel No Pain","True Grit+1"],"picked":"Armaments+1","floor":11},{"not_picked":["Iron Wave","Wild Strike"],"picked":"Burning Pact+1","floor":13},{"not_picked":["Juggernaut","Perfected Strike"],"picked":"Spot Weakness+1","floor":14}],"player_experience":714326,"relics_obtained":[{"floor":7,"key":"Vajra"},{"floor":9,"key":"Toxic Egg 2"},{"floor":14,"key":"Ice Cream"}],"event_choices":[{"damage_healed":0,"gold_gain":0,"player_choice":"Got Potions","damage_taken":0,"max_hp_gain":0,"max_hp_loss":0,"event_name":"Lab","floor":10,"gold_loss":0}],"is_beta":false,"boss_relics":[],"items_purged_floors":[3],"is_endless":false,"potions_floor_spawned":[2,7,14],"killed_by":"Slime Boss","ascension_level":12}