{"gold_per_floor":[10,28,43,61,161,161,186,206,274,287,313,326,326,341,341,341],"floor_reached":16,"playtime":795,"items_purged":[],"score":168,"play_id":"9375d1cc-23e6-4213-93a1-a56d73826c28","local_time":"20190224140820","is_ascension_mode":true,"campfire_choices":[{"data":"Quick Slash","floor":6,"key":"SMITH"},{"data":"Adrenaline","floor":13,"key":"SMITH"},{"floor":15,"key":"REST"}],"neow_cost":"NO_GOLD","seed_source_timestamp":222689482899880,"circlet_count":0,"master_deck":["Defend_G","Defend_G","Defend_G","Defend_G","Defend_G","Strike_G","Strike_G","Strike_G","Strike_G","Strike_G","Survivor","Neutralize","Deflect","Leg Sweep","Quick Slash+1","Dagger Spray","Slice","All Out Attack","Adrenaline+1","Well Laid Plans"],"relics":["Ring of the Snake","FossilizedHelix","Kunai","Darkstone Periapt","Ice Cream"],"potions_floor_usage":[],"damage_taken":[{"damage":0,"enemies":"Cultist","floor":1,"turns":4},{"damage":0,"enemies":"2 Louse","floor":2,"turns":3},{"damage":2,"enemies":"Jaw Worm","floor":3,"turns":7},{"damage":0,"enemies":"Exordium Wildlife","floor":4,"turns":9},{"damage":33,"enemies":"Gremlin Nob","floor":7,"turns":7},{"damage":0,"enemies":"Large Slime","floor":8,"turns":6},{"damage":0,"enemies":"Blue Slaver","floor":10,"turns":5},{"damage":4,"enemies":"Lagavulin","floor":11,"turns":8},{"damage":0,"enemies":"Gremlin Gang","floor":12,"turns":3},{"damage":0,"enemies":"Large Slime","floor":14,"turns":4},{"damage":47,"enemies":"Hexaghost","floor":16,"turns":17}],"seed_played":"7036863756748999722","potions_obtained":[{"floor":3,"key":"Energy Potion"},{"floor":8,"key":"Weak Potion"},{"floor":10,"key":"EssenceOfSteel"},{"floor":11,"key":"Fire Potion"}],"is_trial":false,"path_per_floor":["M","M","M","M","?","R","E","M","T","M","E","M","R","M","R","B"],"character_chosen":"THE_SILENT","items_purchased":[],"campfire_rested":1,"item_purchase_floors":[],"current_hp_per_floor":[63,63,61,61,61,61,28,28,28,28,24,24,24,24,45,0],"gold":341,"neow_bonus":"ONE_RARE_RELIC","is_prod":false,"is_daily":false,"chose_seed":false,"campfire_upgraded":2,"win_rate":0,"timestamp":1551035300,"path_taken":["M","M","?","?","?","R","E","?","T","M","E","M","R","M","R","BOSS"],"build_version":"2019-01-23","purchased_purges":0,"victory":false,"max_hp_per_floor":[70,70,70,70,70,70,70,70,70,70,70,70,70,70,70,70],"card_choices":[{"not_picked":["Bane","Acrobatics"],"picked":"Deflect","floor":1},{"not_picked":["Outmaneuver","Concentrate"],"picked":"Leg Sweep","floor":2},{"not_picked":["Catalyst","Underhanded Strike","Prepared"],"picked":"SKIP","floor":3},{"not_picked":["Blade Dance","Slice"],"picked":"Quick Slash","floor":4},{"not_picked":["Dagger Throw","Outmaneuver"],"picked":"Dagger Spray","floor":7},{"not_picked":["Backflip","Infinite Blades"],"picked":"Slice","floor":8},{"not_picked":["Deflect","Slice"],"picked":"All Out Attack","floor":10},{"not_picked":["Prepared","Flying Knee"],"picked":"Adrenaline","floor":11},{"not_picked":["Bouncing Flask","Flechettes"],"picked":"Well Laid Plans","floor":12},{"not_picked":["PiercingWail","Quick Slash","Prepared"],"picked":"SKIP","floor":14}],"player_experience":368312,"relics_obtained":[{"floor":7,"key":"Kunai"},{"floor":9,"key":"Darkstone Periapt"},{"floor":11,"key":"Ice Cream"}],"event_choices":[{"damage_healed":0,"gold_gain":100,"player_choice":"Gold","damage_taken":0,"max_hp_gain":0,"max_hp_loss":0,"event_name":"Wheel of Change","floor":5,"gold_loss":0}],"is_beta":false,"boss_relics":[],"items_purged_floors":[],"is_endless":false,"potions_floor_spawned":[3,8,10,11],"killed_by":"Hexaghost","ascension_level":9}