{"gold_per_floor":[114,129,129,149,167,198,198,108,108,73,107,107,21,34,34,132,132,116,116,116,126,126,126,141,141,141,67,67,16,16,27,27,125,125,137,137,237,256,267,267,296,296,322,355,367,367,382,382,382,382,382,382,116,144,144],"floor_reached":55,"playtime":8337,"items_purged":["Strike_R"],"score":1040,"play_id":"6b2d8fa8-8e0e-48e5-be14-68312e7c3503","local_time":"20190223230315","is_ascension_mode":true,"campfire_choices":[{"data":"Body Slam","floor":7,"key":"SMITH"},{"data":"Barricade","floor":15,"key":"SMITH"},{"data":"Juggernaut","floor":23,"key":"SMITH"},{"data":"Shockwave","floor":25,"key":"SMITH"},{"floor":28,"key":"RECALL"},{"data":"True Grit","floor":30,"key":"SMITH"},{"floor":32,"key":"REST"},{"floor":40,"key":"REST"},{"data":"Disarm","floor":42,"key":"SMITH"},{"floor":46,"key":"DIG"},{"floor":49,"key":"REST"},{"data":"Strike_R","floor":52,"key":"PURGE"}],"neow_cost":"NONE","seed_source_timestamp":42682825499000,"circlet_count":0,"master_deck":["Strike_R","Strike_R","Strike_R","Defend_R+1","Defend_R","Defend_R+1","Defend_R","Bash","Barricade+1","Shrug It Off","Body Slam+1","Flame Barrier","Trip","Juggernaut+1","Disarm+1","Cleave","Double Tap","Body Slam+1","Shockwave+1","Entrench","True Grit+1"],"relics":["Burning Blood","Singing Bowl","Magic Flower","Meat on the Bone","Snecko Eye","Gremlin Horn","Letter Opener","Velvet Choker","Ice Cream","Blood Vial","Centennial Puzzle","Shovel","Peace Pipe","Pen Nib","Bottled Tornado"],"potions_floor_usage":[6,11,11,16,35,37,39,41,47,50,54,55],"damage_taken":[{"damage":8,"enemies":"Jaw Worm","floor":1,"turns":5},{"damage":6,"enemies":"Cultist","floor":2,"turns":3},{"damage":0,"enemies":"2 Louse","floor":4,"turns":4},{"damage":11,"enemies":"Blue Slaver","floor":5,"turns":5},{"damage":13,"enemies":"3 Sentries","floor":6,"turns":10},{"damage":26,"enemies":"Gremlin Nob","floor":11,"turns":5},{"damage":8,"enemies":"Looter","floor":14,"turns":4},{"damage":12,"enemies":"Hexaghost","floor":16,"turns":9},{"damage":21,"enemies":"2 Thieves","floor":18,"turns":4},{"damage":8,"enemies":"Chosen","floor":21,"turns":6},{"damage":21,"enemies":"Centurion and Healer","floor":24,"turns":6},{"damage":13,"enemies":"Snake Plant","floor":31,"turns":4},{"damage":6,"enemies":"Champ","floor":33,"turns":8},{"damage":6,"enemies":"Orb Walker","floor":35,"turns":3},{"damage":36,"enemies":"Mind Bloom Boss Battle","floor":37,"turns":5},{"damage":0,"enemies":"3 Shapes","floor":38,"turns":3},{"damage":18,"enemies":"Writhing Mass","floor":39,"turns":7},{"damage":0,"enemies":"Giant Head","floor":41,"turns":8},{"damage":1,"enemies":"Nemesis","floor":44,"turns":5},{"damage":39,"enemies":"3 Darklings","floor":45,"turns":5},{"damage":26,"enemies":"Spire Growth","floor":47,"turns":6},{"damage":24,"enemies":"Awakened One","floor":50,"turns":11},{"damage":71,"enemies":"Shield and Spear","floor":54,"turns":8},{"damage":84,"enemies":"The Heart","floor":55,"turns":6}],"seed_played":"-1973810616853394724","potions_obtained":[{"floor":1,"key":"Dexterity Potion"},{"floor":4,"key":"SkillPotion"},{"floor":6,"key":"Ancient Potion"},{"floor":11,"key":"LiquidBronze"},{"floor":18,"key":"FearPotion"},{"floor":24,"key":"SneckoOil"},{"floor":31,"key":"Swift Potion"},{"floor":35,"key":"FearPotion"},{"floor":38,"key":"SpeedPotion"},{"floor":39,"key":"EssenceOfSteel"},{"floor":45,"key":"Regen Potion"},{"floor":47,"key":"SmokeBomb"}],"is_trial":false,"path_per_floor":["M","M","?","M","M","E","R","$","T","?","E","T","$","M","R","B",null,"M","?","?","M","?","R","M","R","T","$","R","$","R","M","R","B",null,"M","?","?","M","M","R","E","R","T","E","M","R","M","?","R","B",null,"R","$","E","B"],"character_chosen":"IRONCLAD","items_purchased":["Trip","Disarm","Weak Potion","Entrench","True Grit","Pen Nib","Strength Potion"],"campfire_rested":3,"item_purchase_floors":[8,13,13,27,29,53,53],"current_hp_per_floor":[70,70,54,60,55,48,48,48,48,48,28,28,28,47,47,62,76,66,66,66,67,67,67,57,57,57,57,57,57,57,55,80,85,87,90,90,65,76,69,96,98,98,98,100,72,72,79,78,108,93,104,104,104,65,0],"gold":144,"neow_bonus":"ONE_RANDOM_RARE_CARD","is_prod":false,"is_daily":false,"chose_seed":false,"campfire_upgraded":6,"win_rate":0,"timestamp":1550980995,"path_taken":["M","M","?","M","M","E","R","$","T","?","E","?","$","M","R","BOSS","M","?","?","M","?","R","M","R","T","?","R","$","R","M","R","BOSS","M","?","?","M","M","R","E","R","T","E","M","R","M","?","R","BOSS","R","$","E","BOSS"],"build_version":"2019-01-23","purchased_purges":1,"victory":false,"max_hp_per_floor":[80,80,80,80,80,80,80,80,80,80,80,80,80,80,80,80,80,82,82,82,82,82,82,84,84,84,84,84,84,84,86,86,88,88,90,90,92,94,96,96,98,98,98,100,102,102,104,108,108,108,108,108,108,110,110],"card_choices":[{"not_picked":["Dual Wield","Burning Pact","Power Through"],"picked":"SKIP","floor":1},{"not_picked":["Wild Strike","Rupture"],"picked":"Shrug It Off","floor":2},{"not_picked":["Flex","Havoc","Wild Strike"],"picked":"SKIP","floor":4},{"not_picked":["Clash","Searing Blow"],"picked":"Body Slam","floor":5},{"not_picked":["Rage","Perfected Strike"],"picked":"Flame Barrier","floor":6},{"not_picked":["Thunderclap","Anger"],"picked":"Juggernaut","floor":11},{"not_picked":["Clothesline","Uppercut"],"picked":"Cleave","floor":14},{"not_picked":["Berserk","Barricade"],"picked":"Double Tap","floor":16},{"not_picked":["Heavy Blade+1","Fire Breathing","Sentinel+1"],"picked":"Singing Bowl","floor":18},{"not_picked":["Power Through","Thunderclap"],"picked":"Body Slam+1","floor":21},{"not_picked":["Wild Strike","Seeing Red","Rampage"],"picked":"Singing Bowl","floor":24},{"not_picked":["Iron Wave","Rupture","Inflame+1"],"picked":"Singing Bowl","floor":31},{"not_picked":["Exhume","Feed","Offering"],"picked":"Singing Bowl","floor":33},{"not_picked":["Flex","Intimidate+1","Blood for Blood+1"],"picked":"Singing Bowl","floor":35},{"not_picked":["Anger+1","Body Slam","Burning Pact+1"],"picked":"Singing Bowl","floor":37},{"not_picked":["Searing Blow+1","Flex+1","Pummel+1"],"picked":"Singing Bowl","floor":38},{"not_picked":["Perfected Strike","Thunderclap","Clothesline"],"picked":"Singing Bowl","floor":39},{"not_picked":["Feed","Cleave+1","Iron Wave+1"],"picked":"Singing Bowl","floor":41},{"not_picked":["Blood for Blood","Clash","Corruption+1"],"picked":"Singing Bowl","floor":44},{"not_picked":["Searing Blow+1","Corruption","Cleave+1"],"picked":"Singing Bowl","floor":45},{"not_picked":["Heavy Blade+1","Metallicize+1","Cleave"],"picked":"Singing Bowl","floor":47},{"not_picked":["Finesse","Panacea","Madness"],"picked":"Singing Bowl","floor":48},{"not_picked":["Swift Strike","Mind Blast","Impatience"],"picked":"Singing Bowl","floor":48},{"not_picked":["Flame Barrier","Iron Wave+1","Sentinel"],"picked":"Singing Bowl","floor":54}],"player_experience":600076,"relics_obtained":[{"floor":6,"key":"Singing Bowl"},{"floor":11,"key":"Magic Flower"},{"floor":12,"key":"Meat on the Bone"},{"floor":26,"key":"Letter Opener"},{"floor":37,"key":"Ice Cream"},{"floor":41,"key":"Blood Vial"},{"floor":43,"key":"Centennial Puzzle"},{"floor":44,"key":"Shovel"},{"floor":46,"key":"Peace Pipe"},{"floor":54,"key":"Bottled Tornado"}],"event_choices":[{"damage_healed":0,"gold_gain":0,"player_choice":"Entered Light","damage_taken":16,"max_hp_gain":0,"max_hp_loss":0,"event_name":"Shining Light","floor":3,"gold_loss":0,"cards_upgraded":["Defend_R","Defend_R"]},{"damage_healed":0,"gold_gain":0,"player_choice":"Left Gold","damage_taken":0,"max_hp_gain":0,"max_hp_loss":0,"event_name":"World of Goop","floor":10,"gold_loss":35},{"damage_healed":0,"gold_gain":0,"player_choice":"Opened","damage_taken":0,"relics_obtained":["Gremlin Horn"],"max_hp_gain":0,"max_hp_loss":0,"event_name":"The Mausoleum","floor":19,"gold_loss":0},{"damage_healed":0,"gold_gain":0,"player_choice":"Ignored","damage_taken":0,"max_hp_gain":0,"max_hp_loss":0,"event_name":"Ghosts","floor":20,"gold_loss":0},{"damage_healed":0,"gold_gain":0,"player_choice":"Read","damage_taken":0,"max_hp_gain":0,"max_hp_loss":0,"event_name":"The Library","floor":22,"gold_loss":0,"cards_obtained":["Shockwave"]},{"damage_healed":0,"gold_gain":0,"player_choice":"Ignored","damage_taken":0,"max_hp_gain":0,"max_hp_loss":0,"event_name":"Mysterious Sphere","floor":36,"gold_loss":0},{"damage_healed":0,"gold_gain":0,"player_choice":"Fight","damage_taken":0,"max_hp_gain":0,"max_hp_loss":0,"event_name":"MindBloom","floor":37,"gold_loss":0},{"damage_healed":0,"gold_gain":0,"player_choice":"Memory 2","damage_taken":5,"max_hp_gain":0,"max_hp_loss":0,"event_name":"SensoryStone","floor":48,"gold_loss":0}],"is_beta":false,"boss_relics":[{"not_picked":["Runic Pyramid","Lizard Tail"],"picked":"Snecko Eye"},{"not_picked":["Mark of Pain","Fusion Hammer"],"picked":"Velvet Choker"}],"items_purged_floors":[53],"is_endless":false,"potions_floor_spawned":[1,4,6,11,18,24,31,35,38,39,45,47],"killed_by":"The Heart","ascension_level":7}