{"path_per_floor":["M","?","?","?","M","R","M","M","T","M","M","M","$","M","R","B",null,"M","?","M","M","$","R","M","R","T","R","$","$","E"],"character_chosen":"THE_SILENT","items_purchased":["Orichalcum","Anchor","Whetstone","Expertise","Dash"],"gold_per_floor":[114,189,261,261,276,276,291,306,306,321,336,351,81,96,96,196,196,211,126,141,156,9,9,24,24,99,99,39,9,39,39],"floor_reached":31,"campfire_rested":4,"playtime":1897,"current_hp_per_floor":[66,55,55,55,55,55,55,47,47,47,47,45,45,45,66,38,70,70,70,63,32,32,53,34,55,55,70,70,70,14,0],"items_purged":["Outmaneuver"],"gold":39,"score":249,"play_id":"050edbd3-75c2-40fd-8663-2cf338c22ab5","local_time":"20180407024054","daily_mods":["Draft","Time Dilation","Lethality"],"is_prod":false,"is_daily":true,"is_ascension_mode":false,"campfire_upgraded":1,"timestamp":1523077854,"path_taken":["M","?","?","?","M","R","M","?","T","M","M","?","$","?","R","BOSS","M","?","M","?","$","R","M","R","T","R","?","$","E","M"],"build_version":"2018-04-05v2","purchased_purges":2,"victory":false,"master_deck":["PiercingWail","Distraction","Dodge and Roll","Backflip","Backstab","Backflip","Acrobatics","Poisoned Stab","Sucker Punch","Bane+1","Dagger Spray","Quick Slash+1","Noxious Fumes","Bouncing Flask","Tools of the Trade","Calculated Gamble+1","Doppelganger","Poisoned Stab","Crippling Poison","Expertise","Dash","Dodge and Roll+1"],"max_hp_per_floor":[70,70,70,70,70,70,70,70,70,70,70,70,70,70,70,70,70,70,70,70,70,70,70,70,70,70,70,70,70,70,70],"relics":["Ring of the Snake","The Courier","Orichalcum","Anchor","Black Star","Art of War","Whetstone","Shuriken","Smiling Mask","Letter Opener"],"card_choices":[{"not_picked":["Dagger Throw","Slice"],"picked":"PiercingWail","floor":0},{"not_picked":["Quick Slash","Cloak And Dagger"],"picked":"Distraction","floor":0},{"not_picked":["Dagger Throw","Deflect"],"picked":"Dodge and Roll","floor":0},{"not_picked":["Predator","Prepared"],"picked":"Backflip","floor":0},{"not_picked":["Expertise","Deflect"],"picked":"Backstab","floor":0},{"not_picked":["Prepared","Poisoned Stab"],"picked":"Backflip","floor":0},{"not_picked":["Bane","Dodge and Roll"],"picked":"Acrobatics","floor":0},{"not_picked":["Deflect","Bane"],"picked":"Poisoned Stab","floor":0},{"not_picked":["Underhanded Strike","Blade Dance"],"picked":"Sucker Punch","floor":0},{"not_picked":["Sucker Punch","Malaise"],"picked":"Bane","floor":0},{"not_picked":["Predator","Prepared"],"picked":"Dagger Spray","floor":0},{"not_picked":["Cloak And Dagger","Accuracy"],"picked":"Quick Slash","floor":0},{"not_picked":["Backflip","Dodge and Roll"],"picked":"Footwork","floor":0},{"not_picked":["Blur","Predator"],"picked":"Noxious Fumes","floor":0},{"not_picked":["Quick Slash","Poisoned Stab"],"picked":"Bouncing Flask","floor":0},{"not_picked":["Setup","Slice"],"picked":"Outmaneuver","floor":1},{"not_picked":["Riddle With Holes","PiercingWail"],"picked":"Calculated Gamble","floor":5},{"not_picked":["Unload","Burst"],"picked":"Doppelganger","floor":16},{"not_picked":["PiercingWail","Blade Dance"],"picked":"Poisoned Stab","floor":20},{"not_picked":["Flying Knee","Noxious Fumes"],"picked":"Crippling Poison","floor":21},{"not_picked":["Concentrate","Unload"],"picked":"Dodge and Roll","floor":30}],"player_experience":310835,"potions_floor_usage":[18,20,24,31],"damage_taken":[{"damage":4,"enemies":"Jaw Worm","floor":1,"turns":2},{"damage":0,"enemies":"Small Slimes","floor":5,"turns":1},{"damage":0,"enemies":"Cultist","floor":7,"turns":1},{"damage":8,"enemies":"Looter","floor":8,"turns":2},{"damage":0,"enemies":"3 Louse","floor":10,"turns":1},{"damage":0,"enemies":"Exordium Wildlife","floor":11,"turns":1},{"damage":2,"enemies":"Blue Slaver","floor":12,"turns":2},{"damage":0,"enemies":"Gremlin Gang","floor":14,"turns":1},{"damage":28,"enemies":"Hexaghost","floor":16,"turns":9},{"damage":0,"enemies":"Chosen","floor":18,"turns":4},{"damage":7,"enemies":"2 Thieves","floor":20,"turns":4},{"damage":31,"enemies":"Cultist and Chosen","floor":21,"turns":5},{"damage":19,"enemies":"Sentry and Sphere","floor":24,"turns":4},{"damage":56,"enemies":"Gremlin Leader","floor":30,"turns":7},{"damage":14,"enemies":"3 Cultists","floor":31,"turns":3}],"event_choices":[{"event_name":"World of Goop","player_choice":"Gather Gold","floor":2,"damage_taken":0},{"event_name":"Golden Wing","player_choice":"Gained Gold","floor":3,"damage_taken":0},{"event_name":"Living Wall","player_choice":"Change","floor":4,"damage_taken":0},{"event_name":"Addict","player_choice":"Obtained Relic","floor":19,"damage_taken":0}],"boss_relics":[{"not_picked":["Tiny House","Velvet Choker"],"picked":"Black Star"}],"potions_floor_spawned":[5,8,14,16,30],"seed_played":"-5696622492260265423","killed_by":"3 Cultists","ascension_level":0,"is_trial":false}