{"path_per_floor":["M","M","M","M","$","R","M","R","T","?","?","R","$","M","R","B",null,"M","?","M","M","M","R","M","?","T","M","M","$","R","M","R","B",null,"M","M","$","M","$","R","?","M","T","R","M","M","M"],"character_chosen":"THE_SILENT","items_purchased":["Deadly Poison","Dagger Spray","Bane","Calculated Gamble","Strange Spoon","Well Laid Plans"],"gold_per_floor":[114,129,144,159,88,88,103,103,103,103,103,103,56,71,71,171,171,186,186,201,216,231,231,246,246,246,261,276,3,3,18,18,118,118,133,148,79,94,94,94,94,109,109,109,124,139,154],"floor_reached":48,"campfire_rested":4,"playtime":2329,"current_hp_per_floor":[69,69,69,62,62,62,62,62,62,62,50,50,50,50,65,55,65,52,52,48,44,32,60,51,41,41,26,17,17,60,60,60,50,66,66,59,59,47,47,61,61,43,45,45,38,30,7],"items_purged":[],"gold":154,"score":482,"play_id":"2141e70d-80a9-4daa-a5e3-e8088b08b9f3","local_time":"20180319020443","daily_mods":["Diverse","Night Terrors","Vintage"],"is_prod":false,"is_daily":true,"is_ascension_mode":false,"campfire_upgraded":2,"timestamp":1521434083,"path_taken":["M","?","M","M","$","R","M","R","T","?","?","R","$","M","R","BOSS","M","?","M","M","M","R","M","?","T","M","M","$","R","M","R","BOSS","M","M","$","M","?","R","?","M","T","R","M","?","M","?"],"build_version":"2018-03-15v3","purchased_purges":0,"victory":false,"master_deck":["Defend_G","Defend_G","Defend_G","Defend_G","Defend_G","Strike_G","Strike_G","Strike_G","Strike_G+1","Strike_G","Survivor","Neutralize","Uppercut+1","Corruption+1","Deadly Poison","Dagger Spray+1","Bane+1","Envenom","Clumsy","Calculated Gamble","Catalyst+1","Tactician+1","Dash+1","Bane+1","Well Laid Plans+1","Poisoned Stab+1"],"max_hp_per_floor":[70,70,70,70,70,70,70,70,70,70,70,70,70,70,65,65,65,65,65,65,65,65,60,60,65,65,65,65,65,60,60,60,60,66,66,66,66,66,66,61,61,61,63,63,63,63,63],"relics":["Ring of the Snake","Du-Vu Doll","Bottled Flame","Art of War","Girya","Ancient Tea Set","Gambling Chip","Molten Egg 2","Singing Bowl","Kunai","Cursed Key","Letter Opener","Bronze Scales","Mummified Hand","Whetstone","Dream Catcher","Tingsha","Anchor","Prayer Wheel","Strange Spoon","Centennial Puzzle","Toxic Egg 2","Orrery","Frozen Egg 2","Shuriken","Omamori","Orichalcum","Frozen Eye","Smiling Mask","Pantograph","Blood Vial"],"card_choices":[{"not_picked":["Bullet Time","Venomology"],"picked":"Envenom"},{"not_picked":["Endless Agony","Deflect"],"picked":"Catalyst"},{"not_picked":["Night Terror","Tools of the Trade"],"picked":"Tactician"},{"not_picked":["Expertise","Terror"],"picked":"Dash"},{"not_picked":["Reflex","Outmaneuver"],"picked":"Bane"},{"not_picked":["Backflip","Quick Slash"],"picked":"Poisoned Stab"}],"player_experience":195039,"potions_floor_usage":[16,18,21,21,24,33,33,45,45,47],"damage_taken":[{"damage":1,"enemies":"Cultist","floor":1,"turns":4},{"damage":0,"enemies":"Small Slimes","floor":2,"turns":4},{"damage":0,"enemies":"Jaw Worm","floor":3,"turns":4},{"damage":7,"enemies":"Looter","floor":4,"turns":5},{"damage":0,"enemies":"3 Louse","floor":7,"turns":1},{"damage":0,"enemies":"2 Fungi Beasts","floor":14,"turns":1},{"damage":10,"enemies":"Slime Boss","floor":16,"turns":7},{"damage":13,"enemies":"Spheric Guardian","floor":18,"turns":4},{"damage":4,"enemies":"Shell Parasite","floor":20,"turns":5},{"damage":4,"enemies":"Centurion and Healer","floor":21,"turns":5},{"damage":12,"enemies":"Sentry and Sphere","floor":22,"turns":5},{"damage":9,"enemies":"Snecko","floor":24,"turns":4},{"damage":15,"enemies":"Snake Plant","floor":27,"turns":3},{"damage":9,"enemies":"Centurion and Healer","floor":28,"turns":5},{"damage":0,"enemies":"Cultist and Chosen","floor":31,"turns":3},{"damage":10,"enemies":"Champ","floor":33,"turns":6},{"damage":0,"enemies":"Orb Walker","floor":35,"turns":3},{"damage":7,"enemies":"3 Darklings","floor":36,"turns":3},{"damage":12,"enemies":"4 Shapes","floor":38,"turns":2},{"damage":18,"enemies":"Sphere and 2 Shapes","floor":42,"turns":3},{"damage":7,"enemies":"3 Darklings","floor":45,"turns":2},{"damage":8,"enemies":"4 Shapes","floor":46,"turns":4},{"damage":23,"enemies":"Maw","floor":47,"turns":5},{"damage":12,"enemies":"3 Darklings","floor":48,"turns":2}],"event_choices":[{"event_name":"Upgrade Shrine","player_choice":"Upgraded","floor":10,"damage_taken":0},{"event_name":"Scrap Ooze","player_choice":"success","floor":11,"damage_taken":12},{"event_name":"Beggar","player_choice":"Ignored","floor":19,"damage_taken":0},{"event_name":"Forgotten Altar","player_choice":"Shed Blood","floor":25,"damage_taken":0},{"event_name":"Mysterious Sphere","player_choice":"Ignore","floor":41,"damage_taken":0}],"boss_relics":[{"not_picked":["Tiny House","Snecko Eye"],"picked":"Cursed Key"},{"not_picked":["Astrolabe","Eternal Feather"],"picked":"Orrery"}],"potions_floor_spawned":[7,14,16,18,20,28,31,33,38,46],"seed_played":"4569236457908174948","killed_by":"3 Darklings","ascension_level":0,"is_trial":false}