{"path_per_floor":["M","?","?","M","M","E","?","R","T","R","$","R","M","E","R","B",null,"M","M","?","?","?","R","M","M","T","E","?","?","$","M","R","B",null,"M","$","M","M","?","E","$","E","T","?","?","R","M","M","R"],"character_chosen":"IRONCLAD","items_purchased":["Apotheosis","Corruption","Omamori","Toolbox"],"gold_per_floor":[116,116,116,130,145,181,181,181,181,181,25,25,40,80,80,208,208,227,252,252,177,92,92,107,132,156,191,191,191,163,176,176,296,296,311,189,208,222,222,253,58,94,94,427,427,427,443,461,461,461],"floor_reached":50,"campfire_rested":4,"playtime":2701,"current_hp_per_floor":[80,80,60,60,66,24,44,68,68,80,80,80,80,65,80,45,80,79,80,80,77,77,77,76,77,77,73,57,87,87,79,79,64,87,68,68,77,73,73,56,56,65,67,67,67,67,78,76,95,0],"items_purged":[],"gold":461,"score":604,"play_id":"0db9586d-2af7-415e-bd05-a358444d3093","local_time":"20180327011934","is_prod":false,"is_daily":false,"is_ascension_mode":true,"campfire_upgraded":4,"timestamp":1522122574,"path_taken":["M","?","?","M","M","E","?","R","T","R","$","R","M","E","R","BOSS","M","M","?","?","?","R","?","M","T","E","?","?","$","M","R","BOSS","M","$","M","M","?","E","$","E","T","?","?","R","M","M","R","BOSS"],"build_version":"2018-03-22v2","purchased_purges":0,"victory":false,"master_deck":["Strike_R","Strike_R","Strike_R","Strike_R","Strike_R","Defend_R","Defend_R","Defend_R","Bash","Fiend Fire+1","Cleave+1","Clothesline","Impervious","Apotheosis+1","Flame Barrier","True Grit","Exhume+1","Whirlwind+1","Cleave+1","Heavy Blade","Corruption","Clothesline+1","Offering","Flex","Power Through+1","Battle Trance+1"],"max_hp_per_floor":[80,80,80,80,80,80,80,80,80,80,80,80,80,80,80,80,80,80,80,80,77,77,77,77,77,77,77,77,87,87,87,87,87,87,87,87,87,87,87,87,87,89,91,91,91,91,93,95,95,95],"relics":["Burning Blood","Oddly Smooth Stone","The Courier","Magic Flower","Pantograph","Snecko Eye","Art of War","Vajra","Meat on the Bone","Enchiridion","Black Star","Omamori","Prayer Wheel","Bronze Scales","Toolbox","Regal Pillow","Singing Bowl","Anchor"],"card_choices":[{"not_picked":["Pommel Strike","Evolve"],"picked":"Fiend Fire","floor":1},{"not_picked":["Combust","Twin Strike"],"picked":"Cleave","floor":4},{"not_picked":["Twin Strike","Pommel Strike"],"picked":"Clothesline","floor":5},{"not_picked":["Ghostly Armor","Heavy Blade"],"picked":"Impervious","floor":6},{"not_picked":["Shrug It Off","Wild Strike"],"picked":"Flame Barrier","floor":13},{"not_picked":["Dropkick","Dual Wield"],"picked":"True Grit","floor":14},{"not_picked":["Double Tap","Dark Embrace"],"picked":"Exhume","floor":16},{"not_picked":["True Grit","Sentinel"],"picked":"Whirlwind","floor":18},{"not_picked":["Warcry","Armaments"],"picked":"Cleave","floor":19},{"not_picked":["Havoc","Clash"],"picked":"Feed","floor":25},{"not_picked":["Twin Strike","Clothesline"],"picked":"Heavy Blade","floor":27},{"not_picked":["Bloodletting","Havoc"],"picked":"Clothesline","floor":31},{"not_picked":["Berserk","Limit Break"],"picked":"Offering","floor":33},{"not_picked":["Clash","Heavy Blade"],"picked":"Flex","floor":35},{"not_picked":["Rupture","Thunderclap"],"picked":"Power Through","floor":38},{"not_picked":["Clothesline","Wild Strike"],"picked":"Battle Trance","floor":40}],"player_experience":252902,"potions_floor_usage":[6,14,14,25,33,38,40,40,42,50],"damage_taken":[{"damage":3,"enemies":"Cultist","floor":1,"turns":4},{"damage":6,"enemies":"2 Louse","floor":4,"turns":2},{"damage":0,"enemies":"Jaw Worm","floor":5,"turns":5},{"damage":48,"enemies":"Lagavulin","floor":6,"turns":11},{"damage":7,"enemies":"2 Fungi Beasts","floor":13,"turns":3},{"damage":24,"enemies":"3 Sentries","floor":14,"turns":7},{"damage":44,"enemies":"The Guardian","floor":16,"turns":19},{"damage":10,"enemies":"Shell Parasite","floor":18,"turns":3},{"damage":0,"enemies":"Spheric Guardian","floor":19,"turns":3},{"damage":10,"enemies":"Cultist and Chosen","floor":24,"turns":4},{"damage":1,"enemies":"Centurion and Healer","floor":25,"turns":4},{"damage":13,"enemies":"Gremlin Leader","floor":27,"turns":7},{"damage":17,"enemies":"Sentry and Sphere","floor":31,"turns":4},{"damage":50,"enemies":"Collector","floor":33,"turns":16},{"damage":28,"enemies":"3 Darklings","floor":35,"turns":4},{"damage":0,"enemies":"Orb Walker","floor":37,"turns":2},{"damage":13,"enemies":"Sphere and 2 Shapes","floor":38,"turns":5},{"damage":26,"enemies":"Giant Head","floor":40,"turns":7},{"damage":27,"enemies":"Nemesis","floor":42,"turns":9},{"damage":0,"enemies":"3 Darklings","floor":47,"turns":2},{"damage":13,"enemies":"Maw","floor":48,"turns":7},{"damage":95,"enemies":"Awakened One","floor":50,"turns":13}],"event_choices":[{"event_name":"Living Wall","player_choice":"Grow","floor":2,"damage_taken":0},{"event_name":"Golden Idol","player_choice":"Take Damage","floor":3,"damage_taken":0},{"event_name":"Mushrooms","player_choice":"Healed and dodged fight","floor":7,"damage_taken":0},{"event_name":"Drug Dealer","player_choice":"Ignored","floor":20,"damage_taken":0},{"event_name":"Beggar","player_choice":"Gave Gold","floor":21,"damage_taken":0},{"event_name":"Addict","player_choice":"Obtained Relic","floor":22,"damage_taken":0},{"event_name":"Cursed Tome","player_choice":"Obtained Book","floor":28,"damage_taken":0},{"event_name":"Bonfire Elementals","player_choice":"RARE","floor":29,"damage_taken":0},{"event_name":"Tomb of Lord Red Mask","player_choice":"Ignored","floor":39,"damage_taken":0},{"event_name":"The Moai Head","player_choice":"Gave Idol","floor":44,"damage_taken":0}],"boss_relics":[{"not_picked":["Philosopher\u0027s Stone","White Beast Statue"],"picked":"Snecko Eye"},{"not_picked":["Black Blood","Runic Dome"],"picked":"Black Star"}],"potions_floor_spawned":[5,6,13,24,25,33,35,37,40,48],"seed_played":"925542385772303831","killed_by":"Awakened One","ascension_level":1,"is_trial":false}