{"path_per_floor":["M","?","M","M","?","E","R","M","T","R","M","$","R","M","R","B",null,"M","$","M","M","?","R","?","M","T","?","?","E","R","M","R"],"character_chosen":"DEFECT","items_purchased":["Melter","Apotheosis"],"gold_per_floor":[115,115,127,137,107,132,132,146,146,146,162,93,93,112,112,213,213,225,45,60,79,79,79,79,96,166,116,116,148,148,168,168,168],"floor_reached":33,"campfire_rested":3,"playtime":1351,"current_hp_per_floor":[75,75,72,71,71,52,75,73,73,73,62,62,62,57,57,53,75,63,63,47,31,56,75,75,57,57,57,57,29,66,55,55,0],"items_purged":[],"gold":168,"score":267,"play_id":"31458673-b2c2-4b6b-83e7-0a322b5eb515","local_time":"20180502053426","is_prod":false,"is_daily":false,"chose_seed":false,"is_ascension_mode":false,"campfire_upgraded":4,"timestamp":1525248266,"path_taken":["M","?","M","M","?","E","R","M","T","R","M","$","R","M","R","BOSS","M","$","M","M","?","R","?","M","T","?","?","E","R","M","R","BOSS"],"build_version":"2018-05-01v2","seed_source_timestamp":610722821407718,"purchased_purges":0,"victory":false,"master_deck":["Strike_B","Strike_B","Strike_B","Defend_B+1","Defend_B","Defend_B","Defend_B","Zap","Dualcast+1","Static Discharge+1","Rebound","Defragment","Static Discharge+1","Melter","Chaos+1","Echo Form","Self Repair","Apotheosis+1","Stack","Reprieve"],"max_hp_per_floor":[75,75,75,75,75,75,75,75,75,75,75,75,75,75,75,75,75,75,75,75,75,75,75,75,75,75,75,75,75,75,75,75,75],"relics":["Cracked Core","War Paint","Regal Pillow","Ornamental Fan","Sozu","Frozen Egg 2","Kunai"],"card_choices":[{"not_picked":["Hello World","Go for the Eyes"],"picked":"Static Discharge","floor":1},{"not_picked":["Double Energy","Streamline"],"picked":"Defragment","floor":4},{"not_picked":["Cold Snap","Glacier"],"picked":"Static Discharge","floor":11},{"not_picked":["Double Energy","Turbo"],"picked":"Chaos","floor":14},{"not_picked":["Creative AI","Meteor Strike"],"picked":"Echo Form","floor":16},{"not_picked":["Capacitor","Turbo"],"picked":"Self Repair","floor":18},{"not_picked":["Skim","Go for the Eyes"],"picked":"Stack","floor":21},{"not_picked":["Capacitor","Sweeping Beam"],"picked":"Reprieve","floor":29}],"player_experience":385654,"potions_floor_usage":[4,6,6,8,16,20,21],"damage_taken":[{"damage":0,"enemies":"Cultist","floor":1,"turns":3},{"damage":3,"enemies":"Small Slimes","floor":3,"turns":2},{"damage":1,"enemies":"2 Louse","floor":4,"turns":2},{"damage":19,"enemies":"Gremlin Nob","floor":6,"turns":4},{"damage":2,"enemies":"Looter","floor":8,"turns":3},{"damage":11,"enemies":"2 Fungi Beasts","floor":11,"turns":3},{"damage":5,"enemies":"Exordium Wildlife","floor":14,"turns":4},{"damage":4,"enemies":"Slime Boss","floor":16,"turns":8},{"damage":12,"enemies":"Chosen","floor":18,"turns":4},{"damage":16,"enemies":"3 Byrds","floor":20,"turns":3},{"damage":26,"enemies":"3 Cultists","floor":21,"turns":5},{"damage":18,"enemies":"Snake Plant","floor":25,"turns":2},{"damage":35,"enemies":"Gremlin Leader","floor":29,"turns":3},{"damage":18,"enemies":"Centurion and Healer","floor":31,"turns":6},{"damage":73,"enemies":"Automaton","floor":33,"turns":6}],"event_choices":[{"event_name":"Transmorgrifier","player_choice":"Transform","floor":2,"damage_taken":0},{"event_name":"The Woman in Blue","player_choice":"Bought 2 Potions","floor":5,"damage_taken":0},{"event_name":"The Library","player_choice":"Heal","floor":22,"damage_taken":0},{"event_name":"Drug Dealer","player_choice":"Ignored","floor":24,"damage_taken":0},{"event_name":"The Joust","player_choice":"Bet on Owner","floor":27,"damage_taken":0},{"event_name":"Vampires","player_choice":"Ignored","floor":28,"damage_taken":0}],"boss_relics":[{"not_picked":["Runic Dome","Philosopher\u0027s Stone"],"picked":"Sozu"}],"potions_floor_spawned":[1,4,11,14,16,18,20],"seed_played":"1348177577499421253","killed_by":"Automaton","ascension_level":0,"is_trial":false}