{"gold_per_floor":[119,139,139,289,289,322,341,357,357,357,248,263,283,301,301,378,378,398,410,410,426,426],"floor_reached":22,"playtime":683,"items_purged":[],"score":455,"play_id":"1a611bb2-21b1-4855-9510-b54a86660883","local_time":"20190222204122","is_ascension_mode":true,"campfire_choices":[{"data":"Whirlwind","floor":10,"key":"SMITH"},{"data":"Flex","floor":15,"key":"SMITH"}],"neow_cost":"NONE","seed_source_timestamp":15553816693703531,"circlet_count":0,"master_deck":["AscendersBane","Defend_R","Defend_R","Defend_R","Defend_R","Bash","Inflame","Whirlwind+1","Doubt","Cleave+1","Iron Wave+1","Cleave+1","Flex+1","Body Slam+1","Spot Weakness","Rampage+1","Battle Trance","Demon Form","Evolve","Bite+1","Bite+1","Bite+1","Bite+1","Bite+1","Iron Wave+1"],"relics":["Burning Blood","NeowsBlessing","Molten Egg 2","Mercury Hourglass","Fusion Hammer"],"potions_floor_usage":[16,18,22],"damage_taken":[{"damage":0,"enemies":"Small Slimes","floor":1,"turns":1},{"damage":0,"enemies":"Jaw Worm","floor":2,"turns":1},{"damage":0,"enemies":"Lagavulin","floor":6,"turns":1},{"damage":11,"enemies":"Cultist","floor":7,"turns":4},{"damage":6,"enemies":"Red Slaver","floor":8,"turns":3},{"damage":0,"enemies":"Gremlin Gang","floor":12,"turns":1},{"damage":5,"enemies":"2 Fungi Beasts","floor":13,"turns":3},{"damage":2,"enemies":"Lots of Slimes","floor":14,"turns":2},{"damage":53,"enemies":"The Guardian","floor":16,"turns":11},{"damage":15,"enemies":"Spheric Guardian","floor":18,"turns":4},{"damage":26,"enemies":"3 Byrds","floor":19,"turns":3},{"damage":28,"enemies":"Centurion and Healer","floor":21,"turns":5},{"damage":51,"enemies":"Sentry and Sphere","floor":22,"turns":5}],"seed_played":"-7865797146741817072","potions_obtained":[{"floor":6,"key":"SteroidPotion"},{"floor":7,"key":"BloodPotion"},{"floor":14,"key":"Strength Potion"},{"floor":16,"key":"EssenceOfSteel"},{"floor":18,"key":"Swift Potion"},{"floor":21,"key":"PowerPotion"}],"is_trial":false,"path_per_floor":["M","M","$","?","?","E","M","M","T","R","$","M","M","M","R","B",null,"M","M","?","M","M"],"character_chosen":"IRONCLAD","items_purchased":["Flex","Body Slam+1"],"campfire_rested":0,"item_purchase_floors":[11,11],"current_hp_per_floor":[74,75,75,75,52,58,53,53,53,53,53,59,60,64,64,17,61,59,39,39,32,0],"gold":426,"neow_bonus":"THREE_ENEMY_KILL","is_prod":false,"is_daily":false,"chose_seed":false,"campfire_upgraded":2,"win_rate":0,"timestamp":1550864482,"path_taken":["M","M","$","?","?","E","M","M","T","R","$","M","M","M","R","BOSS","M","M","?","M","M"],"build_version":"2019-01-23","purchased_purges":0,"victory":false,"max_hp_per_floor":[75,75,75,75,75,75,75,75,75,75,75,75,75,75,75,75,75,75,75,52,52,52],"card_choices":[{"not_picked":["Armaments","Sword Boomerang"],"picked":"Inflame","floor":1},{"not_picked":["Armaments","True Grit"],"picked":"Whirlwind","floor":2},{"not_picked":["Havoc","Pummel"],"picked":"Cleave","floor":6},{"not_picked":["True Grit","Infernal Blade"],"picked":"Iron Wave+1","floor":7},{"not_picked":["Twin Strike+1","Bloodletting"],"picked":"Cleave+1","floor":8},{"not_picked":["Havoc","Clash+1"],"picked":"Spot Weakness","floor":12},{"not_picked":["Clash+1","Intimidate"],"picked":"Rampage+1","floor":13},{"not_picked":["Thunderclap+1","Fire Breathing"],"picked":"Battle Trance","floor":14},{"not_picked":["Juggernaut","Limit Break"],"picked":"Demon Form","floor":16},{"not_picked":["Shrug It Off","Clash+1"],"picked":"Evolve","floor":18},{"not_picked":["Evolve","Flex","Armaments"],"picked":"SKIP","floor":19},{"not_picked":["Wild Strike+1","Flame Barrier"],"picked":"Iron Wave+1","floor":21}],"player_experience":428437,"relics_obtained":[{"floor":6,"key":"Molten Egg 2"},{"floor":9,"key":"Mercury Hourglass"}],"event_choices":[{"damage_healed":0,"gold_gain":150,"player_choice":"AGREE","damage_taken":0,"max_hp_gain":0,"max_hp_loss":0,"event_name":"Liars Game","floor":4,"gold_loss":0,"cards_obtained":["Doubt"]},{"damage_healed":0,"gold_gain":0,"player_choice":"Entered Light","damage_taken":23,"max_hp_gain":0,"max_hp_loss":0,"event_name":"Shining Light","floor":5,"gold_loss":0,"cards_upgraded":["Strike_R","Strike_R"]},{"damage_healed":0,"gold_gain":0,"player_choice":"Became a vampire","damage_taken":0,"max_hp_gain":0,"max_hp_loss":23,"event_name":"Vampires","floor":20,"gold_loss":0,"cards_obtained":["Bite","Bite","Bite","Bite","Bite"]}],"is_beta":false,"boss_relics":[{"not_picked":["Runic Dome","Busted Crown"],"picked":"Fusion Hammer"}],"items_purged_floors":[],"is_endless":false,"potions_floor_spawned":[6,7,13,14,16,18,21],"killed_by":"Sentry and Sphere","ascension_level":20}