{"path_per_floor":["M","$","M","M","?","E","R","M","T","M","M","$","E","?","R","B",null,"M","M","$","M"],"character_chosen":"DEFECT","items_purchased":["Apotheosis","Vajra"],"gold_per_floor":[111,111,125,143,143,173,173,186,210,227,239,36,63,28,28,127,127,144,162,5,15,15],"floor_reached":22,"campfire_rested":1,"playtime":843,"current_hp_per_floor":[63,63,62,62,62,45,67,58,58,53,49,49,47,65,65,33,75,62,30,30,4,0],"items_purged":[],"gold":15,"score":208,"play_id":"215a31da-4065-4e5a-a2ad-c1a1813419c8","local_time":"20180512235023","is_prod":false,"is_daily":false,"chose_seed":false,"is_ascension_mode":true,"campfire_upgraded":1,"timestamp":1526178023,"path_taken":["M","$","M","M","?","E","R","M","T","M","M","$","E","?","R","BOSS","M","M","$","M","M"],"build_version":"2018-05-12v2","seed_source_timestamp":157162474743501,"purchased_purges":0,"victory":false,"master_deck":["Strike_B","Strike_B","Strike_B","Defend_B","Defend_B","Defend_B","Defend_B","Zap","Dualcast","Loop","Doom and Gloom","Storm","Apotheosis+1","Nova","Static Discharge+1","BootSequence+1","Reprogram+1","Sunder"],"max_hp_per_floor":[75,75,75,75,75,75,75,75,75,75,75,75,75,75,75,75,75,75,75,75,75,75],"relics":["Sozu","Omamori","Art of War","Dream Catcher","Astrolabe","Vajra"],"card_choices":[{"not_picked":["Redo","Blizzard","Steam"],"picked":"SKIP","floor":1},{"not_picked":["Streamline","Hologram"],"picked":"Sweeping Beam","floor":3},{"not_picked":["Streamline","Ball Lightning","Cold Snap"],"picked":"SKIP","floor":4},{"not_picked":["Rebound","Ball Lightning"],"picked":"Loop","floor":6},{"not_picked":["Leap","Reprogram"],"picked":"Doom and Gloom","floor":8},{"not_picked":["Lockon","Chaos"],"picked":"Storm","floor":10},{"not_picked":["Coolheaded","Steam","Turbo"],"picked":"SKIP","floor":11},{"not_picked":["Recycle","Conserve Battery"],"picked":"Leap","floor":13},{"not_picked":["Fusion","All For One"],"picked":"Nova","floor":16},{"not_picked":["Cold Snap","Sweeping Beam","Turbo"],"picked":"SKIP","floor":18},{"not_picked":["Capacitor","Streamline+1","Chaos"],"picked":"SKIP","floor":19},{"not_picked":["Steam","Beam Cell"],"picked":"Sunder","floor":21}],"player_experience":417839,"potions_floor_usage":[],"damage_taken":[{"damage":12,"enemies":"Small Slimes","floor":1,"turns":4},{"damage":1,"enemies":"Cultist","floor":3,"turns":3},{"damage":0,"enemies":"2 Louse","floor":4,"turns":2},{"damage":17,"enemies":"3 Sentries","floor":6,"turns":8},{"damage":9,"enemies":"2 Fungi Beasts","floor":8,"turns":3},{"damage":5,"enemies":"Looter","floor":10,"turns":3},{"damage":4,"enemies":"Blue Slaver","floor":11,"turns":3},{"damage":2,"enemies":"Lagavulin","floor":13,"turns":4},{"damage":32,"enemies":"Hexaghost","floor":16,"turns":8},{"damage":13,"enemies":"Chosen","floor":18,"turns":5},{"damage":32,"enemies":"3 Byrds","floor":19,"turns":4},{"damage":26,"enemies":"3 Cultists","floor":21,"turns":4},{"damage":4,"enemies":"Centurion and Healer","floor":22,"turns":2}],"event_choices":[{"event_name":"The Woman in Blue","player_choice":"Bought 0 Potions","floor":5,"damage_taken":0},{"event_name":"The Cleric","player_choice":"Healed","floor":14,"damage_taken":0}],"boss_relics":[{"not_picked":["Philosopher\u0027s Stone","White Beast Statue"],"picked":"Astrolabe"}],"potions_floor_spawned":[1,4,8,16,19],"seed_played":"2799330805250754388","killed_by":"Centurion and Healer","ascension_level":1,"is_trial":false}