{"path_per_floor":["M","?","$","M","?","R","$","R","T","M","?","M","M","$","R","B",null,"M","?","M","?","?","M","R","$","T","$","?","R","M","M","R"],"character_chosen":"THE_SILENT","items_purchased":["Vajra","Apotheosis","Predator"],"gold_per_floor":[111,186,36,55,230,230,53,53,102,121,121,133,149,7,7,107,107,119,119,132,132,132,142,142,42,65,65,65,65,75,95,95,95],"floor_reached":33,"campfire_rested":4,"playtime":1392,"current_hp_per_floor":[70,59,59,59,59,59,59,59,59,59,47,38,40,40,61,41,70,45,45,42,42,42,44,65,65,65,65,49,70,50,34,55,0],"items_purged":["Doubt","Normality"],"gold":95,"score":247,"play_id":"cbcd2118-dad9-4bf5-ad15-1637c0166cf1","local_time":"20180403224509","is_prod":false,"is_daily":false,"is_ascension_mode":true,"campfire_upgraded":2,"timestamp":1522804509,"path_taken":["M","?","$","M","?","R","$","R","T","M","?","M","?","?","R","BOSS","M","?","M","?","?","M","R","?","T","$","?","R","?","M","R","BOSS"],"build_version":"2018-03-29v2","purchased_purges":2,"victory":false,"master_deck":["Defend_G","Defend_G","Defend_G","Defend_G","Defend_G","Strike_G","Strike_G","Strike_G","Strike_G","Strike_G","Survivor","Neutralize","Calculated Gamble+1","Backstab","Apotheosis+1","Dagger Spray","Predator","A Thousand Cuts","Injury","Doubt","Necronomicurse","Slice+1","PiercingWail"],"max_hp_per_floor":[70,70,70,70,70,70,70,70,70,70,70,70,70,70,70,70,70,70,70,70,70,70,70,70,70,70,70,70,70,70,70,70,70],"relics":["Snecko Eye","Vajra","Lantern","Blood Vial","Calling Bell","Dream Catcher","Toolbox","Pantograph","Bag of Preparation","Necronomicon"],"card_choices":[{"not_picked":["Dodge and Roll","Dagger Throw"],"picked":"Calculated Gamble","floor":1},{"not_picked":["Flying Knee","Malaise"],"picked":"Backstab","floor":4},{"not_picked":["Backflip","Bane"],"picked":"Dagger Spray","floor":13},{"not_picked":["Phantasmal Killer","Storm of Steel"],"picked":"A Thousand Cuts","floor":16},{"not_picked":["Dagger Spray","Distraction"],"picked":"Slice","floor":29},{"not_picked":["Flying Knee","Well Laid Plans"],"picked":"PiercingWail","floor":31}],"player_experience":302081,"potions_floor_usage":[12,23,30,30,31,33],"damage_taken":[{"damage":0,"enemies":"Cultist","floor":1,"turns":4},{"damage":0,"enemies":"2 Louse","floor":4,"turns":3},{"damage":0,"enemies":"Jaw Worm","floor":10,"turns":3},{"damage":11,"enemies":"Exordium Wildlife","floor":12,"turns":9},{"damage":0,"enemies":"Large Slime","floor":13,"turns":7},{"damage":22,"enemies":"The Guardian","floor":16,"turns":13},{"damage":25,"enemies":"2 Thieves","floor":18,"turns":4},{"damage":5,"enemies":"3 Byrds","floor":20,"turns":4},{"damage":0,"enemies":"Snake Plant","floor":23,"turns":4},{"damage":26,"enemies":"3 Cultists","floor":30,"turns":5},{"damage":18,"enemies":"Centurion and Healer","floor":31,"turns":5},{"damage":91,"enemies":"Collector","floor":33,"turns":14}],"event_choices":[{"event_name":"World of Goop","player_choice":"Gather Gold","floor":2,"damage_taken":0},{"event_name":"Liars Game","player_choice":"agreed","floor":5,"damage_taken":0},{"event_name":"Scrap Ooze","player_choice":"success","floor":11,"damage_taken":12},{"event_name":"Ghosts","player_choice":"Ignored","floor":19,"damage_taken":0},{"event_name":"Drug Dealer","player_choice":"Ignored","floor":21,"damage_taken":0},{"event_name":"The Lab","player_choice":"Got Potions","floor":22,"damage_taken":0},{"event_name":"Cursed Tome","player_choice":"Obtained Book","floor":28,"damage_taken":0}],"boss_relics":[{"not_picked":["The Specimen","Velvet Choker"],"picked":"Calling Bell"}],"potions_floor_spawned":[10,20,30,31],"seed_played":"8062497739040908439","killed_by":"Collector","ascension_level":1,"is_trial":false}