{"gold_per_floor":[109,129,39,39,59,86,97,111,111,125,125,141,141,141,141,244,244,260,29,129,143,161,161,161],"floor_reached":24,"playtime":1155,"items_purged":[],"score":200,"play_id":"d64b60e5-cf4f-41d4-8c50-c219b02bea38","local_time":"20190102034857","is_ascension_mode":false,"campfire_choices":[{"floor":11,"key":"REST"},{"floor":15,"key":"REST"},{"floor":23,"key":"RECALL"}],"neow_cost":"NONE","seed_source_timestamp":463720330319537,"circlet_count":0,"master_deck":["Defend_G","Defend_G","Defend_G","Defend_G","Defend_G","Strike_G","Strike_G","Strike_G","Strike_G","Strike_G","Survivor","Neutralize","Sucker Punch","Leg Sweep","Discovery+1","Sucker Punch","Riddle With Holes","Choke","Blade Dance","Expertise","Parasite","Storm of Steel","Flying Knee","Master of Strategy","Finisher+1"],"relics":["Sozu","Happy Flower","Singing Bowl","Snecko Eye"],"potions_floor_usage":[],"damage_taken":[{"damage":0,"enemies":"Cultist","floor":1,"turns":4},{"damage":0,"enemies":"Jaw Worm","floor":2,"turns":4},{"damage":0,"enemies":"2 Louse","floor":5,"turns":3},{"damage":38,"enemies":"Gremlin Nob","floor":6,"turns":6},{"damage":2,"enemies":"Red Slaver","floor":7,"turns":3},{"damage":0,"enemies":"Gremlin Gang","floor":8,"turns":4},{"damage":7,"enemies":"Looter","floor":10,"turns":3},{"damage":6,"enemies":"Lots of Slimes","floor":12,"turns":4},{"damage":60,"enemies":"Slime Boss","floor":16,"turns":13},{"damage":5,"enemies":"2 Thieves","floor":18,"turns":3},{"damage":2,"enemies":"Shell Parasite","floor":21,"turns":3},{"damage":10,"enemies":"Snecko","floor":22,"turns":3},{"damage":59,"enemies":"Book of Stabbing","floor":24,"turns":7}],"seed_played":"4350437677097769745","potions_obtained":[],"is_trial":false,"path_per_floor":["M","M","$","?","M","E","M","M","T","M","R","M","$","?","R","B",null,"M","$","?","M","M","R","E"],"character_chosen":"THE_SILENT","items_purchased":["Discovery","Flying Knee","Master of Strategy"],"campfire_rested":2,"item_purchase_floors":[3,19,19],"current_hp_per_floor":[70,70,70,70,70,32,30,30,30,25,46,40,40,58,72,12,72,69,69,69,67,59,59,0],"gold":161,"neow_bonus":"BOSS_RELIC","is_prod":false,"is_daily":false,"chose_seed":false,"campfire_upgraded":0,"win_rate":0,"timestamp":1546413537,"path_taken":["M","M","$","?","M","E","M","M","T","M","R","M","$","?","R","BOSS","M","$","?","M","M","R","E"],"build_version":"2019-01-01v2","purchased_purges":0,"victory":false,"max_hp_per_floor":[70,70,70,70,70,70,70,70,70,72,72,72,72,72,72,72,72,74,74,74,74,76,76,76],"card_choices":[{"not_picked":["Bouncing Flask","Poisoned Stab"],"picked":"Sucker Punch","floor":1},{"not_picked":["Heel Hook","Acrobatics"],"picked":"Leg Sweep","floor":2},{"not_picked":["Slice","Dagger Throw"],"picked":"Sucker Punch","floor":5},{"not_picked":["Noxious Fumes","Glass Knife"],"picked":"Riddle With Holes","floor":6},{"not_picked":["Well Laid Plans","Blade Dance"],"picked":"Choke","floor":7},{"not_picked":["Bane","Finisher"],"picked":"Blade Dance","floor":8},{"not_picked":["PiercingWail","Blade Dance","Backflip"],"picked":"Singing Bowl","floor":10},{"not_picked":["PiercingWail","Malaise"],"picked":"Expertise","floor":12},{"not_picked":["Venomology","Night Terror"],"picked":"Storm of Steel","floor":16},{"not_picked":["Calculated Gamble+1","Distraction+1","Backflip"],"picked":"Singing Bowl","floor":18},{"not_picked":["Poisoned Stab","Bane"],"picked":"Finisher+1","floor":21},{"not_picked":["Poisoned Stab","Choke","Accuracy"],"picked":"Singing Bowl","floor":22}],"player_experience":568707,"relics_obtained":[{"floor":6,"key":"Happy Flower"},{"floor":9,"key":"Singing Bowl"}],"event_choices":[{"damage_healed":0,"gold_gain":0,"player_choice":"Grow","damage_taken":0,"max_hp_gain":0,"max_hp_loss":0,"event_name":"Living Wall","floor":4,"gold_loss":0,"cards_upgraded":["Discovery"]},{"damage_healed":18,"gold_gain":0,"player_choice":"Healed and dodged fight","damage_taken":0,"max_hp_gain":0,"max_hp_loss":0,"event_name":"Mushrooms","floor":14,"gold_loss":0,"cards_obtained":["Parasite"]},{"damage_healed":0,"gold_gain":100,"player_choice":"Pray","damage_taken":0,"max_hp_gain":0,"max_hp_loss":0,"event_name":"Golden Shrine","floor":20,"gold_loss":0}],"is_beta":true,"boss_relics":[{"not_picked":["Runic Dome","White Beast Statue"],"picked":"Snecko Eye"}],"items_purged_floors":[],"is_endless":false,"potions_floor_spawned":[6,7,8,12,16,18,22],"killed_by":"Book of Stabbing","ascension_level":0}