{"path_per_floor":["M","M","M","$","?","E","R","E","T","E","?","?","M","M","R"],"character_chosen":"IRONCLAD","items_purchased":[],"gold_per_floor":[113,125,139,64,64,90,90,117,192,220,395,425,439,453,453,453],"floor_reached":16,"campfire_rested":2,"playtime":474,"current_hp_per_floor":[80,80,80,80,80,29,53,27,37,25,25,25,22,27,54,0],"items_purged":["Strike_R"],"gold":453,"score":132,"play_id":"38eb9bcb-e38d-47fa-8177-da4bd535e257","local_time":"20180429194911","is_prod":false,"is_daily":false,"chose_seed":false,"is_ascension_mode":true,"campfire_upgraded":0,"timestamp":1525045751,"path_taken":["M","M","M","$","?","E","R","E","T","E","?","?","?","M","R","BOSS"],"build_version":"2018-04-28v2","seed_source_timestamp":11194669690751,"purchased_purges":1,"victory":false,"master_deck":["Strike_R","Strike_R","Strike_R","Strike_R","Defend_R","Defend_R","Defend_R","Defend_R","Bash","Iron Wave","Pummel","Regret","Heavy Blade","Battle Trance","Flex","Doubt","Flex"],"max_hp_per_floor":[80,80,80,80,80,80,80,80,90,90,90,90,90,90,90,90],"relics":["Burning Blood","NeowsBlessing","Magic Flower","Pen Nib","Mercury Hourglass","Pear","Smiling Mask"],"card_choices":[{"not_picked":["Perfected Strike","Body Slam"],"picked":"Iron Wave","floor":1},{"not_picked":["Rampage","Wild Strike"],"picked":"Pummel","floor":3},{"not_picked":["Pommel Strike","Thunderclap"],"picked":"Heavy Blade","floor":6},{"not_picked":["Bludgeon","True Grit"],"picked":"Battle Trance","floor":8},{"not_picked":["Body Slam","Armaments"],"picked":"Flex","floor":10},{"not_picked":["Clash","Perfected Strike"],"picked":"Flex","floor":14}],"player_experience":131391,"potions_floor_usage":[8,10],"damage_taken":[{"damage":0,"enemies":"Small Slimes","floor":1,"turns":1},{"damage":0,"enemies":"Jaw Worm","floor":2,"turns":1},{"damage":0,"enemies":"2 Louse","floor":3,"turns":1},{"damage":60,"enemies":"Gremlin Nob","floor":6,"turns":6},{"damage":35,"enemies":"Lagavulin","floor":8,"turns":6},{"damage":21,"enemies":"3 Sentries","floor":10,"turns":5},{"damage":12,"enemies":"Gremlin Gang","floor":13,"turns":5},{"damage":4,"enemies":"Looter","floor":14,"turns":3},{"damage":70,"enemies":"The Guardian","floor":16,"turns":12}],"event_choices":[{"event_name":"Big Fish","player_choice":"Box","floor":5,"damage_taken":0},{"event_name":"Liars Game","player_choice":"agreed","floor":11,"damage_taken":0},{"event_name":"Dead Adventurer","player_choice":"Searched \u00271\u0027 times","floor":12,"damage_taken":0}],"boss_relics":[],"potions_floor_spawned":[6,8,13,14],"seed_played":"-9001654007924313765","killed_by":"The Guardian","ascension_level":2,"is_trial":false}