{"gold_per_floor":[209,1,18,18,32,32,52,52,52,52,84,104,135,56,56,130,130,146,146,196,207,132,132,145,145],"floor_reached":25,"playtime":1548,"items_purged":["Strike_G"],"score":509,"play_id":"8b22f3c5-5b6f-41a7-b9a9-4c2845affc61","local_time":"20190221192849","is_ascension_mode":true,"campfire_choices":[{"data":"Neutralize","floor":6.0,"key":"SMITH"},{"data":"Poisoned Stab","floor":8.0,"key":"SMITH"},{"data":"Footwork","floor":10.0,"key":"SMITH"},{"floor":15.0,"key":"REST"},{"data":"Malaise","floor":23,"key":"SMITH"}],"neow_cost":"NONE","seed_source_timestamp":7730156719800,"circlet_count":0,"master_deck":["AscendersBane","Defend_G","Defend_G","Defend_G","Defend_G","Defend_G","Strike_G","Strike_G","Strike_G","Survivor","Neutralize+1","Dagger Throw","Poisoned Stab+1","Footwork+1","Deadly Poison","Dodge and Roll","Deflect","Calculated Gamble","Corpse Explosion","Blur","Leg Sweep","Malaise+1","Well Laid Plans","Backflip"],"special_seed":0,"relics":["Ring of the Snake","Dream Catcher","Sundial","Thread and Needle","Singing Bowl","Velvet Choker"],"potions_floor_usage":[25],"damage_taken":[{"damage":4.0,"enemies":"Cultist","floor":1.0,"turns":5.0},{"damage":6.0,"enemies":"Small Slimes","floor":3.0,"turns":4.0},{"damage":12.0,"enemies":"Jaw Worm","floor":5.0,"turns":4.0},{"damage":0.0,"enemies":"Blue Slaver","floor":7.0,"turns":5.0},{"damage":1.0,"enemies":"Lagavulin","floor":11.0,"turns":7.0},{"damage":0.0,"enemies":"Large Slime","floor":12.0,"turns":10.0},{"damage":20.0,"enemies":"Gremlin Nob","floor":13.0,"turns":4.0},{"damage":0.0,"enemies":"The Guardian","floor":16.0,"turns":11.0},{"damage":1.0,"enemies":"Spheric Guardian","floor":18.0,"turns":5.0},{"damage":11,"enemies":"Colosseum Slavers","floor":19,"turns":4},{"damage":8,"enemies":"2 Thieves","floor":21,"turns":4},{"damage":2,"enemies":"Snecko","floor":24,"turns":8},{"damage":38,"enemies":"Slavers","floor":25,"turns":4}],"seed_played":"-184254671316939907","potions_obtained":[{"floor":1.0,"key":"SteroidPotion"},{"floor":3.0,"key":"SmokeBomb"},{"floor":5.0,"key":"Poison Potion"},{"floor":16.0,"key":"EssenceOfSteel"}],"is_trial":false,"path_per_floor":["M","$","M","T","M","R","M","R","T","R","E","M","E","$","R","B",null,"M","?","?","M","?","R","M","E"],"character_chosen":"THE_SILENT","items_purchased":["Poisoned Stab","Footwork","Blur"],"campfire_rested":1,"item_purchase_floors":[2,2,14],"current_hp_per_floor":[55,55,49,49,37,37,37,37,37,37,36,36,16,16,35,35,58,57,46,46,40,40,40,38,0],"gold":145,"neow_bonus":"HUNDRED_GOLD","is_prod":false,"is_daily":false,"chose_seed":false,"campfire_upgraded":4,"win_rate":0,"timestamp":1550773729,"path_taken":["M","$","M","?","M","R","M","R","T","R","E","M","E","?","R","BOSS","M","?","?","M","?","R","M","E"],"build_version":"2019-01-23","purchased_purges":1,"victory":false,"max_hp_per_floor":[66,66,66,66,66,66,66,66,66,66,66,66,66,66,66,66,66,66,66,66,68,68,68,68,68],"card_choices":[{"not_picked":["Quick Slash","Slice"],"picked":"Dagger Throw","floor":1.0},{"not_picked":["Outmaneuver","Dagger Spray"],"picked":"Deadly Poison","floor":3.0},{"not_picked":["PiercingWail","All Out Attack"],"picked":"Dodge and Roll","floor":5.0},{"not_picked":["Dagger Throw","Slice","Blade Dance"],"picked":"SKIP","floor":7.0},{"not_picked":["Prepared","Phantasmal Killer"],"picked":"Deflect","floor":11.0},{"not_picked":["Flying Knee","Endless Agony"],"picked":"Calculated Gamble","floor":12.0},{"not_picked":["Outmaneuver","Flechettes"],"picked":"Corpse Explosion","floor":13.0},{"not_picked":["Poisoned Stab","Deadly Poison"],"picked":"Leg Sweep","floor":15.0},{"not_picked":["Die Die Die","Venomology"],"picked":"Malaise","floor":16.0},{"not_picked":["Acrobatics","Calculated Gamble"],"picked":"Well Laid Plans","floor":18.0},{"not_picked":["Caltrops","Well Laid Plans","Dagger Spray"],"picked":"Singing Bowl","floor":21},{"not_picked":["Caltrops","Eviscerate"],"picked":"Backflip","floor":24}],"player_experience":463056,"relics_obtained":[{"floor":4.0,"key":"Dream Catcher"},{"floor":9.0,"key":"Sundial"},{"floor":11.0,"key":"Thread and Needle"},{"floor":13.0,"key":"Singing Bowl"}],"event_choices":[{"damage_healed":0,"gold_gain":0,"player_choice":"Fight","damage_taken":0,"max_hp_gain":0,"max_hp_loss":0,"event_name":"Colosseum","floor":19,"gold_loss":0},{"damage_healed":0,"gold_gain":0,"player_choice":"Fled From Nobs","damage_taken":0,"max_hp_gain":0,"max_hp_loss":0,"event_name":"Colosseum","floor":19,"gold_loss":0},{"damage_healed":0,"gold_gain":50,"player_choice":"Stole From Cult","damage_taken":0,"max_hp_gain":0,"max_hp_loss":0,"event_name":"Nest","floor":20,"gold_loss":0},{"cards_removed":["Strike_G"],"damage_healed":0,"gold_gain":0,"player_choice":"Gave Gold","damage_taken":0,"max_hp_gain":0,"max_hp_loss":0,"event_name":"Beggar","floor":22,"gold_loss":75}],"is_beta":false,"boss_relics":[{"not_picked":["WristBlade","White Beast Statue"],"picked":"Velvet Choker"}],"items_purged_floors":[2],"is_endless":false,"potions_floor_spawned":[1,3,5,16,19],"killed_by":"Slavers","ascension_level":19}