{"path_per_floor":["M","M","M","M","M","R","E","R","T","?","M","M","M","M","R","B",null,"M","?","?","M","$","R","E","R","T","M","R","M","M","T","R"],"character_chosen":"THE_SILENT","items_purchased":["Blue Candle","Letter Opener"],"gold_per_floor":[114,129,144,159,174,174,204,204,279,279,294,309,324,339,339,439,439,454,454,454,469,19,19,49,49,49,94,94,109,124,124,124,124],"floor_reached":33,"campfire_rested":5,"playtime":1052,"current_hp_per_floor":[70,63,62,54,33,54,55,77,77,77,63,63,63,63,63,26,77,48,48,48,38,38,53,22,22,22,30,53,43,36,36,53,0],"items_purged":[],"gold":124,"score":523,"play_id":"ac0690a6-0d81-49b4-b6e7-6be2b2693d70","local_time":"20180422210414","daily_mods":["Draft","Vintage","Hoarder"],"is_prod":false,"is_daily":true,"chose_seed":false,"is_ascension_mode":false,"campfire_upgraded":2,"timestamp":1524445454,"path_taken":["M","M","M","M","M","R","E","R","T","?","M","M","M","M","R","BOSS","M","?","?","?","?","R","E","R","T","M","R","M","M","?","R","BOSS"],"build_version":"2018-04-19","seed_source_timestamp":106677038372943,"purchased_purges":0,"victory":false,"master_deck":["Bane+1","Bane","Bane","Deadly Poison","Deadly Poison","Deadly Poison","Dash+1","Dash","Dash","Blade Dance","Blade Dance","Blade Dance","Bouncing Flask","Bouncing Flask","Bouncing Flask","Deadly Poison","Deadly Poison","Deadly Poison+1","Flechettes","Flechettes+1","Deadly Poison","Deadly Poison+1","Deadly Poison","Burst","Burst","Burst","Regret","Regret","Regret","Pain","Pain","Pain","Clumsy","Clumsy","Clumsy","Bite","Bite","Bite","Bite","Bite","Bite","Bite","Bite","Bite","Bite","Bite","Bite","Bite","Bite","Bite","Catalyst","Catalyst","Catalyst","Adrenaline","Adrenaline","Adrenaline+1","Riddle With Holes","Riddle With Holes","Riddle With Holes","Well Laid Plans+1","Well Laid Plans+1","Well Laid Plans+1"],"max_hp_per_floor":[70,70,70,70,70,70,77,77,77,77,77,77,77,77,77,77,77,77,53,53,53,53,53,53,53,53,53,53,53,53,53,53,53],"relics":["Ring of the Snake","Shuriken","Bag of Marbles","Vajra","Bag of Preparation","Anchor","Strawberry","Smiling Mask","Prayer Wheel","Calipers","Whetstone","Regal Pillow","Orichalcum","Calling Bell","War Paint","The Courier","Tingsha","Lantern","Question Card","Blue Candle","Letter Opener","Blood Vial","Toolbox","Tiny Chest","Art of War","Juzu Bracelet","Tough Bandages"],"card_choices":[{"not_picked":["Prepared","Predator"],"picked":"Bane","floor":0},{"not_picked":["Acrobatics","Flying Knee"],"picked":"Deadly Poison","floor":0},{"not_picked":["Outmaneuver","All Out Attack"],"picked":"Dash","floor":0},{"not_picked":["Sucker Punch","Dagger Throw"],"picked":"Blade Dance","floor":0},{"not_picked":["Prepared","Flechettes"],"picked":"Bouncing Flask","floor":0},{"not_picked":["Flying Knee","Backflip"],"picked":"Deadly Poison","floor":0},{"not_picked":["Accuracy","Footwork"],"picked":"Flechettes","floor":7},{"not_picked":["Glass Knife","Grand Finale"],"picked":"Burst","floor":16},{"not_picked":["Skewer","Quick Slash","Outmaneuver"],"picked":"Adrenaline","floor":24},{"not_picked":["Deflect","Deadly Poison","Poisoned Stab"],"picked":"Riddle With Holes","floor":26},{"not_picked":["Dagger Throw","Bane","Acrobatics"],"picked":"Well Laid Plans","floor":31}],"player_experience":30899,"potions_floor_usage":[27,33,33,33],"damage_taken":[{"damage":0,"enemies":"Cultist","floor":1,"turns":3},{"damage":7,"enemies":"2 Louse","floor":2,"turns":2},{"damage":1,"enemies":"Jaw Worm","floor":3,"turns":3},{"damage":8,"enemies":"Large Slime","floor":4,"turns":4},{"damage":21,"enemies":"Exordium Thugs","floor":5,"turns":4},{"damage":6,"enemies":"Gremlin Nob","floor":7,"turns":3},{"damage":14,"enemies":"3 Louse","floor":11,"turns":3},{"damage":0,"enemies":"Looter","floor":12,"turns":1},{"damage":0,"enemies":"Blue Slaver","floor":13,"turns":1},{"damage":0,"enemies":"Red Slaver","floor":14,"turns":1},{"damage":37,"enemies":"Slime Boss","floor":16,"turns":9},{"damage":29,"enemies":"Shell Parasite","floor":18,"turns":5},{"damage":20,"enemies":"2 Thieves","floor":21,"turns":3},{"damage":33,"enemies":"Gremlin Leader","floor":24,"turns":4},{"damage":3,"enemies":"3 Cultists","floor":27,"turns":3},{"damage":18,"enemies":"Cultist and Chosen","floor":29,"turns":4},{"damage":13,"enemies":"Snake Plant","floor":30,"turns":2},{"damage":57,"enemies":"Automaton","floor":33,"turns":4}],"event_choices":[{"event_name":"Living Wall","player_choice":"Change","floor":10,"damage_taken":0},{"event_name":"Vampires","player_choice":"Became a vampire","floor":19,"damage_taken":0},{"event_name":"The Library","player_choice":"Read","floor":20,"damage_taken":0}],"boss_relics":[{"not_picked":["Runic Dome","White Beast Statue"],"picked":"Calling Bell"}],"potions_floor_spawned":[2,7,11,12,14,16,21,29],"seed_played":"2192268310771929411","killed_by":"Automaton","ascension_level":0,"is_trial":false}