{"gold_per_floor":[118,132,132,132,145,145,170,170,223,223,248,248,282,293,293,366,366,306,306,306,14,14,14,14,14,14,14,14,14,14,14,14,14,14,14,14,14,14,14,14,14,14,14,14,14,14,14,14,14,14,14,14,14,14,14,14],"floor_reached":57,"playtime":3511,"items_purged":["Strike_R"],"score":2675,"play_id":"4455d985-994d-4111-b60b-d091584140b6","local_time":"20190130011630","is_ascension_mode":true,"campfire_choices":[{"data":"Bash","floor":6.0,"key":"SMITH"},{"data":"True Grit","floor":8.0,"key":"SMITH"},{"data":"Pommel Strike","floor":10.0,"key":"SMITH"},{"floor":12.0,"key":"REST"},{"data":"Shrug It Off","floor":15.0,"key":"SMITH"},{"data":"RitualDagger","floor":23.0,"key":"SMITH"},{"floor":25.0,"key":"REST"},{"data":"Demon Form","floor":27.0,"key":"SMITH"},{"data":"Impervious","floor":30.0,"key":"SMITH"},{"floor":32.0,"key":"RECALL"},{"data":"Metallicize","floor":41.0,"key":"SMITH"},{"data":"Immolate","floor":45.0,"key":"SMITH"},{"data":"Heavy Blade","floor":49.0,"key":"SMITH"},{"data":"Defend_R","floor":53.0,"key":"SMITH"}],"neow_cost":"NONE","seed_source_timestamp":14348250917839,"circlet_count":0,"master_deck":["AscendersBane","Strike_R","Strike_R","Strike_R","Strike_R","Defend_R+1","Defend_R","Defend_R","Defend_R","Bash+1","Pommel Strike+1","True Grit+1","Shrug It Off+1","Impervious+1","Flex+1","Impervious+1","Dual Wield+1","Demon Form+1","Metallicize+1","Seeing Red+1","Offering+1","Battle Trance+1","Disarm+1","RitualDagger+1","Sword Boomerang+1","Immolate+1","Reaper","Ghostly Armor+1","Flame Barrier+1","Heavy Blade+1"],"special_seed":0,"relics":["Burning Blood","Strawberry","Potion Belt","Orichalcum","Art of War","Toxic Egg 2","Shuriken","Ectoplasm","Regal Pillow","Oddly Smooth Stone","Snecko Eye","Bag of Preparation","StoneCalendar"],"potions_floor_usage":[56,56],"damage_taken":[{"damage":1.0,"enemies":"Small Slimes","floor":1.0,"turns":4.0},{"damage":3.0,"enemies":"2 Louse","floor":2.0,"turns":3.0},{"damage":4.0,"enemies":"Cultist","floor":5.0,"turns":4.0},{"damage":55.0,"enemies":"Lagavulin","floor":7.0,"turns":8.0},{"damage":28.0,"enemies":"3 Sentries","floor":11.0,"turns":11.0},{"damage":20.0,"enemies":"Lagavulin","floor":13.0,"turns":6.0},{"damage":0.0,"enemies":"2 Fungi Beasts","floor":14.0,"turns":4.0},{"damage":23.0,"enemies":"The Guardian","floor":16.0,"turns":16.0},{"damage":5.0,"enemies":"2 Thieves","floor":18.0,"turns":4.0},{"damage":14.0,"enemies":"Chosen","floor":19.0,"turns":9.0},{"damage":13.0,"enemies":"Centurion and Healer","floor":20.0,"turns":8.0},{"damage":25.0,"enemies":"Gremlin Leader","floor":24.0,"turns":8.0},{"damage":16.0,"enemies":"3 Cultists","floor":31.0,"turns":5.0},{"damage":33.0,"enemies":"Collector","floor":33.0,"turns":10.0},{"damage":8.0,"enemies":"Orb Walker","floor":35.0,"turns":6.0},{"damage":0.0,"enemies":"3 Shapes","floor":36.0,"turns":3.0},{"damage":3.0,"enemies":"Sphere and 2 Shapes","floor":38.0,"turns":4.0},{"damage":34.0,"enemies":"Giant Head","floor":40.0,"turns":7.0},{"damage":93.0,"enemies":"Reptomancer","floor":42.0,"turns":11.0},{"damage":33.0,"enemies":"Writhing Mass","floor":44.0,"turns":4.0},{"damage":22.0,"enemies":"Spire Growth","floor":46.0,"turns":5.0},{"damage":0.0,"enemies":"Sphere and 2 Shapes","floor":47.0,"turns":5.0},{"damage":0.0,"enemies":"Writhing Mass","floor":48.0,"turns":6.0},{"damage":28.0,"enemies":"Time Eater","floor":50.0,"turns":8.0},{"damage":61.0,"enemies":"Donu and Deca","floor":51.0,"turns":8.0},{"damage":35.0,"enemies":"Shield and Spear","floor":55.0,"turns":6.0},{"damage":70,"enemies":"The Heart","floor":56,"turns":8}],"seed_played":"-8260767875006518626","potions_obtained":[{"floor":2.0,"key":"Weak Potion"},{"floor":11.0,"key":"SteroidPotion"},{"floor":16.0,"key":"Energy Potion"},{"floor":24.0,"key":"SteroidPotion"},{"floor":31.0,"key":"SkillPotion"},{"floor":33.0,"key":"Swift Potion"},{"floor":35.0,"key":"LiquidBronze"},{"floor":36.0,"key":"FearPotion"},{"floor":40.0,"key":"Regen Potion"},{"floor":42.0,"key":"SkillPotion"},{"floor":44.0,"key":"SkillPotion"},{"floor":48.0,"key":"SkillPotion"}],"is_trial":false,"path_per_floor":["M","M","?","?","M","R","E","R","T","R","E","R","E","M","R","B",null,"M","M","M","$","?","R","E","R","T","R","?","?","R","M","R","B",null,"M","M","?","M","$","E","R","E","T","M","R","M","M","M","R","B","B",null,"R","$","E","B",null],"character_chosen":"IRONCLAD","items_purchased":["Battle Trance+1","Disarm+1","Weak Potion"],"campfire_rested":2,"item_purchase_floors":[21,21,21],"current_hp_per_floor":[80,82,82,82,82,82,33,33,33,33,11,35,21,27,27,10,64,65,57,50,50,44,44,25,64,64,64,64,64,64,54,54,27,68,66,72,72,82,82,61,61,82,82,71,71,69,82,82,82,60,82,82,82,82,82,18],"gold":14,"neow_bonus":"RANDOM_COMMON_RELIC","is_prod":false,"is_daily":false,"chose_seed":false,"campfire_upgraded":11,"win_rate":0,"timestamp":1548807390,"path_taken":["M","M","?","?","?","R","E","R","T","R","E","R","E","M","R","BOSS","M","M","M","$","?","R","E","R","T","R","?","?","R","M","R","BOSS","M","M","?","M","$","E","R","E","T","M","R","M","M","M","R","BOSS","BOSS","R","$","E","BOSS"],"build_version":"2019-01-23","purchased_purges":1,"victory":true,"max_hp_per_floor":[82,82,82,82,82,82,82,82,82,82,82,82,82,82,82,82,82,82,82,82,82,82,82,82,82,82,82,82,82,82,82,82,82,82,82,82,82,82,82,82,82,82,82,82,82,82,82,82,82,82,82,82,82,82,82,82],"card_choices":[{"not_picked":["Twin Strike","Heavy Blade"],"picked":"Pommel Strike","floor":1.0},{"not_picked":["Sentinel","Armaments"],"picked":"True Grit","floor":2.0},{"not_picked":["Flex","Armaments"],"picked":"Shrug It Off","floor":5.0},{"not_picked":["Shrug It Off","Fire Breathing"],"picked":"Impervious","floor":7.0},{"not_picked":["Body Slam","Intimidate"],"picked":"Flex","floor":11.0},{"not_picked":["Warcry+1","Armaments+1"],"picked":"Impervious+1","floor":13.0},{"not_picked":["Havoc+1","Perfected Strike"],"picked":"Dual Wield+1","floor":14.0},{"not_picked":["Immolate","Berserk"],"picked":"Demon Form","floor":16.0},{"not_picked":["Feel No Pain","Perfected Strike+1"],"picked":"Metallicize","floor":18.0},{"not_picked":["Perfected Strike","Body Slam"],"picked":"Seeing Red+1","floor":19.0},{"not_picked":["Havoc+1","Body Slam"],"picked":"Offering+1","floor":20.0},{"not_picked":["Headbutt","Warcry+1"],"picked":"Sword Boomerang+1","floor":24.0},{"not_picked":["Body Slam","Anger","Heavy Blade"],"picked":"SKIP","floor":31.0},{"not_picked":["Feed","Brutality"],"picked":"Immolate","floor":33.0},{"not_picked":["Flex+1","Rampage","Rage+1"],"picked":"SKIP","floor":35.0},{"not_picked":["Combust","Wild Strike","Armaments+1"],"picked":"SKIP","floor":36.0},{"not_picked":["Cleave","Searing Blow+1","Rampage"],"picked":"SKIP","floor":38.0},{"not_picked":["Armaments+1","Bludgeon"],"picked":"Ghostly Armor+1","floor":40.0},{"not_picked":["Iron Wave","Warcry+1","Flex+1"],"picked":"SKIP","floor":42.0},{"not_picked":["Iron Wave+1","Sword Boomerang","Spot Weakness+1"],"picked":"SKIP","floor":44.0},{"not_picked":["Whirlwind","Impervious+1"],"picked":"Flame Barrier+1","floor":46.0},{"not_picked":["Dropkick","Twin Strike","Pummel"],"picked":"SKIP","floor":47.0},{"not_picked":["Seeing Red+1","Inflame"],"picked":"Heavy Blade","floor":48.0},{"not_picked":["Spot Weakness+1","Iron Wave+1","Body Slam"],"picked":"SKIP","floor":55.0}],"player_experience":931496,"relics_obtained":[{"floor":7.0,"key":"Orichalcum"},{"floor":9.0,"key":"Art of War"},{"floor":11.0,"key":"Toxic Egg 2"},{"floor":13.0,"key":"Shuriken"},{"floor":24.0,"key":"Regal Pillow"},{"floor":26.0,"key":"Oddly Smooth Stone"},{"floor":40.0,"key":"Bag of Preparation"},{"floor":42.0,"key":"StoneCalendar"}],"event_choices":[{"damage_healed":0.0,"max_hp_gain":0.0,"max_hp_loss":0.0,"gold_gain":0.0,"event_name":"Big Fish","player_choice":"Box","floor":3.0,"gold_loss":0.0,"damage_taken":0.0,"relics_obtained":["Potion Belt"],"cards_obtained":["Regret"]},{"cards_removed":["Regret"],"damage_healed":0.0,"max_hp_gain":0.0,"max_hp_loss":0.0,"gold_gain":0.0,"event_name":"Purifier","player_choice":"Purged","floor":4.0,"gold_loss":0.0,"damage_taken":0.0},{"damage_healed":0.0,"max_hp_gain":0.0,"max_hp_loss":0.0,"gold_gain":0.0,"event_name":"Nest","player_choice":"Joined the Cult","floor":22.0,"gold_loss":0.0,"damage_taken":6.0,"cards_obtained":["RitualDagger"]},{"damage_healed":0.0,"max_hp_gain":0.0,"max_hp_loss":0.0,"gold_gain":0.0,"event_name":"Beggar","player_choice":"Ignored","floor":28.0,"gold_loss":0.0,"damage_taken":0.0},{"damage_healed":0.0,"max_hp_gain":0.0,"max_hp_loss":0.0,"gold_gain":0.0,"event_name":"Match and Keep!","player_choice":"1 cards matched","floor":37.0,"gold_loss":0.0,"damage_taken":0.0,"cards_obtained":["Reaper"]}],"is_beta":true,"boss_relics":[{"not_picked":["Runic Cube","Orrery"],"picked":"Ectoplasm"},{"not_picked":["Runic Dome","Coffee Dripper"],"picked":"Snecko Eye"}],"items_purged_floors":[21],"is_endless":false,"potions_floor_spawned":[2,11,16,24,31,33,35,36,40,42,44,48],"ascension_level":20}