{"gold_per_floor":[369,380,390,390,402,402,25,25,25,25,44,44,44,44,44,118,118,129,143,20,30,42,42,58,58,58,58,58,73,101,26,26,98,98,115,115,127,127,145,145,161,161,161,175,175,275,287,287,287,287,287],"floor_reached":52,"playtime":3650,"items_purged":["Writhe"],"score":1653,"play_id":"d8a851b4-949f-42c5-94fe-9a25bbc2b59e","local_time":"20181107232027","is_ascension_mode":true,"campfire_choices":[{"data":"A Thousand Cuts","floor":6.0,"key":"SMITH"},{"data":"Crippling Poison","floor":8.0,"key":"SMITH"},{"data":"Caltrops","floor":10.0,"key":"SMITH"},{"data":"Neutralize","floor":13.0,"key":"SMITH"},{"data":"Dodge and Roll","floor":15.0,"key":"SMITH"},{"floor":23.0,"key":"REST"},{"floor":25.0,"key":"REST"},{"floor":32.0,"key":"REST"},{"floor":40.0,"key":"REST"},{"floor":42.0,"key":"REST"},{"floor":45.0,"key":"REST"},{"data":"Strike_G","floor":49,"key":"PURGE"}],"neow_cost":"CURSE","seed_source_timestamp":11222487612586,"circlet_count":0,"master_deck":["AscendersBane","Defend_G","Defend_G","Defend_G","Defend_G","Defend_G","Strike_G","Strike_G","Strike_G","Survivor","Neutralize+1","Dodge and Roll+1","A Thousand Cuts+1","Caltrops+1","Crippling Poison+1","Impatience+1","Bouncing Flask+1","After Image","PiercingWail+1","Concentrate+1","Well Laid Plans","Blur+1","Deadly Poison+1","Escape Plan+1","Acrobatics+1","Dodge and Roll+1","Adrenaline+1","Blade Dance+1","Underhanded Strike+1","Madness+1","Madness+1","Backflip+1","Backflip+1","Prepared+1","Footwork+1"],"special_seed":0,"relics":["Ring of the Snake","Toxic Egg 2","Letter Opener","Cursed Key","Bag of Marbles","NlothsMask","Frozen Egg 2","Fusion Hammer","Peace Pipe"],"potions_floor_usage":[50,51],"damage_taken":[{"damage":1.0,"enemies":"2 Louse","floor":1.0,"turns":5.0},{"damage":2.0,"enemies":"Small Slimes","floor":2.0,"turns":5.0},{"damage":6.0,"enemies":"Cultist","floor":3.0,"turns":4.0},{"damage":4.0,"enemies":"2 Fungi Beasts","floor":5.0,"turns":5.0},{"damage":6.0,"enemies":"Looter","floor":11.0,"turns":5.0},{"damage":42.0,"enemies":"The Guardian","floor":16.0,"turns":10.0},{"damage":5.0,"enemies":"Shell Parasite","floor":18.0,"turns":6.0},{"damage":0.0,"enemies":"3 Byrds","floor":19.0,"turns":2.0},{"damage":10.0,"enemies":"3 Cultists","floor":21.0,"turns":5.0},{"damage":19.0,"enemies":"Shelled Parasite and Fungi","floor":22.0,"turns":6.0},{"damage":21.0,"enemies":"Snake Plant","floor":24.0,"turns":5.0},{"damage":0.0,"enemies":"Centurion and Healer","floor":29.0,"turns":6.0},{"damage":1.0,"enemies":"Slavers","floor":30.0,"turns":3.0},{"damage":18.0,"enemies":"Automaton","floor":33.0,"turns":11.0},{"damage":0.0,"enemies":"Orb Walker","floor":35.0,"turns":3.0},{"damage":0.0,"enemies":"3 Shapes","floor":37.0,"turns":4.0},{"damage":15.0,"enemies":"Sphere and 2 Shapes","floor":39.0,"turns":5.0},{"damage":2.0,"enemies":"3 Darklings","floor":41.0,"turns":4.0},{"damage":0.0,"enemies":"4 Shapes","floor":44.0,"turns":2.0},{"damage":0.0,"enemies":"Mind Bloom Boss Battle","floor":46.0,"turns":6.0},{"damage":11,"enemies":"Sphere and 2 Shapes","floor":47,"turns":4},{"damage":10,"enemies":"Donu and Deca","floor":50,"turns":10},{"damage":44,"enemies":"Time Eater","floor":51,"turns":12}],"seed_played":"190081281754780956","potions_obtained":[{"floor":1.0,"key":"Regen Potion"},{"floor":11.0,"key":"Dexterity Potion"},{"floor":18.0,"key":"Poison Potion"},{"floor":29.0,"key":"Strength Potion"},{"floor":30.0,"key":"Fire Potion"},{"floor":33.0,"key":"Regen Potion"},{"floor":39.0,"key":"Strength Potion"},{"floor":46.0,"key":"PowerPotion"}],"is_trial":false,"path_per_floor":["M","M","M","?","M","R","$","R","T","R","M","?","R","?","R","B",null,"M","M","$","M","M","R","M","R","T","?","?","M","E","$","R","B",null,"M","?","M","?","M","R","M","R","T","M","R","?","M","T","R","B","B",null],"character_chosen":"THE_SILENT","items_purchased":["Toxic Egg 2","Impatience+1","Well Laid Plans","Blur+1"],"campfire_rested":6,"item_purchase_floors":[7,7,20,20],"current_hp_per_floor":[58,56,50,55,51,51,51,51,51,51,45,45,45,45,45,18,56,51,51,51,41,22,42,21,41,41,22,22,22,21,21,42,24,61,61,61,61,48,33,54,52,73,73,73,73,73,62,62,62,52,8],"gold":287,"neow_bonus":"TWO_FIFTY_GOLD","is_prod":false,"is_daily":false,"chose_seed":false,"campfire_upgraded":5,"win_rate":0,"timestamp":1541629227,"path_taken":["M","M","M","?","M","R","$","R","T","R","M","?","R","?","R","BOSS","M","M","?","M","M","R","M","R","T","?","?","M","E","$","R","BOSS","M","?","M","?","M","R","M","R","T","M","R","?","M","?","R","BOSS","BOSS"],"build_version":"2018-11-06","purchased_purges":1,"victory":true,"max_hp_per_floor":[66,66,66,71,71,71,71,71,71,71,71,71,71,68,68,68,68,68,68,68,68,68,68,68,68,68,73,73,73,73,73,73,73,73,73,73,73,73,73,73,73,73,73,73,73,73,73,73,73,73,73],"card_choices":[{"not_picked":["Outmaneuver","Acrobatics"],"picked":"Dodge and Roll","floor":1.0},{"not_picked":["Flying Knee","PiercingWail"],"picked":"A Thousand Cuts","floor":2.0},{"not_picked":["Heel Hook","Bane"],"picked":"Caltrops","floor":3.0},{"not_picked":["Deadly Poison","Dagger Spray"],"picked":"Crippling Poison","floor":5.0},{"not_picked":["Noxious Fumes","Prepared+1"],"picked":"Bouncing Flask+1","floor":11.0},{"not_picked":["Night Terror+1","Storm of Steel+1"],"picked":"After Image","floor":16.0},{"not_picked":["Outmaneuver+1","Dash"],"picked":"PiercingWail+1","floor":18.0},{"not_picked":["All Out Attack","Acrobatics+1"],"picked":"Concentrate+1","floor":19.0},{"not_picked":["Noxious Fumes","Dagger Throw"],"picked":"Deadly Poison+1","floor":21.0},{"not_picked":["Distraction+1","Slice","Dash"],"picked":"SKIP","floor":22.0},{"not_picked":["Dagger Spray","Well Laid Plans"],"picked":"Escape Plan+1","floor":24.0},{"not_picked":["Expertise+1","Noxious Fumes"],"picked":"Acrobatics+1","floor":29.0},{"not_picked":["Underhanded Strike","Acrobatics+1"],"picked":"Dodge and Roll+1","floor":30.0},{"not_picked":["Glass Knife","Burst+1"],"picked":"Adrenaline+1","floor":33.0},{"not_picked":["Dodge and Roll+1","Underhanded Strike"],"picked":"Blade Dance+1","floor":35.0},{"not_picked":["Flying Knee+1","Quick Slash"],"picked":"Underhanded Strike+1","floor":37.0},{"not_picked":["Backstab+1","Setup+1"],"picked":"Backflip+1","floor":39.0},{"not_picked":["Slice","Masterful Stab+1"],"picked":"Backflip+1","floor":41.0},{"not_picked":["Storm of Steel+1","Deflect+1","Quick Slash"],"picked":"SKIP","floor":44.0},{"not_picked":["Skewer","Well Laid Plans+1"],"picked":"Prepared+1","floor":46.0},{"not_picked":["Backflip+1","Acrobatics+1"],"picked":"Footwork+1","floor":47}],"player_experience":784241,"relics_obtained":[{"floor":9.0,"key":"Letter Opener"},{"floor":26.0,"key":"Bag of Marbles"},{"floor":30.0,"key":"Frozen Egg 2"},{"floor":46.0,"key":"Peace Pipe"}],"event_choices":[{"damage_healed":0.0,"max_hp_gain":5.0,"max_hp_loss":0.0,"gold_gain":0.0,"event_name":"Big Fish","player_choice":"Donut","floor":4.0,"gold_loss":0.0,"damage_taken":0.0},{"damage_healed":0.0,"max_hp_gain":0.0,"max_hp_loss":0.0,"gold_gain":0.0,"event_name":"Liars Game","player_choice":"Ignored","floor":12.0,"gold_loss":0.0,"damage_taken":0.0},{"cards_removed":["Parasite"],"damage_healed":0.0,"max_hp_gain":0.0,"max_hp_loss":0.0,"gold_gain":0.0,"event_name":"Purifier","player_choice":"Purged","floor":14.0,"gold_loss":0.0,"damage_taken":0.0},{"damage_healed":0.0,"max_hp_gain":5.0,"max_hp_loss":0.0,"gold_gain":0.0,"event_name":"Forgotten Altar","player_choice":"Shed Blood","floor":27.0,"gold_loss":0.0,"damage_taken":24.0},{"damage_healed":0.0,"max_hp_gain":0.0,"max_hp_loss":0.0,"gold_gain":0.0,"event_name":"FaceTrader","player_choice":"Trade","floor":28.0,"gold_loss":0.0,"damage_taken":0.0,"relics_obtained":["NlothsMask"]},{"cards_removed":["Strike_G"],"damage_healed":0.0,"max_hp_gain":0.0,"max_hp_loss":0.0,"gold_gain":0.0,"event_name":"Falling","player_choice":"Removed Attack","floor":36.0,"gold_loss":0.0,"damage_taken":0.0},{"damage_healed":0.0,"max_hp_gain":0.0,"max_hp_loss":0.0,"gold_gain":0.0,"event_name":"Winding Halls","player_choice":"Embrace Madness","floor":38.0,"gold_loss":0.0,"damage_taken":13.0,"cards_obtained":["Madness","Madness"]},{"damage_healed":0.0,"max_hp_gain":0.0,"max_hp_loss":0.0,"gold_gain":0.0,"event_name":"MindBloom","player_choice":"Fight","floor":46.0,"gold_loss":0.0,"damage_taken":0.0}],"is_beta":true,"boss_relics":[{"not_picked":["Busted Crown","Calling Bell"],"picked":"Cursed Key"},{"not_picked":["Astrolabe","Black Star"],"picked":"Fusion Hammer"}],"items_purged_floors":[31],"is_endless":false,"potions_floor_spawned":[1,11,18,29,30,33,39,46,47],"ascension_level":20}