{"path_per_floor":["M","M","?","$","?","R","M","R","T","R","M","?","?","M","R","B",null,"M","?","?","$","?","$","?","T","T","?","$","?","R","M","R","B",null,"M","?","?","M","$","R","?","M","T","R","M","T","M","M","R","B"],"character_chosen":"IRONCLAD","items_purchased":["Flex","Flame Barrier","Pen Nib","Whirlwind","Bag of Preparation"],"gold_per_floor":[113,129,129,77,252,252,270,270,318,318,334,357,357,373,373,468,468,479,479,402,327,327,107,107,107,107,107,32,32,32,49,49,146,146,159,159,159,175,21,21,21,36,36,36,53,53,72,88,88,88],"floor_reached":51,"campfire_rested":2,"playtime":1663,"current_hp_per_floor":[46,45,45,45,45,69,68,68,68,68,62,44,44,48,72,31,80,44,44,44,44,44,44,28,28,28,28,28,12,12,28,28,25,28,26,26,26,28,28,28,28,28,28,28,28,28,28,28,28,26],"items_purged":["Strike_R"],"gold":88,"score":731,"play_id":"f1d1a984-bf93-44aa-a8d2-8a9a7479fcd3","local_time":"20180427215101","is_prod":false,"is_daily":false,"chose_seed":false,"is_ascension_mode":false,"campfire_upgraded":4,"timestamp":1524880261,"path_taken":["M","M","?","?","?","R","M","R","T","R","M","?","?","M","R","BOSS","M","?","?","$","?","$","?","?","T","?","$","?","R","M","R","BOSS","M","?","?","M","$","R","?","M","T","R","M","?","M","M","R","BOSS"],"build_version":"2018-04-26","seed_source_timestamp":46074677249604,"purchased_purges":5,"victory":true,"master_deck":["Defend_R+1","Defend_R","Defend_R+1","Bash","Pummel+1","Iron Wave+1","Pommel Strike","Shrug It Off","Cleave","Heavy Blade","Limit Break+1","J.A.X.","Bite","Bite","Bite","Bite","Bite","Flame Barrier","Ghostly+1","Ghostly","Ghostly","Ghostly","Ghostly","Inflame","Whirlwind","Seeing Red","Double Tap","Spot Weakness+1","Twin Strike+1","Inflame","Twin Strike"],"max_hp_per_floor":[80,80,80,80,80,80,80,80,80,80,80,80,80,80,80,80,80,80,80,80,80,56,56,28,28,28,28,28,28,28,28,28,28,28,28,28,28,28,28,28,28,28,28,28,28,28,28,28,28,28],"relics":["Burning Blood","Ice Cream","War Paint","Odd Mushroom","Juzu Bracelet","Calling Bell","Happy Flower","Kunai","Girya","Pen Nib","Shuriken","Meat on the Bone","Nilry\u0027s Codex","Philosopher\u0027s Stone","Bag of Preparation","Pantograph","The Courier"],"card_choices":[{"not_picked":["Body Slam","Intimidate"],"picked":"Pummel","floor":1},{"not_picked":["Heavy Blade","Ghostly Armor"],"picked":"Iron Wave","floor":2},{"not_picked":["Perfected Strike","Warcry"],"picked":"Pommel Strike","floor":7},{"not_picked":["Clash","Rage"],"picked":"Shrug It Off","floor":11},{"not_picked":["True Grit","Wild Strike"],"picked":"Cleave","floor":12},{"not_picked":["Clothesline","Havoc"],"picked":"Heavy Blade","floor":14},{"not_picked":["Exhume","Bludgeon"],"picked":"Limit Break","floor":16},{"not_picked":["Sword Boomerang","Shockwave"],"picked":"Seeing Red","floor":31},{"not_picked":["Fiend Fire","Berserk"],"picked":"Double Tap","floor":33},{"not_picked":["Thunderclap","Flex"],"picked":"Spot Weakness","floor":42},{"not_picked":["Sever Soul","Dropkick"],"picked":"Twin Strike","floor":45},{"not_picked":["Armaments","Dual Wield"],"picked":"Inflame","floor":47},{"not_picked":["Cleave","Pommel Strike"],"picked":"Twin Strike","floor":48}],"player_experience":96865,"potions_floor_usage":[14,16,18,33,50,50,50],"damage_taken":[{"damage":0,"enemies":"2 Louse","floor":1,"turns":3},{"damage":7,"enemies":"Cultist","floor":2,"turns":5},{"damage":7,"enemies":"Jaw Worm","floor":7,"turns":5},{"damage":12,"enemies":"3 Louse","floor":11,"turns":3},{"damage":24,"enemies":"The Mushroom Lair","floor":12,"turns":6},{"damage":2,"enemies":"Exordium Thugs","floor":14,"turns":4},{"damage":47,"enemies":"Slime Boss","floor":16,"turns":10},{"damage":42,"enemies":"Shell Parasite","floor":18,"turns":10},{"damage":5,"enemies":"2 Thieves","floor":31,"turns":5},{"damage":26,"enemies":"Automaton","floor":33,"turns":9},{"damage":10,"enemies":"3 Darklings","floor":35,"turns":4},{"damage":4,"enemies":"Orb Walker","floor":38,"turns":3},{"damage":5,"enemies":"3 Darklings","floor":42,"turns":3},{"damage":25,"enemies":"4 Shapes","floor":45,"turns":7},{"damage":1,"enemies":"Maw","floor":47,"turns":6},{"damage":5,"enemies":"3 Darklings","floor":48,"turns":5},{"damage":24,"enemies":"Donu and Deca","floor":50,"turns":5}],"event_choices":[{"event_name":"The Woman in Blue","player_choice":"Bought 0 Potions","floor":3,"damage_taken":0},{"event_name":"Liars Game","player_choice":"agreed","floor":5,"damage_taken":0},{"event_name":"Mushrooms","player_choice":"Fought Mushrooms","floor":12,"damage_taken":0},{"event_name":"Accursed Blacksmith","player_choice":"Rummage","floor":13,"damage_taken":0},{"event_name":"Fountain of Cleansing","player_choice":"Removed Curse","floor":19,"damage_taken":0},{"event_name":"Drug Dealer","player_choice":"Got JAXXED","floor":20,"damage_taken":0},{"event_name":"Vampires","player_choice":"Became a vampire","floor":22,"damage_taken":0},{"event_name":"Ghosts","player_choice":"Became a Ghost","floor":24,"damage_taken":0},{"event_name":"The Library","player_choice":"Read","floor":27,"damage_taken":0},{"event_name":"Cursed Tome","player_choice":"Obtained Book","floor":29,"damage_taken":0},{"event_name":"Tomb of Lord Red Mask","player_choice":"Ignored","floor":36,"damage_taken":0},{"event_name":"Purifier","player_choice":"One Purge","floor":41,"damage_taken":0}],"boss_relics":[{"not_picked":["Astrolabe","Tiny House"],"picked":"Calling Bell"},{"not_picked":["Sozu","Cursed Key"],"picked":"Philosopher\u0027s Stone"}],"potions_floor_spawned":[7,11,16,18,35,45,47,48],"seed_played":"608400918985432802","ascension_level":0,"is_trial":false}