{"gold_per_floor":[116,81,81,17,27,58,58,72,72,72,141,156,156,168,168,265,265,277,297,71,82,11,11,11,110,110,128,138,138,153,153,153,153],"floor_reached":33,"playtime":1009,"items_purged":[],"score":346,"play_id":"7d3b70c8-3cd5-4f74-8efd-245032e10649","local_time":"20190223004142","is_ascension_mode":true,"campfire_choices":[{"floor":7,"key":"REST"},{"data":"Envenom","floor":13,"key":"SMITH"},{"floor":15,"key":"REST"},{"data":"Venomology","floor":23,"key":"SMITH"},{"floor":32,"key":"REST"}],"neow_cost":"TEN_PERCENT_HP_LOSS","seed_source_timestamp":87674966124116,"circlet_count":0,"master_deck":["Defend_G","Defend_G","Defend_G","Defend_G","Defend_G","Strike_G","Strike_G","Strike_G","Strike_G","Survivor","Neutralize","Envenom+1","Dagger Throw","Quick Slash+1","Heel Hook+1","Dagger Spray+1","Backstab+1","Venomology+1","Flying Knee+1","Sucker Punch+1","Footwork+1","Backstab+1","Quick Slash+1","Endless Agony+1","Venomology"],"relics":["Ring of the Snake","Molten Egg 2","Shuriken","Omamori","Busted Crown","Toy Ornithopter","PreservedInsect","Prayer Wheel"],"potions_floor_usage":[16,16,19,21,27,28,30,33,33,33],"damage_taken":[{"damage":10,"enemies":"Small Slimes","floor":1,"turns":4},{"damage":0,"enemies":"2 Louse","floor":5,"turns":3},{"damage":58,"enemies":"Gremlin Nob","floor":6,"turns":6},{"damage":0,"enemies":"Cultist","floor":8,"turns":3},{"damage":9,"enemies":"Exordium Wildlife","floor":12,"turns":6},{"damage":0,"enemies":"Large Slime","floor":14,"turns":4},{"damage":14,"enemies":"Hexaghost","floor":16,"turns":6},{"damage":14,"enemies":"Shell Parasite","floor":18,"turns":4},{"damage":14,"enemies":"2 Thieves","floor":19,"turns":2},{"damage":1,"enemies":"Centurion and Healer","floor":21,"turns":5},{"damage":1,"enemies":"Cultist and Chosen","floor":27,"turns":4},{"damage":13,"enemies":"Snake Plant","floor":28,"turns":3},{"damage":9,"enemies":"Colosseum Slavers","floor":29,"turns":2},{"damage":2,"enemies":"Snecko","floor":30,"turns":4},{"damage":55,"enemies":"Automaton","floor":33,"turns":6}],"seed_played":"5508598843910068824","potions_obtained":[{"floor":6,"key":"SteroidPotion"},{"floor":14,"key":"AttackPotion"},{"floor":21,"key":"Weak Potion"},{"floor":30,"key":"Poison Potion"}],"is_trial":false,"path_per_floor":["M","?","?","?","M","E","R","M","T","T","?","M","R","M","R","B",null,"M","M","$","M","$","R","?","?","T","M","M","?","M","?","R","B"],"character_chosen":"THE_SILENT","items_purchased":["Toy Ornithopter","Sucker Punch+1","Backstab+1"],"campfire_rested":3,"item_purchase_floors":[20,20,22],"current_hp_per_floor":[53,63,63,63,63,5,23,23,23,23,23,14,14,14,32,18,52,38,24,24,28,28,28,28,28,28,32,24,15,18,18,36,0],"gold":153,"neow_bonus":"THREE_RARE_CARDS","is_prod":false,"is_daily":false,"chose_seed":false,"campfire_upgraded":2,"win_rate":0,"timestamp":1550900502,"path_taken":["M","?","?","?","?","E","R","M","T","?","?","M","R","M","R","BOSS","M","M","$","M","$","R","?","?","T","M","M","?","M","?","R","BOSS"],"build_version":"2019-01-23","purchased_purges":0,"victory":false,"max_hp_per_floor":[63,63,63,63,63,63,63,63,63,63,63,63,63,63,63,63,63,63,63,63,63,63,63,63,63,63,63,63,63,63,63,63,63],"card_choices":[{"not_picked":["Phantasmal Killer","Burst"],"picked":"Envenom","floor":0},{"not_picked":["Backflip","Flechettes"],"picked":"Dagger Throw","floor":1},{"not_picked":["PiercingWail","Outmaneuver"],"picked":"Quick Slash+1","floor":5},{"not_picked":["Caltrops","A Thousand Cuts"],"picked":"Heel Hook+1","floor":6},{"not_picked":["Catalyst","Outmaneuver","Bane+1"],"picked":"SKIP","floor":8},{"not_picked":["Underhanded Strike+1","Dodge and Roll"],"picked":"Dagger Spray+1","floor":12},{"not_picked":["Backflip","Bane+1"],"picked":"Backstab+1","floor":14},{"not_picked":["A Thousand Cuts","Bullet Time"],"picked":"Venomology","floor":16},{"not_picked":[],"picked":"Flying Knee+1","floor":18},{"not_picked":["Concentrate"],"picked":"SKIP","floor":19},{"not_picked":[],"picked":"Footwork+1","floor":21},{"not_picked":["Cloak And Dagger"],"picked":"SKIP","floor":27},{"not_picked":["Prepared"],"picked":"SKIP","floor":27},{"not_picked":[],"picked":"Quick Slash+1","floor":28},{"not_picked":["Tactician+1"],"picked":"SKIP","floor":28},{"not_picked":[],"picked":"Endless Agony+1","floor":30},{"not_picked":["Escape Plan"],"picked":"SKIP","floor":30}],"player_experience":331435,"relics_obtained":[{"floor":6,"key":"Shuriken"},{"floor":9,"key":"Omamori"},{"floor":26,"key":"Prayer Wheel"}],"event_choices":[{"damage_healed":15,"gold_gain":0,"player_choice":"Healed","damage_taken":0,"max_hp_gain":0,"max_hp_loss":0,"event_name":"The Cleric","floor":2,"gold_loss":35},{"damage_healed":0,"gold_gain":0,"player_choice":"Ignored","damage_taken":0,"max_hp_gain":0,"max_hp_loss":0,"event_name":"Liars Game","floor":3,"gold_loss":0},{"damage_healed":0,"gold_gain":0,"player_choice":"Paid Gold","damage_taken":0,"relics_obtained":["Molten Egg 2"],"max_hp_gain":0,"max_hp_loss":0,"event_name":"WeMeetAgain","floor":4,"gold_loss":64},{"damage_healed":0,"gold_gain":69,"player_choice":"Gained Gold","damage_taken":0,"max_hp_gain":0,"max_hp_loss":0,"event_name":"Golden Wing","floor":11,"gold_loss":0},{"damage_healed":0,"gold_gain":0,"player_choice":"Stole Relic","damage_taken":0,"relics_obtained":["PreservedInsect"],"max_hp_gain":0,"max_hp_loss":0,"event_name":"Addict","floor":24,"gold_loss":0,"cards_obtained":["Shame"]},{"damage_healed":0,"gold_gain":99,"player_choice":"Stole From Cult","damage_taken":0,"max_hp_gain":0,"max_hp_loss":0,"event_name":"Nest","floor":25,"gold_loss":0},{"damage_healed":0,"gold_gain":0,"player_choice":"Fight","damage_taken":0,"max_hp_gain":0,"max_hp_loss":0,"event_name":"Colosseum","floor":29,"gold_loss":0},{"damage_healed":0,"gold_gain":0,"player_choice":"Fled From Nobs","damage_taken":0,"max_hp_gain":0,"max_hp_loss":0,"event_name":"Colosseum","floor":29,"gold_loss":0},{"damage_healed":0,"gold_gain":0,"cards_transformed":["Strike_G"],"player_choice":"Transformed","damage_taken":0,"max_hp_gain":0,"max_hp_loss":0,"event_name":"Transmorgrifier","floor":31,"gold_loss":0,"cards_obtained":["Venomology"]}],"is_beta":false,"boss_relics":[{"not_picked":["Philosopher\u0027s Stone","Ectoplasm"],"picked":"Busted Crown"}],"items_purged_floors":[],"is_endless":false,"potions_floor_spawned":[6,14,21,29,30],"killed_by":"Automaton","ascension_level":8}