{"gold_per_floor":[112,112,13,13,13,43,43,74,97,111,123,123,151,169,169,269,269,282,282,299,299,315,343,360,2,2,28,46,46,59,79,79,179,179,190,203,163,177,193,193,224,240,240,12,12,44,44,64,64,64,64,64,10,35,35],"floor_reached":55,"playtime":5835,"items_purged":["Strike_R"],"score":914,"play_id":"b1bc8846-0074-4a39-a681-80cb28e177f9","local_time":"20190120222206","is_ascension_mode":false,"campfire_choices":[{"data":"Pommel Strike","floor":7,"key":"SMITH"},{"data":"Shrug It Off","floor":12,"key":"SMITH"},{"data":"Perfected Strike","floor":15,"key":"SMITH"},{"floor":32,"key":"RECALL"},{"data":"Double Tap","floor":40,"key":"SMITH"},{"data":"Metallicize","floor":49,"key":"SMITH"},{"floor":52,"key":"REST"}],"neow_cost":"NONE","seed_source_timestamp":30742415128880,"circlet_count":0,"master_deck":["Strike_R+1","Strike_R+1","Strike_R+1","Defend_R+1","Defend_R+1","Defend_R+1","Defend_R+1","Bash+1","Disarm+1","Shrug It Off+1","Pommel Strike+1","Offering+1","Pommel Strike+1","Clothesline+1","Perfected Strike+1","Clash+1","Infernal Blade+1","Pommel Strike+1","Flex+1","Entrench+1","Shockwave+1","Feel No Pain+1","Clash+1","Ghostly+1","Ghostly+1","Ghostly+1","Ghostly+1","Ghostly+1","Disarm+1","Shrug It Off+1","Double Tap+1","Metallicize+1","Fire Breathing+1","Heavy Blade+1","Power Through+1","Feed+1","Dual Wield+1","Metallicize+1","Metamorphosis+1","Shrug It Off+1","Warcry+1","Shockwave+1"],"relics":["Burning Blood","NeowsBlessing","Potion Belt","Blood Vial","Omamori","Sundial","Mark of Pain","Necronomicon","Oddly Smooth Stone","Medical Kit","Pocketwatch","Bronze Scales","Sozu","Ancient Tea Set","Frozen Eye","Mark of the Bloom","Toxic Egg 2","Happy Flower"],"potions_floor_usage":[10,13,13,24,33,38,55,55],"damage_taken":[{"damage":0,"enemies":"2 Louse","floor":1,"turns":1},{"damage":0,"enemies":"Lagavulin","floor":6,"turns":1},{"damage":0,"enemies":"Gremlin Nob","floor":8,"turns":1},{"damage":6,"enemies":"Jaw Worm","floor":10,"turns":3},{"damage":4,"enemies":"Small Slimes","floor":11,"turns":4},{"damage":6,"enemies":"3 Sentries","floor":13,"turns":9},{"damage":15,"enemies":"Exordium Thugs","floor":14,"turns":5},{"damage":29,"enemies":"Slime Boss","floor":16,"turns":10},{"damage":24,"enemies":"2 Thieves","floor":18,"turns":4},{"damage":23,"enemies":"Spheric Guardian","floor":20,"turns":4},{"damage":15,"enemies":"Shelled Parasite and Fungi","floor":22,"turns":3},{"damage":8,"enemies":"Book of Stabbing","floor":23,"turns":5},{"damage":5,"enemies":"Snake Plant","floor":24,"turns":3},{"damage":30,"enemies":"Gremlin Leader","floor":27,"turns":4},{"damage":6,"enemies":"Cultist and Chosen","floor":28,"turns":4},{"damage":2,"enemies":"Centurion and Healer","floor":30,"turns":6},{"damage":3,"enemies":"Shelled Parasite and Fungi","floor":31,"turns":4},{"damage":6,"enemies":"Champ","floor":33,"turns":7},{"damage":0,"enemies":"3 Darklings","floor":35,"turns":6},{"damage":0,"enemies":"3 Shapes","floor":36,"turns":4},{"damage":17,"enemies":"Spire Growth","floor":38,"turns":5},{"damage":6,"enemies":"Jaw Worm Horde","floor":39,"turns":3},{"damage":10,"enemies":"Giant Head","floor":41,"turns":8},{"damage":0,"enemies":"4 Shapes","floor":42,"turns":5},{"damage":15,"enemies":"Nemesis","floor":46,"turns":7},{"damage":1,"enemies":"Spire Growth","floor":48,"turns":3},{"damage":13,"enemies":"Time Eater","floor":50,"turns":15},{"damage":9,"enemies":"Shield and Spear","floor":54,"turns":4},{"damage":6,"enemies":"The Heart","floor":55,"turns":3}],"seed_played":"448371425486041972","potions_obtained":[{"floor":6,"key":"Ancient Potion"},{"floor":8,"key":"EssenceOfSteel"},{"floor":10,"key":"Fruit Juice"},{"floor":16,"key":"Energy Potion"},{"floor":22,"key":"GamblersBrew"},{"floor":27,"key":"GamblersBrew"},{"floor":30,"key":"Energy Potion"},{"floor":31,"key":"Fire Potion"},{"floor":33,"key":"LiquidBronze"}],"is_trial":false,"path_per_floor":["M","?","$","?","?","E","R","E","T","M","M","R","E","M","R","B",null,"M","?","M","?","M","E","M","$","T","E","M","?","M","M","R","B",null,"M","M","?","M","M","R","E","M","T","$","?","E","?","M","R","B",null,"R","$","E","B"],"character_chosen":"IRONCLAD","items_purchased":["Shrug It Off","SkillPotion","Medical Kit","Feel No Pain","Frozen Eye","Dual Wield","Warcry+1"],"campfire_rested":1,"item_purchase_floors":[3,3,25,25,44,44,53],"current_hp_per_floor":[80,73,73,73,57,63,63,69,69,76,80,80,82,75,75,54,85,67,51,36,95,86,86,89,89,89,67,69,47,47,47,47,47,47,47,47,47,36,38,38,36,44,44,44,44,29,29,28,28,15,15,15,15,6,0],"gold":35,"neow_bonus":"THREE_ENEMY_KILL","is_prod":false,"is_daily":false,"chose_seed":false,"campfire_upgraded":5,"win_rate":0,"timestamp":1548022926,"path_taken":["M","?","$","?","?","E","R","E","T","M","M","R","E","M","R","BOSS","M","?","M","?","M","E","?","$","T","E","M","?","M","M","R","BOSS","M","M","?","M","M","R","E","?","T","$","?","E","?","M","R","BOSS","R","$","E","BOSS"],"build_version":"2019-01-17v2","purchased_purges":1,"victory":false,"max_hp_per_floor":[80,80,80,80,80,80,80,80,80,85,85,85,85,85,85,85,85,85,85,85,95,95,95,95,95,95,95,95,47,47,47,47,47,47,47,47,47,47,47,47,47,47,47,47,47,51,51,51,51,51,51,51,51,51,51],"card_choices":[{"not_picked":["Anger","Thunderclap"],"picked":"Disarm","floor":1},{"not_picked":["Clothesline","Uppercut"],"picked":"Pommel Strike","floor":6},{"not_picked":["Armaments","Thunderclap"],"picked":"Offering","floor":8},{"not_picked":["Clothesline","Shrug It Off"],"picked":"Pommel Strike","floor":10},{"not_picked":["True Grit","Twin Strike"],"picked":"Clothesline","floor":11},{"not_picked":["Corruption","Wild Strike"],"picked":"Perfected Strike","floor":13},{"not_picked":["Shockwave","Pummel"],"picked":"Clash","floor":14},{"not_picked":["Offering","Dark Embrace"],"picked":"Barricade","floor":16},{"not_picked":["Disarm","Headbutt"],"picked":"Infernal Blade","floor":18},{"not_picked":["Clothesline+1","Anger"],"picked":"Pommel Strike+1","floor":20},{"not_picked":["Armaments","Heavy Blade"],"picked":"Flex+1","floor":22},{"not_picked":["Bludgeon","True Grit"],"picked":"Entrench+1","floor":23},{"not_picked":["Anger","Headbutt"],"picked":"Shockwave","floor":24},{"not_picked":["Headbutt","Clothesline","Corruption"],"picked":"SKIP","floor":27},{"not_picked":["Infernal Blade","Sword Boomerang"],"picked":"Clash+1","floor":28},{"not_picked":["Shrug It Off","Pommel Strike+1"],"picked":"Disarm+1","floor":30},{"not_picked":["Anger","Combust"],"picked":"Shrug It Off+1","floor":31},{"not_picked":["Exhume","Dark Embrace"],"picked":"Double Tap","floor":33},{"not_picked":["Evolve","Uppercut"],"picked":"Metallicize","floor":35},{"not_picked":["Cleave+1","Second Wind"],"picked":"Fire Breathing","floor":36},{"not_picked":["Searing Blow","Body Slam+1","Sword Boomerang"],"picked":"SKIP","floor":38},{"not_picked":["Bloodletting+1","Warcry"],"picked":"Heavy Blade+1","floor":39},{"not_picked":["Twin Strike","Entrench+1"],"picked":"Power Through+1","floor":41},{"not_picked":["Anger+1","Whirlwind+1"],"picked":"Feed","floor":42},{"not_picked":["Infernal Blade","Pummel+1"],"picked":"Metallicize","floor":46},{"not_picked":["Purity+1","Dramatic Entrance"],"picked":"Metamorphosis+1","floor":47},{"not_picked":["Sword Boomerang","Heavy Blade+1"],"picked":"Shrug It Off+1","floor":48},{"not_picked":["Pommel Strike","Anger"],"picked":"Shockwave+1","floor":54}],"player_experience":107691,"relics_obtained":[{"floor":6,"key":"Potion Belt"},{"floor":8,"key":"Blood Vial"},{"floor":9,"key":"Omamori"},{"floor":13,"key":"Sundial"},{"floor":19,"key":"Necronomicon"},{"floor":23,"key":"Oddly Smooth Stone"},{"floor":26,"key":"Pocketwatch"},{"floor":27,"key":"Bronze Scales"},{"floor":41,"key":"Ancient Tea Set"},{"floor":46,"key":"Toxic Egg 2"},{"floor":54,"key":"Happy Flower"}],"event_choices":[{"cards_removed":["Strike_R"],"damage_healed":0,"gold_gain":0,"player_choice":"Card Removal","damage_taken":7,"max_hp_gain":0,"max_hp_loss":0,"event_name":"Golden Wing","floor":2,"gold_loss":0},{"damage_healed":0,"gold_gain":0,"player_choice":"Leave","damage_taken":0,"max_hp_gain":0,"max_hp_loss":0,"event_name":"The Cleric","floor":4,"gold_loss":0},{"damage_healed":0,"gold_gain":0,"player_choice":"Entered Light","damage_taken":16,"max_hp_gain":0,"max_hp_loss":0,"event_name":"Shining Light","floor":5,"gold_loss":0,"cards_upgraded":["Disarm","Strike_R"]},{"damage_healed":0,"gold_gain":0,"player_choice":"Obtained Book","damage_taken":16,"max_hp_gain":0,"max_hp_loss":0,"event_name":"Cursed Tome","floor":19,"gold_loss":0},{"cards_removed":["Barricade"],"damage_healed":49,"gold_gain":0,"player_choice":"Offered Rare","damage_taken":0,"max_hp_gain":10,"max_hp_loss":0,"event_name":"Bonfire Elementals","floor":21,"gold_loss":0},{"damage_healed":0,"gold_gain":0,"player_choice":"Became a Ghost","damage_taken":0,"max_hp_gain":0,"max_hp_loss":48,"event_name":"Ghosts","floor":29,"gold_loss":0,"cards_obtained":["Ghostly","Ghostly","Ghostly","Ghostly","Ghostly"]},{"damage_healed":0,"gold_gain":0,"player_choice":"Upgraded Two","damage_taken":0,"max_hp_gain":0,"max_hp_loss":0,"event_name":"Designer","floor":37,"gold_loss":40,"cards_upgraded":["Ghostly","Ghostly"]},{"damage_healed":0,"gold_gain":0,"player_choice":"Upgrade","damage_taken":0,"relics_obtained":["Mark of the Bloom"],"max_hp_gain":0,"max_hp_loss":0,"event_name":"MindBloom","floor":45,"gold_loss":0,"cards_upgraded":["Strike_R","Strike_R","Defend_R","Defend_R","Defend_R","Defend_R","Bash","Offering","Pommel Strike","Clothesline","Clash","Infernal Blade","Shockwave","Feel No Pain","Ghostly","Ghostly","Ghostly","Metallicize","Fire Breathing","Feed","Dual Wield"]},{"damage_healed":0,"gold_gain":0,"player_choice":"Memory 1","damage_taken":0,"max_hp_gain":0,"max_hp_loss":0,"event_name":"SensoryStone","floor":47,"gold_loss":0}],"is_beta":false,"boss_relics":[{"not_picked":["Black Star","Philosopher\u0027s Stone"],"picked":"Mark of Pain"},{"not_picked":["Eternal Feather","Coffee Dripper"],"picked":"Sozu"}],"items_purged_floors":[25],"is_endless":false,"potions_floor_spawned":[6,8,10,16,22,27,30,31,33,36,39,41,48,54],"killed_by":"The Heart","ascension_level":0}