{"gold_per_floor":[113,125,125,145,157,189,189,204,204,223,223,241,241,253,253,355,355,372,217,217,217,217,217,236,251,303,318,328,338,353,175,175,277,277,288,80,80,91,91],"floor_reached":39,"playtime":1612,"items_purged":[],"score":414,"play_id":"21259676-ea7b-491c-bc59-5f4c280beef8","local_time":"20190201030314","is_ascension_mode":false,"campfire_choices":[{"floor":7,"key":"REST"},{"data":"Perfected Strike","floor":13,"key":"SMITH"},{"data":"Perfected Strike","floor":15,"key":"SMITH"},{"data":"Flame Barrier","floor":23,"key":"SMITH"},{"data":"Inflame","floor":32,"key":"SMITH"}],"neow_cost":"PERCENT_DAMAGE","seed_source_timestamp":253427003210173,"circlet_count":0,"master_deck":["Strike_R+1","Strike_R+1","Strike_R+1","Strike_R+1","Strike_R+1","Defend_R+1","Defend_R+1","Defend_R+1","Defend_R+1","Bash","Perfected Strike+1","Clothesline+1","Impervious","Flame Barrier+1","Inflame+1","Perfected Strike+1","Immolate+1","Twin Strike","Chrysalis","Dark Embrace","Seeing Red+1","Madness","Madness"],"relics":["Black Blood","Bronze Scales","Mummified Hand","Busted Crown","Vajra","Whetstone","Strange Spoon"],"potions_floor_usage":[4,6,21,24,30,30,33,35],"damage_taken":[{"damage":6,"enemies":"Jaw Worm","floor":1,"turns":5},{"damage":14,"enemies":"Small Slimes","floor":2,"turns":4},{"damage":0,"enemies":"Cultist","floor":4,"turns":2},{"damage":5,"enemies":"Blue Slaver","floor":5,"turns":4},{"damage":39,"enemies":"3 Sentries","floor":6,"turns":12},{"damage":9,"enemies":"Looter","floor":8,"turns":3},{"damage":13,"enemies":"Lots of Slimes","floor":10,"turns":4},{"damage":11,"enemies":"Exordium Thugs","floor":12,"turns":5},{"damage":0,"enemies":"Large Slime","floor":14,"turns":3},{"damage":42,"enemies":"Hexaghost","floor":16,"turns":9},{"damage":0,"enemies":"Chosen","floor":18,"turns":3},{"damage":0,"enemies":"Masked Bandits","floor":21,"turns":1},{"damage":14,"enemies":"2 Thieves","floor":24,"turns":3},{"damage":0,"enemies":"Chosen and Byrds","floor":25,"turns":3},{"damage":0,"enemies":"Cultist and Chosen","floor":27,"turns":4},{"damage":11,"enemies":"Snecko","floor":28,"turns":4},{"damage":2,"enemies":"Chosen and Byrds","floor":29,"turns":5},{"damage":4,"enemies":"Centurion and Healer","floor":30,"turns":3},{"damage":69,"enemies":"Champ","floor":33,"turns":11},{"damage":38,"enemies":"3 Darklings","floor":35,"turns":5},{"damage":5,"enemies":"Orb Walker","floor":38,"turns":3},{"damage":65,"enemies":"Writhing Mass","floor":39,"turns":4}],"seed_played":"7117196810842765205","potions_obtained":[{"floor":2,"key":"Swift Potion"},{"floor":5,"key":"SteroidPotion"},{"floor":14,"key":"SpeedPotion"},{"floor":16,"key":"SmokeBomb"},{"floor":24,"key":"Poison Potion"},{"floor":27,"key":"Fire Potion"},{"floor":29,"key":"PowerPotion"},{"floor":33,"key":"AttackPotion"}],"is_trial":false,"path_per_floor":["M","M","?","M","M","E","R","M","T","M","?","M","R","M","R","B",null,"M","$","?","?","?","R","M","M","T","M","M","M","M","$","R","B",null,"M","$","?","M","M"],"character_chosen":"IRONCLAD","items_purchased":["Vajra","Chrysalis","Strange Spoon"],"campfire_rested":1,"item_purchase_floors":[19,31,36],"current_hp_per_floor":[72,64,45,51,52,19,47,44,44,37,96,91,91,96,96,60,96,96,96,96,96,96,96,88,94,94,96,91,95,96,96,96,33,96,68,68,56,61,0],"gold":91,"neow_bonus":"TWENTY_PERCENT_HP_BONUS","is_prod":false,"is_daily":false,"chose_seed":false,"campfire_upgraded":4,"win_rate":0,"timestamp":1549002794,"path_taken":["M","M","?","M","M","E","R","M","T","M","?","M","R","M","R","BOSS","M","$","?","?","?","R","?","?","T","M","M","M","M","$","R","BOSS","M","$","?","M","M"],"build_version":"2019-01-23","purchased_purges":0,"victory":false,"max_hp_per_floor":[96,96,96,96,96,96,96,96,96,96,96,96,96,96,96,96,96,96,96,96,96,96,96,96,96,96,96,96,96,96,96,96,96,96,96,96,96,96,96],"card_choices":[{"not_picked":["Corruption","Clash"],"picked":"Perfected Strike","floor":1},{"not_picked":["Warcry","Heavy Blade"],"picked":"Clothesline","floor":2},{"not_picked":["Rage","Twin Strike"],"picked":"Impervious","floor":4},{"not_picked":["Warcry","Wild Strike"],"picked":"Flame Barrier","floor":5},{"not_picked":["Clash","Reckless Charge"],"picked":"Burning Pact","floor":6},{"not_picked":["Flame Barrier","Heavy Blade"],"picked":"Inflame","floor":8},{"not_picked":["Thunderclap","Anger","True Grit"],"picked":"SKIP","floor":10},{"not_picked":["Thunderclap","Sword Boomerang"],"picked":"Perfected Strike","floor":12},{"not_picked":["Sentinel","Sword Boomerang","Body Slam"],"picked":"SKIP","floor":14},{"not_picked":["Dark Embrace","Brutality"],"picked":"Immolate","floor":16},{"not_picked":["Thunderclap"],"picked":"SKIP","floor":18},{"not_picked":["Flex"],"picked":"SKIP","floor":24},{"not_picked":["Rampage"],"picked":"SKIP","floor":25},{"not_picked":[],"picked":"Twin Strike","floor":27},{"not_picked":["Cleave"],"picked":"SKIP","floor":28},{"not_picked":["Iron Wave+1"],"picked":"SKIP","floor":29},{"not_picked":["Fiend Fire"],"picked":"SKIP","floor":30},{"not_picked":[],"picked":"Dark Embrace","floor":33},{"not_picked":[],"picked":"Seeing Red+1","floor":35},{"not_picked":["Heavy Blade"],"picked":"SKIP","floor":38}],"player_experience":621880,"relics_obtained":[{"floor":6,"key":"Bronze Scales"},{"floor":9,"key":"Mummified Hand"},{"floor":26,"key":"Whetstone"}],"event_choices":[{"damage_healed":0,"gold_gain":0,"player_choice":"Entered Light","damage_taken":19,"max_hp_gain":0,"max_hp_loss":0,"event_name":"Shining Light","floor":3,"gold_loss":0,"cards_upgraded":["Strike_R","Defend_R"]},{"cards_removed":["Burning Pact"],"damage_healed":59,"gold_gain":0,"player_choice":"Offered Uncommon","damage_taken":0,"max_hp_gain":0,"max_hp_loss":0,"event_name":"Bonfire Elementals","floor":11,"gold_loss":0},{"damage_healed":0,"gold_gain":0,"player_choice":"Ignored","damage_taken":0,"max_hp_gain":0,"max_hp_loss":0,"event_name":"Vampires","floor":20,"gold_loss":0},{"damage_healed":0,"gold_gain":0,"player_choice":"Fought Bandits","damage_taken":0,"max_hp_gain":0,"max_hp_loss":0,"event_name":"Masked Bandits","floor":21,"gold_loss":0},{"damage_healed":0,"gold_gain":0,"player_choice":"Simplicity","damage_taken":0,"max_hp_gain":0,"max_hp_loss":0,"event_name":"Back to Basics","floor":22,"gold_loss":0,"cards_upgraded":["Strike_R","Strike_R","Strike_R","Strike_R","Defend_R","Defend_R","Defend_R"]},{"damage_healed":0,"gold_gain":0,"player_choice":"Embrace Madness","damage_taken":12,"max_hp_gain":0,"max_hp_loss":0,"event_name":"Winding Halls","floor":37,"gold_loss":0,"cards_obtained":["Madness","Madness"]}],"is_beta":true,"boss_relics":[{"not_picked":["Tiny House","Coffee Dripper"],"picked":"Busted Crown"},{"not_picked":["Sozu","Velvet Choker"],"picked":"Black Blood"}],"items_purged_floors":[],"is_endless":false,"potions_floor_spawned":[2,5,14,16,24,27,29,33],"killed_by":"Writhing Mass","ascension_level":0}