{"gold_per_floor":[363,119,132,151,2,34,52,68,68,68,68,81,99,121,121,221,221,234,252,156,184,202,202,202,212,236,252,267,297,96,113,113,209,209,228,55,2,2,27,27,52,52,52,66,66,66,66,86,86,86],"floor_reached":51,"playtime":2754,"items_purged":["Pain","Strike_R+1"],"score":739,"play_id":"d9bf83b1-ceba-4690-9abd-7db11d04efe5","local_time":"20181220051512","is_ascension_mode":true,"campfire_choices":[{"floor":11,"key":"REST"},{"data":"Demon Form","floor":15,"key":"SMITH"},{"floor":23,"key":"REST"},{"data":"Shrug It Off","floor":32,"key":"SMITH"},{"data":"Magnetism","floor":40,"key":"SMITH"},{"data":"Shockwave","floor":46,"key":"SMITH"},{"data":"Iron Wave","floor":49,"key":"SMITH"}],"neow_cost":"CURSE","seed_source_timestamp":554843820945698,"circlet_count":0,"master_deck":["Strike_R+1","Strike_R+1","Strike_R+1","Strike_R+1","Defend_R+1","Defend_R+1","Defend_R+1","Defend_R+1","Bash","Shockwave+1","Apotheosis+1","Cleave","Blood for Blood","Demon Form+1","Shrug It Off","Impervious","Battle Trance","Sever Soul","Iron Wave+1","Reaper","Metallicize+1","Dramatic Entrance","Second Wind","Pummel","Double Tap","Flame Barrier","Shrug It Off+1","Impervious","Magnetism+1","Disarm+1"],"relics":["Burning Blood","Oddly Smooth Stone","Blood Vial","Odd Mushroom","Eternal Feather","Red Mask","Vajra","Omamori","Coffee Dripper","Question Card","Lantern","Darkstone Periapt","Paper Frog"],"potions_floor_usage":[7,8,16,18,21,22,25,44,48],"damage_taken":[{"damage":14,"enemies":"Cultist","floor":1,"turns":5},{"damage":0,"enemies":"Small Slimes","floor":3,"turns":4},{"damage":4,"enemies":"Jaw Worm","floor":4,"turns":3},{"damage":18,"enemies":"Lagavulin","floor":6,"turns":6},{"damage":12,"enemies":"3 Louse","floor":7,"turns":3},{"damage":11,"enemies":"Exordium Thugs","floor":8,"turns":5},{"damage":4,"enemies":"Exordium Wildlife","floor":12,"turns":3},{"damage":13,"enemies":"Looter","floor":13,"turns":3},{"damage":9,"enemies":"The Mushroom Lair","floor":14,"turns":4},{"damage":26,"enemies":"Slime Boss","floor":16,"turns":6},{"damage":32,"enemies":"3 Byrds","floor":18,"turns":6},{"damage":31,"enemies":"Spheric Guardian","floor":19,"turns":6},{"damage":32,"enemies":"Masked Bandits","floor":21,"turns":6},{"damage":8,"enemies":"Snake Plant","floor":22,"turns":6},{"damage":32,"enemies":"3 Cultists","floor":25,"turns":6},{"damage":17,"enemies":"Sentry and Sphere","floor":27,"turns":5},{"damage":22,"enemies":"Cultist and Chosen","floor":28,"turns":5},{"damage":8,"enemies":"Gremlin Leader","floor":29,"turns":9},{"damage":11,"enemies":"Snecko","floor":31,"turns":5},{"damage":51,"enemies":"Champ","floor":33,"turns":12},{"damage":5,"enemies":"Orb Walker","floor":35,"turns":4},{"damage":28,"enemies":"Reptomancer","floor":41,"turns":6},{"damage":38,"enemies":"3 Darklings","floor":44,"turns":4},{"damage":13,"enemies":"Jaw Worm Horde","floor":48,"turns":6},{"damage":65,"enemies":"Donu and Deca","floor":50,"turns":9}],"seed_played":"-3629069337363632228","potions_obtained":[{"floor":6,"key":"Weak Potion"},{"floor":7,"key":"Swift Potion"},{"floor":13,"key":"Swift Potion"},{"floor":14,"key":"BloodPotion"},{"floor":19,"key":"FearPotion"},{"floor":21,"key":"Block Potion"},{"floor":22,"key":"Weak Potion"},{"floor":33,"key":"Swift Potion"},{"floor":44,"key":"Poison Potion"}],"is_trial":false,"path_per_floor":["M","$","M","M","$","E","M","M","T","?","R","M","M","?","R","B",null,"M","M","$","?","M","R","?","M","T","M","M","E","$","M","R","B",null,"M","$","?","$","T","R","E","$","T","M","?","R","$","M","R","B",null],"character_chosen":"IRONCLAD","items_purchased":["Apotheosis","Demon Form","Dramatic Entrance","Flame Barrier","Shrug It Off","Magnetism"],"campfire_rested":2,"item_purchase_floors":[2,5,20,30,30,36],"current_hp_per_floor":[72,72,78,80,80,68,62,57,57,57,80,80,73,72,72,62,80,54,31,31,7,7,43,43,34,34,39,35,78,78,80,80,57,80,80,80,80,80,80,80,71,71,71,48,80,80,80,73,80,69],"gold":86,"neow_bonus":"TWO_FIFTY_GOLD","is_prod":false,"is_daily":false,"chose_seed":false,"campfire_upgraded":5,"win_rate":0,"timestamp":1545295512,"path_taken":["M","$","M","M","$","E","M","M","T","?","R","M","?","?","R","BOSS","M","M","$","?","M","R","?","M","T","M","M","E","$","M","R","BOSS","M","$","?","?","?","R","E","$","T","M","?","R","$","?","R","BOSS"],"build_version":"2018-12-19","purchased_purges":2,"victory":true,"max_hp_per_floor":[80,80,80,80,80,80,80,80,80,80,80,80,80,80,80,80,80,80,80,80,80,80,80,80,80,80,80,80,80,80,80,80,80,80,80,80,80,80,80,80,80,80,80,80,80,80,80,80,80,80],"card_choices":[{"not_picked":["True Grit","Thunderclap"],"picked":"Shockwave","floor":1},{"not_picked":["Bloodletting","Corruption"],"picked":"Cleave","floor":3},{"not_picked":["Power Through","Clash"],"picked":"Blood for Blood","floor":4},{"not_picked":["Hemokinesis","Rupture"],"picked":"Shrug It Off","floor":6},{"not_picked":["Armaments","Sentinel"],"picked":"Impervious","floor":7},{"not_picked":["Shrug It Off","Warcry"],"picked":"Battle Trance","floor":8},{"not_picked":["Flex","Rupture"],"picked":"Sever Soul","floor":12},{"not_picked":["Anger","Havoc"],"picked":"Iron Wave","floor":13},{"not_picked":["Juggernaut","Demon Form"],"picked":"Reaper","floor":16},{"not_picked":["Warcry","Cleave","Body Slam+1"],"picked":"SKIP","floor":18},{"not_picked":["Heavy Blade","Twin Strike+1"],"picked":"Metallicize+1","floor":19},{"not_picked":["Armaments","Power Through","Clash"],"picked":"SKIP","floor":22},{"not_picked":["True Grit","Heavy Blade","Iron Wave+1"],"picked":"SKIP","floor":25},{"not_picked":["Clash","Ghostly Armor"],"picked":"Second Wind","floor":27},{"not_picked":["Pommel Strike","Dropkick+1"],"picked":"Pummel","floor":28},{"not_picked":["Pummel","True Grit"],"picked":"Double Tap","floor":29},{"not_picked":["Armaments","Clash","Wild Strike"],"picked":"SKIP","floor":31},{"not_picked":["Bludgeon","Demon Form"],"picked":"Impervious","floor":33},{"not_picked":["Pummel+1","Power Through","Clothesline+1"],"picked":"SKIP","floor":35},{"not_picked":["Havoc","Anger","Shrug It Off","Reckless Charge"],"picked":"SKIP","floor":41},{"not_picked":["Cleave","Pommel Strike+1","Heavy Blade","Metallicize"],"picked":"SKIP","floor":44},{"not_picked":["Ghostly Armor","Sword Boomerang+1","Battle Trance+1"],"picked":"Disarm+1","floor":48}],"player_experience":522137,"relics_obtained":[{"floor":6,"key":"Oddly Smooth Stone"},{"floor":9,"key":"Blood Vial"},{"floor":14,"key":"Odd Mushroom"},{"floor":21,"key":"Red Mask"},{"floor":26,"key":"Vajra"},{"floor":29,"key":"Omamori"},{"floor":39,"key":"Lantern"},{"floor":41,"key":"Darkstone Periapt"},{"floor":43,"key":"Paper Frog"}],"event_choices":[{"damage_healed":0,"gold_gain":0,"player_choice":"Forge","damage_taken":0,"max_hp_gain":0,"max_hp_loss":0,"event_name":"Accursed Blacksmith","floor":10,"gold_loss":0,"cards_upgraded":["Apotheosis"]},{"damage_healed":0,"gold_gain":0,"player_choice":"Fought Mushrooms","damage_taken":0,"max_hp_gain":0,"max_hp_loss":0,"event_name":"Mushrooms","floor":14,"gold_loss":0},{"damage_healed":0,"gold_gain":0,"player_choice":"Fought Bandits","damage_taken":0,"max_hp_gain":0,"max_hp_loss":0,"event_name":"Masked Bandits","floor":21,"gold_loss":0},{"damage_healed":0,"gold_gain":0,"player_choice":"Simplicity","damage_taken":0,"max_hp_gain":0,"max_hp_loss":0,"event_name":"Back to Basics","floor":24,"gold_loss":0,"cards_upgraded":["Strike_R","Strike_R","Strike_R","Strike_R","Strike_R","Defend_R","Defend_R","Defend_R","Defend_R"]},{"damage_healed":0,"gold_gain":0,"player_choice":"Paid Gold","damage_taken":0,"relics_obtained":["Question Card"],"max_hp_gain":0,"max_hp_loss":0,"event_name":"WeMeetAgain","floor":37,"gold_loss":53},{"damage_healed":32,"gold_gain":0,"player_choice":"Heal","damage_taken":0,"max_hp_gain":0,"max_hp_loss":0,"event_name":"MindBloom","floor":45,"gold_loss":0,"cards_obtained":["Doubt"]}],"is_beta":true,"boss_relics":[{"not_picked":["Runic Cube","Tiny House"],"picked":"Eternal Feather"},{"not_picked":["Lizard Tail","Black Star"],"picked":"Coffee Dripper"}],"items_purged_floors":[2,30],"is_endless":false,"potions_floor_spawned":[6,7,13,14,19,21,22,33,44],"ascension_level":2}