{"gold_per_floor":[114,114,127,127,127,154,164,164,164,164,164,9,32,71,71,71],"floor_reached":16,"playtime":612,"items_purged":["Injury"],"score":113,"play_id":"0d8990c7-fe15-4ecf-a19f-f8a8cbc0c415","local_time":"20181213214811","is_ascension_mode":true,"campfire_choices":[{"floor":8,"key":"REST"},{"floor":15,"key":"REST"}],"neow_cost":"NONE","seed_source_timestamp":11788673845215,"circlet_count":0,"master_deck":["Defend_G","Defend_G","Defend_G","Defend_G","Strike_G","Strike_G","Strike_G","Strike_G","Strike_G","Survivor","Neutralize","Skewer","Setup","Caltrops","Endless Agony","Finisher","Backflip"],"relics":["Philosopher\u0027s Stone","Bottled Lightning","Kunai","Golden Idol","Bronze Scales"],"potions_floor_usage":[6,14],"damage_taken":[{"damage":1,"enemies":"Small Slimes","floor":1,"turns":4},{"damage":0,"enemies":"Cultist","floor":3,"turns":3},{"damage":53,"enemies":"Gremlin Nob","floor":6,"turns":6},{"damage":6,"enemies":"Jaw Worm","floor":7,"turns":4},{"damage":10,"enemies":"Large Slime","floor":13,"turns":5},{"damage":13,"enemies":"Lagavulin","floor":14,"turns":6},{"damage":43,"enemies":"The Guardian","floor":16,"turns":6}],"seed_played":"1539372985155225846","potions_obtained":[{"floor":1,"key":"Regen Potion"},{"floor":7,"key":"Strength Potion"}],"is_trial":false,"path_per_floor":["M","?","M","?","$","E","M","R","T","$","?","$","M","E","R","B"],"character_chosen":"THE_SILENT","items_purchased":["Finisher"],"campfire_rested":2,"item_purchase_floors":[12],"current_hp_per_floor":[69,69,69,69,69,28,22,43,43,43,43,43,33,20,41,0],"gold":71,"neow_bonus":"BOSS_RELIC","is_prod":false,"is_daily":false,"chose_seed":false,"campfire_upgraded":0,"win_rate":0,"timestamp":1544750291,"path_taken":["M","?","?","?","$","E","M","R","T","$","?","$","M","E","R","BOSS"],"build_version":"2018-12-13","purchased_purges":1,"victory":false,"max_hp_per_floor":[70,70,70,70,70,70,70,70,70,70,70,70,70,70,70,70],"card_choices":[{"not_picked":["Tactician","Flying Knee"],"picked":"Skewer","floor":1},{"not_picked":["Flying Knee","Cloak And Dagger","Deflect"],"picked":"SKIP","floor":3},{"not_picked":["Reflex","Flying Knee"],"picked":"Caltrops","floor":6},{"not_picked":["Flechettes","Catalyst"],"picked":"Endless Agony","floor":7},{"not_picked":["Cloak And Dagger","Choke","Bane"],"picked":"SKIP","floor":13},{"not_picked":["Doppelganger","Sucker Punch"],"picked":"Backflip","floor":14}],"player_experience":508327,"relics_obtained":[{"floor":6,"key":"Bottled Lightning"},{"floor":9,"key":"Kunai"},{"floor":14,"key":"Bronze Scales"}],"event_choices":[{"damage_healed":0,"gold_gain":0,"cards_transformed":["Defend_G"],"player_choice":"Transformed","damage_taken":0,"max_hp_gain":0,"max_hp_loss":0,"event_name":"Transmorgrifier","floor":2,"gold_loss":0,"cards_obtained":["Setup"]},{"damage_healed":0,"gold_gain":0,"player_choice":"Leave","damage_taken":0,"max_hp_gain":0,"max_hp_loss":0,"event_name":"The Cleric","floor":4,"gold_loss":0},{"damage_healed":0,"gold_gain":0,"player_choice":"Take Wound","damage_taken":0,"relics_obtained":["Golden Idol"],"max_hp_gain":0,"max_hp_loss":0,"event_name":"Golden Idol","floor":11,"gold_loss":0,"cards_obtained":["Injury"]}],"is_beta":true,"boss_relics":[],"items_purged_floors":[12],"is_endless":false,"potions_floor_spawned":[1,7],"killed_by":"The Guardian","ascension_level":1}