{"gold_per_floor":[11,25,25,25,37,48,64,96,174,194,207,221,221,221,221,326,326,337,50,150,165,183,183,216,48,101,116,127,127,127,139,139,235,235,253,1,21,36,36,62,62,89,114,114,127,0,10,10,10,10],"floor_reached":51,"playtime":3714,"items_purged":["Strike_R"],"score":733,"play_id":"9726da04-ffb6-4d1e-a613-28c93b41a0ae","local_time":"20190109215111","is_ascension_mode":false,"campfire_choices":[{"floor":15,"key":"REST"},{"data":"Dual Wield","floor":23,"key":"SMITH"},{"floor":29,"key":"REST"},{"floor":32,"key":"REST"},{"data":"Heavy Blade","floor":41,"key":"SMITH"},{"floor":49,"key":"REST"}],"neow_cost":"NO_GOLD","seed_source_timestamp":10168684992986,"circlet_count":0,"master_deck":["Strike_R","Strike_R","Strike_R","Defend_R","Defend_R","Defend_R","Bash","Heavy Blade+1","Pommel Strike","Inflame","Pommel Strike","Shrug It Off","Spot Weakness","Dual Wield+1","Impervious","Clash+1","Flex","Cleave","Seeing Red","Pummel","Flex","Uppercut+1","Juggernaut","Clash+1","Sword Boomerang","Heavy Blade+1","Dropkick","Heavy Blade","Twin Strike+1","Warcry+1"],"relics":["Burning Blood","WarpedTongs","Ancient Tea Set","Sundial","CultistMask","Busted Crown","Shuriken","Ice Cream","Bag of Preparation","Sozu","Brimstone","Juzu Bracelet","Strawberry","Red Skull","Red Mask"],"potions_floor_usage":[6,24,28,33,35,50],"damage_taken":[{"damage":13,"enemies":"Cultist","floor":1,"turns":5},{"damage":5,"enemies":"Jaw Worm","floor":2,"turns":4},{"damage":2,"enemies":"2 Louse","floor":5,"turns":2},{"damage":33,"enemies":"Exordium Thugs","floor":6,"turns":5},{"damage":13,"enemies":"Lots of Slimes","floor":7,"turns":5},{"damage":20,"enemies":"3 Sentries","floor":8,"turns":8},{"damage":4,"enemies":"Large Slime","floor":10,"turns":5},{"damage":11,"enemies":"2 Fungi Beasts","floor":11,"turns":3},{"damage":13,"enemies":"Gremlin Gang","floor":12,"turns":6},{"damage":21,"enemies":"The Guardian","floor":16,"turns":6},{"damage":10,"enemies":"2 Thieves","floor":18,"turns":4},{"damage":0,"enemies":"Chosen","floor":21,"turns":3},{"damage":22,"enemies":"Snecko","floor":22,"turns":4},{"damage":24,"enemies":"Gremlin Leader","floor":24,"turns":4},{"damage":10,"enemies":"Sentry and Sphere","floor":27,"turns":5},{"damage":28,"enemies":"Shelled Parasite and Fungi","floor":28,"turns":4},{"damage":6,"enemies":"Centurion and Healer","floor":31,"turns":4},{"damage":35,"enemies":"Automaton","floor":33,"turns":7},{"damage":26,"enemies":"3 Darklings","floor":35,"turns":3},{"damage":0,"enemies":"Orb Walker","floor":37,"turns":2},{"damage":12,"enemies":"Spire Growth","floor":38,"turns":2},{"damage":0,"enemies":"Giant Head","floor":40,"turns":4},{"damage":17,"enemies":"Reptomancer","floor":42,"turns":3},{"damage":38,"enemies":"Writhing Mass","floor":45,"turns":3},{"damage":0,"enemies":"Sphere and 2 Shapes","floor":47,"turns":3},{"damage":34,"enemies":"Time Eater","floor":50,"turns":4}],"seed_played":"-3412873110683838220","potions_obtained":[{"floor":1,"key":"EssenceOfSteel"},{"floor":6,"key":"SpeedPotion"},{"floor":11,"key":"Ancient Potion"},{"floor":16,"key":"GamblersBrew"},{"floor":18,"key":"SkillPotion"},{"floor":27,"key":"Poison Potion"},{"floor":28,"key":"LiquidBronze"}],"is_trial":false,"path_per_floor":["M","M","?","$","M","M","M","E","T","M","M","M","?","?","R","B",null,"M","$","?","M","M","R","E","$","T","M","M","R","?","M","R","B",null,"M","$","M","M","?","E","R","E","T","?","M","?","M","$","R","B",null],"character_chosen":"IRONCLAD","items_purchased":["Flex","Shuriken","Pummel","Flex","Brimstone","Sword Boomerang"],"campfire_rested":4,"item_purchase_floors":[19,19,25,25,36,36],"current_hp_per_floor":[73,74,74,74,78,51,44,30,30,32,27,20,20,20,44,29,80,76,76,76,80,64,64,46,46,46,42,20,44,29,29,54,25,85,65,65,71,65,65,71,71,67,67,67,35,35,41,41,68,40],"gold":10,"neow_bonus":"REMOVE_TWO","is_prod":false,"is_daily":false,"chose_seed":false,"campfire_upgraded":2,"win_rate":0,"timestamp":1547070671,"path_taken":["M","?","?","?","M","M","M","E","T","M","M","?","?","?","R","BOSS","M","$","?","M","?","R","E","$","T","M","M","R","?","M","R","BOSS","M","$","M","M","?","E","R","E","T","?","M","?","M","$","R","BOSS"],"build_version":"2019-01-03v4","purchased_purges":1,"victory":true,"max_hp_per_floor":[80,80,80,80,80,80,80,80,80,80,80,80,80,80,80,80,80,80,80,80,80,80,80,80,80,80,80,80,80,85,85,85,85,85,85,85,85,85,85,85,85,92,92,92,92,92,92,92,92,92],"card_choices":[{"not_picked":["Carnage","Perfected Strike"],"picked":"Heavy Blade","floor":1},{"not_picked":["Headbutt","Clash","Wild Strike"],"picked":"SKIP","floor":2},{"not_picked":["Thunderclap","Clothesline"],"picked":"Pommel Strike","floor":5},{"not_picked":["Entrench","Body Slam","Uppercut"],"picked":"SKIP","floor":6},{"not_picked":["Clothesline","Perfected Strike"],"picked":"Inflame","floor":7},{"not_picked":["Sever Soul","Blood for Blood"],"picked":"Pommel Strike","floor":8},{"not_picked":["Warcry","Clothesline"],"picked":"Shrug It Off","floor":10},{"not_picked":["Blood for Blood","Clash"],"picked":"Spot Weakness","floor":11},{"not_picked":["Clash","True Grit"],"picked":"Dual Wield","floor":12},{"not_picked":["Offering","Dark Embrace"],"picked":"Impervious","floor":16},{"not_picked":[],"picked":"Clash+1","floor":18},{"not_picked":[],"picked":"Cleave","floor":21},{"not_picked":[],"picked":"Seeing Red","floor":22},{"not_picked":["Corruption"],"picked":"SKIP","floor":24},{"not_picked":["Evolve"],"picked":"SKIP","floor":27},{"not_picked":["Evolve"],"picked":"SKIP","floor":28},{"not_picked":[],"picked":"Uppercut+1","floor":31},{"not_picked":[],"picked":"Juggernaut","floor":33},{"not_picked":[],"picked":"Clash+1","floor":35},{"not_picked":[],"picked":"Heavy Blade+1","floor":37},{"not_picked":[],"picked":"Dropkick","floor":38},{"not_picked":["Headbutt"],"picked":"SKIP","floor":40},{"not_picked":[],"picked":"Heavy Blade","floor":42},{"not_picked":[],"picked":"Twin Strike+1","floor":45},{"not_picked":[],"picked":"Warcry+1","floor":47}],"player_experience":43908,"relics_obtained":[{"floor":8,"key":"Ancient Tea Set"},{"floor":9,"key":"Sundial"},{"floor":24,"key":"Ice Cream"},{"floor":26,"key":"Bag of Preparation"},{"floor":40,"key":"Juzu Bracelet"},{"floor":42,"key":"Strawberry"},{"floor":43,"key":"Red Skull"}],"event_choices":[{"damage_healed":0,"gold_gain":0,"player_choice":"Rummage","damage_taken":0,"relics_obtained":["WarpedTongs"],"max_hp_gain":0,"max_hp_loss":0,"event_name":"Accursed Blacksmith","floor":3,"gold_loss":0,"cards_obtained":["Pain"]},{"cards_removed":["Pain"],"damage_healed":0,"gold_gain":0,"player_choice":"Forget","damage_taken":0,"max_hp_gain":0,"max_hp_loss":0,"event_name":"Living Wall","floor":13,"gold_loss":0},{"damage_healed":0,"gold_gain":0,"player_choice":"Trade","damage_taken":0,"relics_obtained":["CultistMask"],"max_hp_gain":0,"max_hp_loss":0,"event_name":"FaceTrader","floor":14,"gold_loss":0},{"damage_healed":0,"gold_gain":100,"player_choice":"Pray","damage_taken":0,"max_hp_gain":0,"max_hp_loss":0,"event_name":"Golden Shrine","floor":20,"gold_loss":0},{"damage_healed":0,"gold_gain":0,"player_choice":"Shed Blood","damage_taken":20,"max_hp_gain":5,"max_hp_loss":0,"event_name":"Forgotten Altar","floor":30,"gold_loss":0},{"damage_healed":0,"gold_gain":0,"player_choice":"Got Potions","damage_taken":0,"max_hp_gain":0,"max_hp_loss":0,"event_name":"Lab","floor":39,"gold_loss":0},{"damage_healed":0,"gold_gain":0,"player_choice":"Ignored","damage_taken":0,"max_hp_gain":0,"max_hp_loss":0,"event_name":"NoteForYourself","floor":44,"gold_loss":0},{"damage_healed":0,"gold_gain":0,"player_choice":"Paid","damage_taken":0,"relics_obtained":["Red Mask"],"max_hp_gain":0,"max_hp_loss":0,"event_name":"Tomb of Lord Red Mask","floor":46,"gold_loss":127}],"is_beta":false,"boss_relics":[{"not_picked":["Snecko Eye","Astrolabe"],"picked":"Busted Crown"},{"not_picked":["Runic Dome","Cursed Key"],"picked":"Sozu"}],"items_purged_floors":[25],"is_endless":false,"potions_floor_spawned":[1,6,11,16,18,27,28,37,38,40,42,47],"ascension_level":0}