{"path_per_floor":["M","?","?","$","M","R","M","?","T","M","M","R","M","$","R","B",null,"M","$","?","M","?"],"character_chosen":"THE_SILENT","items_purchased":["Apotheosis","Anchor"],"gold_per_floor":[112,112,112,112,136,136,157,188,188,207,230,230,249,61,61,191,191,211,66,66,77,77],"floor_reached":23,"campfire_rested":2,"playtime":1932,"current_hp_per_floor":[66,66,49,49,49,70,68,66,66,47,42,69,67,67,70,48,70,47,47,47,48,48],"items_purged":[],"gold":77,"score":181,"play_id":"a9011e7b-6a58-44fd-a656-a03524c4c650","local_time":"20180321044445","is_prod":false,"is_daily":false,"is_ascension_mode":false,"campfire_upgraded":1,"timestamp":1521616485,"path_taken":["M","?","?","$","?","R","M","?","T","M","M","R","M","$","R","BOSS","M","$","?","M","?","E"],"build_version":"2018-03-15v3","purchased_purges":0,"victory":false,"master_deck":["Defend_G+1","Defend_G+1","Defend_G+1","Defend_G+1","Defend_G+1","Strike_G+1","Strike_G+1","Strike_G+1","Strike_G+1","Strike_G+1","Survivor","Neutralize","Dagger Spray","Outmaneuver","PiercingWail","Backflip","Deadly Poison","Outmaneuver","Acrobatics","Apotheosis+1","Doppelganger","Cloak And Dagger+1","Catalyst"],"max_hp_per_floor":[70,70,70,70,70,70,70,70,70,70,70,70,70,70,70,70,70,70,70,70,70,70],"relics":["Eternal Feather","Bloody Idol","Odd Mushroom","Ice Cream","The Specimen","Anchor"],"card_choices":[{"not_picked":["Bane","Eviscerate"],"picked":"Dagger Spray"},{"not_picked":["Concentrate","Heel Hook"],"picked":"Outmaneuver"},{"not_picked":["Slice","Dash"],"picked":"PiercingWail"},{"not_picked":["Dodge and Roll","Acrobatics"],"picked":"Backflip"},{"not_picked":["Terror","Outmaneuver"],"picked":"Deadly Poison"},{"not_picked":["Escape Plan","Heel Hook"],"picked":"Outmaneuver"},{"not_picked":["Flying Knee","Dodge and Roll"],"picked":"Acrobatics"},{"not_picked":["Unload","Die Die Die"],"picked":"Doppelganger"},{"not_picked":["Dagger Throw","Deflect"],"picked":"Cloak And Dagger"},{"not_picked":["Terror","Noxious Fumes"],"picked":"Catalyst"}],"player_experience":214718,"potions_floor_usage":[8,8,16],"damage_taken":[{"damage":4,"enemies":"Cultist","floor":1,"turns":5},{"damage":0,"enemies":"2 Louse","floor":5,"turns":3},{"damage":2,"enemies":"Small Slimes","floor":7,"turns":5},{"damage":2,"enemies":"The Mushroom Lair","floor":8,"turns":3},{"damage":19,"enemies":"Exordium Thugs","floor":10,"turns":9},{"damage":5,"enemies":"Exordium Wildlife","floor":11,"turns":6},{"damage":2,"enemies":"3 Louse","floor":13,"turns":3},{"damage":22,"enemies":"Slime Boss","floor":16,"turns":15},{"damage":23,"enemies":"Chosen","floor":18,"turns":7},{"damage":4,"enemies":"Shell Parasite","floor":21,"turns":10},{"damage":48,"enemies":"Book of Stabbing","floor":23,"turns":5}],"event_choices":[{"event_name":"Match and Keep!","player_choice":"0 cards matched","floor":2,"damage_taken":0},{"event_name":"Golden Idol","player_choice":"Take Damage","floor":3,"damage_taken":0},{"event_name":"Mushrooms","player_choice":"Fought Mushrooms","floor":8,"damage_taken":0},{"event_name":"Forgotten Altar","player_choice":"Gave Idol","floor":20,"damage_taken":0},{"event_name":"Back to Basics","player_choice":"Simplicity","floor":22,"damage_taken":0}],"boss_relics":[{"not_picked":["Tiny House","Astrolabe"],"picked":"The Specimen"}],"potions_floor_spawned":[5,7,13],"seed_played":"-8580792989205152590","killed_by":"Book of Stabbing","ascension_level":0,"is_trial":false}