{"gold_per_floor":[116,134,134,134,145,157,157,167,167,195,215,248,248,264,264,264],"floor_reached":16,"playtime":1442,"items_purged":[],"score":114,"play_id":"91a54278-9b20-4bad-bbbd-e68f98264a25","local_time":"20190130024423","is_ascension_mode":false,"campfire_choices":[{"floor":13,"key":"REST"},{"floor":15,"key":"REST"}],"neow_cost":"TEN_PERCENT_HP_LOSS","seed_source_timestamp":79668905424214,"circlet_count":0,"master_deck":["Strike_R","Strike_R","Strike_R","Strike_R","Strike_R","Defend_R+1","Defend_R","Defend_R","Defend_R","Bash","Shockwave+1","Shrug It Off","Flame Barrier","Whirlwind","Pummel","Reaper"],"relics":["Burning Blood","Gambling Chip","Ice Cream","Du-Vu Doll","Mango"],"potions_floor_usage":[10,10,12,16],"damage_taken":[{"damage":4,"enemies":"2 Louse","floor":1,"turns":4},{"damage":3,"enemies":"Small Slimes","floor":2,"turns":3},{"damage":4,"enemies":"Jaw Worm","floor":5,"turns":5},{"damage":6,"enemies":"2 Fungi Beasts","floor":6,"turns":4},{"damage":6,"enemies":"Large Slime","floor":8,"turns":7},{"damage":23,"enemies":"3 Sentries","floor":10,"turns":9},{"damage":13,"enemies":"Exordium Wildlife","floor":11,"turns":5},{"damage":32,"enemies":"Lagavulin","floor":12,"turns":11},{"damage":9,"enemies":"Red Slaver","floor":14,"turns":6},{"damage":82,"enemies":"Slime Boss","floor":16,"turns":9}],"seed_played":"-4443856191123023002","potions_obtained":[{"floor":1,"key":"GamblersBrew"},{"floor":8,"key":"SkillPotion"},{"floor":11,"key":"Weak Potion"},{"floor":14,"key":"SkillPotion"}],"is_trial":false,"path_per_floor":["M","M","?","?","M","M","$","M","T","E","M","E","R","M","R","B"],"character_chosen":"IRONCLAD","items_purchased":[],"campfire_rested":2,"item_purchase_floors":[],"current_hp_per_floor":[72,72,72,58,60,60,60,60,60,43,36,24,49,50,75,0],"gold":264,"neow_bonus":"ONE_RARE_RELIC","is_prod":false,"is_daily":false,"chose_seed":false,"campfire_upgraded":0,"win_rate":0,"timestamp":1548828863,"path_taken":["M","M","?","?","M","M","$","M","T","E","M","E","R","M","R","BOSS"],"build_version":"2019-01-23","purchased_purges":0,"victory":false,"max_hp_per_floor":[72,72,72,72,72,72,72,72,72,72,72,86,86,86,86,86],"card_choices":[{"not_picked":["Fire Breathing","Intimidate"],"picked":"Shockwave","floor":1},{"not_picked":["Sword Boomerang","Thunderclap"],"picked":"Shrug It Off","floor":2},{"not_picked":["Heavy Blade","Twin Strike","Corruption"],"picked":"SKIP","floor":5},{"not_picked":["Shockwave","Warcry"],"picked":"Flame Barrier","floor":6},{"not_picked":["Corruption","Anger"],"picked":"Whirlwind","floor":8},{"not_picked":["True Grit","Warcry","Body Slam"],"picked":"SKIP","floor":10},{"not_picked":["Berserk","Cleave"],"picked":"Pummel","floor":11},{"not_picked":["True Grit","Double Tap"],"picked":"Reaper","floor":12},{"not_picked":["Twin Strike","True Grit","Combust"],"picked":"SKIP","floor":14}],"player_experience":617266,"relics_obtained":[{"floor":9,"key":"Ice Cream"},{"floor":10,"key":"Du-Vu Doll"},{"floor":12,"key":"Mango"}],"event_choices":[{"damage_healed":0,"gold_gain":0,"player_choice":"Leave","damage_taken":0,"max_hp_gain":0,"max_hp_loss":0,"event_name":"The Cleric","floor":3,"gold_loss":0},{"damage_healed":0,"gold_gain":0,"player_choice":"Entered Light","damage_taken":14,"max_hp_gain":0,"max_hp_loss":0,"event_name":"Shining Light","floor":4,"gold_loss":0,"cards_upgraded":["Shockwave","Defend_R"]}],"is_beta":true,"boss_relics":[],"items_purged_floors":[],"is_endless":false,"potions_floor_spawned":[1,8,11,14],"killed_by":"Slime Boss","ascension_level":0}