{"gold_per_floor":[118,118,118,118,131,131,158,176,202,215,145,159,179,354,354,354],"floor_reached":16,"playtime":487,"items_purged":[],"score":104,"play_id":"d79df3f9-3c94-407b-a23d-3b574bfcab1b","local_time":"20190220055647","is_ascension_mode":false,"campfire_choices":[{"data":"Bash","floor":6,"key":"SMITH"},{"floor":15,"key":"REST"}],"neow_cost":"NONE","seed_source_timestamp":542928566022677,"circlet_count":0,"master_deck":["Strike_R","Strike_R","Strike_R","Strike_R","Strike_R","Defend_R","Defend_R","Defend_R","Defend_R","Bash+1","Bloodletting","Inflame","Immolate","Battle Trance","Whirlwind","Flex","Doubt"],"relics":["Burning Blood","Bronze Scales","Ancient Tea Set","Happy Flower"],"potions_floor_usage":[3,5,8,12],"damage_taken":[{"damage":6,"enemies":"Cultist","floor":1,"turns":3},{"damage":0,"enemies":"2 Louse","floor":3,"turns":1},{"damage":6,"enemies":"Jaw Worm","floor":5,"turns":3},{"damage":32,"enemies":"Gremlin Nob","floor":7,"turns":4},{"damage":19,"enemies":"3 Louse","floor":8,"turns":4},{"damage":4,"enemies":"Large Slime","floor":10,"turns":5},{"damage":18,"enemies":"Exordium Thugs","floor":12,"turns":2},{"damage":8,"enemies":"Looter","floor":13,"turns":3},{"damage":54,"enemies":"The Guardian","floor":16,"turns":10}],"seed_played":"6416420985149574209","potions_obtained":[{"floor":2,"key":"SmokeBomb"},{"floor":2,"key":"SneckoOil"},{"floor":2,"key":"Explosive Potion"},{"floor":10,"key":"Poison Potion"}],"is_trial":false,"path_per_floor":["M","?","M","$","M","R","E","M","T","M","$","M","M","?","R","B"],"character_chosen":"IRONCLAD","items_purchased":["Battle Trance"],"campfire_rested":1,"item_purchase_floors":[11],"current_hp_per_floor":[80,80,80,80,80,80,54,41,41,43,43,31,29,29,53,0],"gold":354,"neow_bonus":"RANDOM_COMMON_RELIC","is_prod":false,"is_daily":false,"chose_seed":false,"campfire_upgraded":1,"win_rate":0,"timestamp":1550654807,"path_taken":["M","?","?","$","M","R","E","M","T","?","$","M","M","?","R","BOSS"],"build_version":"2019-02-06","purchased_purges":0,"victory":false,"max_hp_per_floor":[80,80,80,80,80,80,80,80,80,80,80,80,80,80,80,80],"card_choices":[{"not_picked":["Wild Strike","Pommel Strike"],"picked":"Bloodletting","floor":1},{"not_picked":["Battle Trance","Warcry"],"picked":"Inflame","floor":5},{"not_picked":["Corruption","Sentinel","True Grit"],"picked":"SKIP","floor":7},{"not_picked":["Cleave","Twin Strike"],"picked":"Immolate","floor":8},{"not_picked":["Sentinel","Flex","Armaments"],"picked":"SKIP","floor":10},{"not_picked":["Sword Boomerang","Armaments"],"picked":"Whirlwind","floor":12},{"not_picked":["Body Slam","Bludgeon"],"picked":"Flex","floor":13}],"player_experience":642608,"relics_obtained":[{"floor":7,"key":"Ancient Tea Set"},{"floor":9,"key":"Happy Flower"}],"event_choices":[{"damage_healed":0,"gold_gain":0,"player_choice":"Got Potions","damage_taken":0,"max_hp_gain":0,"max_hp_loss":0,"event_name":"Lab","floor":2,"gold_loss":0},{"damage_healed":0,"gold_gain":175,"player_choice":"AGREE","damage_taken":0,"max_hp_gain":0,"max_hp_loss":0,"event_name":"Liars Game","floor":14,"gold_loss":0,"cards_obtained":["Doubt"]}],"is_beta":true,"boss_relics":[],"items_purged_floors":[],"is_endless":false,"potions_floor_spawned":[3,10],"killed_by":"The Guardian","ascension_level":0}