{"gold_per_floor":[114,114,114,39,51,61,91,91,91,111,145,145,156,156],"floor_reached":14,"playtime":598,"items_purged":["Regret"],"score":90,"play_id":"fc6b8d53-b599-42ce-86a3-6c3f172487be","local_time":"20190123021750","is_ascension_mode":false,"campfire_choices":[{"data":"Flame Barrier","floor":8,"key":"SMITH"},{"floor":12,"key":"REST"}],"neow_cost":"NONE","seed_source_timestamp":455600647088079,"circlet_count":0,"master_deck":["Strike_R+1","Strike_R","Strike_R","Strike_R","Strike_R","Defend_R","Defend_R","Defend_R","Defend_R","Bash+1","Spot Weakness","Flame Barrier+1","Second Wind","Pommel Strike","Spot Weakness"],"relics":["Burning Blood","Pen Nib","Calipers","Odd Mushroom","Matryoshka","Red Skull"],"potions_floor_usage":[7,10,14],"damage_taken":[{"damage":5,"enemies":"Small Slimes","floor":1,"turns":4},{"damage":0,"enemies":"Cultist","floor":5,"turns":2},{"damage":6,"enemies":"Jaw Worm","floor":6,"turns":3},{"damage":17,"enemies":"The Mushroom Lair","floor":7,"turns":5},{"damage":20,"enemies":"Large Slime","floor":10,"turns":9},{"damage":30,"enemies":"Gremlin Nob","floor":11,"turns":4},{"damage":34,"enemies":"Gremlin Gang","floor":13,"turns":5},{"damage":18,"enemies":"3 Sentries","floor":14,"turns":4}],"seed_played":"6333998027186347371","potions_obtained":[{"floor":6,"key":"Fire Potion"},{"floor":7,"key":"SkillPotion"},{"floor":13,"key":"SteroidPotion"}],"is_trial":false,"path_per_floor":["?","?","?"],"character_chosen":"IRONCLAD","items_purchased":[],"campfire_rested":1,"item_purchase_floors":[],"current_hp_per_floor":[80,80,64,64,70,70,59,59,59,45,21,45,17,0],"gold":156,"neow_bonus":"RANDOM_COMMON_RELIC","is_prod":false,"is_daily":false,"chose_seed":false,"campfire_upgraded":1,"win_rate":0,"timestamp":1548222470,"path_taken":["M","?","?","$","M","M","?","R","T","M","E","R","M","E"],"build_version":"2019-01-22","purchased_purges":1,"victory":false,"max_hp_per_floor":[80,80,80,80,80,80,80,80,80,80,80,80,80,80],"card_choices":[{"not_picked":["Twin Strike","Shrug It Off","Headbutt"],"picked":"SKIP","floor":1},{"not_picked":["True Grit","Reckless Charge"],"picked":"Spot Weakness","floor":5},{"not_picked":["Inflame","Evolve"],"picked":"Flame Barrier","floor":6},{"not_picked":["Anger","Warcry"],"picked":"Second Wind","floor":7},{"not_picked":["Feel No Pain","Burning Pact"],"picked":"Pommel Strike","floor":10},{"not_picked":["Rupture","Anger","Iron Wave"],"picked":"SKIP","floor":11},{"not_picked":["Clash","Armaments"],"picked":"Spot Weakness","floor":13}],"player_experience":599099,"relics_obtained":[{"floor":7,"key":"Odd Mushroom"},{"floor":9,"key":"Matryoshka"},{"floor":11,"key":"Red Skull"}],"event_choices":[{"damage_healed":0,"gold_gain":0,"player_choice":"Box","damage_taken":0,"relics_obtained":["Calipers"],"max_hp_gain":0,"max_hp_loss":0,"event_name":"Big Fish","floor":2,"gold_loss":0,"cards_obtained":["Regret"]},{"damage_healed":0,"gold_gain":0,"player_choice":"Entered Light","damage_taken":16,"max_hp_gain":0,"max_hp_loss":0,"event_name":"Shining Light","floor":3,"gold_loss":0,"cards_upgraded":["Strike_R","Bash"]},{"damage_healed":0,"gold_gain":0,"player_choice":"Fought Mushrooms","damage_taken":0,"max_hp_gain":0,"max_hp_loss":0,"event_name":"Mushrooms","floor":7,"gold_loss":0}],"is_beta":true,"boss_relics":[],"items_purged_floors":[4],"is_endless":false,"potions_floor_spawned":[6,7,13],"killed_by":"3 Sentries","ascension_level":0}