{"gold_per_floor":[116,116,131,206,257,293,293,318,318,342,362,388,409,148,148,237,237,256,256,256,280,65,65,109,109,191,137,155,155,155,155,155,245,245,266,266,266,391,391,391,411,411,479,515,148,168,0,21,21,21],"floor_reached":50,"playtime":1593,"items_purged":[],"score":1016,"play_id":"b45afbc2-21f6-4bd9-9c26-242ebf9a62a2","local_time":"20190223112344","is_ascension_mode":true,"campfire_choices":[{"floor":7.0,"key":"REST"},{"floor":15.0,"key":"REST"},{"floor":23.0,"key":"REST"},{"floor":25.0,"key":"REST"},{"data":"Writhe","floor":29.0,"key":"PURGE"},{"floor":32.0,"key":"REST"},{"data":"Writhe","floor":40,"key":"PURGE"},{"floor":49,"key":"RECALL"}],"neow_cost":"NONE","seed_source_timestamp":15605692632692659,"circlet_count":0,"master_deck":["AscendersBane","Defend_R+1","Defend_R+1","Defend_R+1","Defend_R+1","Bash","Sword Boomerang","Twin Strike","Metallicize","Havoc","Barricade","Flex","Whirlwind","Rampage","Reaper","Battle Trance","Bite","Bite","Bite","Bite","Bite","Flame Barrier","RitualDagger","Feed","Bandage Up","Parasite","True Grit+1"],"special_seed":0,"relics":["Burning Blood","NeowsBlessing","Golden Idol","Vajra","Peace Pipe","Matryoshka","Odd Mushroom","Brimstone","Fusion Hammer","Bag of Marbles","Chemical X","Ginger","Smiling Mask","Pantograph","Eternal Feather","Incense Burner","MawBank","Kunai","Torii","Red Mask"],"potions_floor_usage":[35,35,41,44,48,50],"damage_taken":[{"damage":0.0,"enemies":"Small Slimes","floor":1.0,"turns":1.0},{"damage":0.0,"enemies":"Jaw Worm","floor":3.0,"turns":1.0},{"damage":0.0,"enemies":"3 Sentries","floor":6.0,"turns":2.0},{"damage":3.0,"enemies":"2 Louse","floor":8.0,"turns":3.0},{"damage":9.0,"enemies":"2 Fungi Beasts","floor":10.0,"turns":5.0},{"damage":11.0,"enemies":"Large Slime","floor":11.0,"turns":7.0},{"damage":29.0,"enemies":"The Mushroom Lair","floor":12.0,"turns":4.0},{"damage":20.0,"enemies":"3 Louse","floor":13.0,"turns":4.0},{"damage":36.0,"enemies":"The Guardian","floor":16.0,"turns":6.0},{"damage":34.0,"enemies":"Shell Parasite","floor":18.0,"turns":3.0},{"damage":24.0,"enemies":"2 Thieves","floor":21.0,"turns":2.0},{"damage":39.0,"enemies":"Gremlin Leader","floor":24.0,"turns":3.0},{"damage":4.0,"enemies":"Snecko","floor":28.0,"turns":3.0},{"damage":24.0,"enemies":"Collector","floor":33.0,"turns":6.0},{"damage":0,"enemies":"3 Darklings","floor":35,"turns":1},{"damage":18,"enemies":"Mind Bloom Boss Battle","floor":38,"turns":4},{"damage":24,"enemies":"Orb Walker","floor":41,"turns":4},{"damage":22,"enemies":"Writhing Mass","floor":44,"turns":5},{"damage":20,"enemies":"4 Shapes","floor":46,"turns":1},{"damage":11,"enemies":"Jaw Worm Horde","floor":48,"turns":5},{"damage":84,"enemies":"Donu and Deca","floor":50,"turns":5}],"seed_played":"231899300072591626","potions_obtained":[{"floor":3.0,"key":"PowerPotion"},{"floor":6.0,"key":"Ancient Potion"},{"floor":12.0,"key":"SneckoOil"},{"floor":21.0,"key":"Swift Potion"},{"floor":33.0,"key":"GamblersBrew"},{"floor":35,"key":"Explosive Potion"},{"floor":38,"key":"Ancient Potion"},{"floor":41,"key":"EssenceOfSteel"}],"is_trial":false,"path_per_floor":["M","?","M","?","T","E","R","M","T","M","M","?","M","$","R","B",null,"M","?","?","M","$","R","E","R","T","$","M","R","?","?","R","B",null,"M","?","$","?","?","R","M","?","T","M","$","M","?","M","R","B"],"character_chosen":"IRONCLAD","items_purchased":["Brimstone","Rampage","Chemical X","PowerPotion","Block Potion","Torii"],"campfire_rested":5,"item_purchase_floors":[14,14,22,27,45,45],"current_hp_per_floor":[74,48,54,43,43,49,71,74,74,71,66,43,29,29,51,21,62,34,34,34,36,36,51,19,34,34,34,52,52,46,46,52,44,50,52,52,52,46,52,52,37,37,37,48,48,34,34,46,55,0],"gold":21,"neow_bonus":"THREE_ENEMY_KILL","is_prod":false,"is_daily":false,"chose_seed":false,"campfire_upgraded":0,"win_rate":0,"timestamp":1550917424,"path_taken":["M","?","M","?","?","E","R","M","T","M","M","?","M","?","R","BOSS","M","?","?","M","$","R","E","R","T","$","M","R","?","?","R","BOSS","M","?","$","?","?","R","M","?","T","M","$","M","?","M","R","BOSS"],"build_version":"2019-01-23","purchased_purges":0,"victory":false,"max_hp_per_floor":[75,75,75,75,75,75,75,75,75,75,75,75,75,75,75,75,75,75,52,52,52,52,52,52,52,52,52,52,52,52,52,52,52,52,52,52,52,52,52,52,52,52,52,52,52,52,52,55,55,55],"card_choices":[{"not_picked":["True Grit","Clothesline"],"picked":"Sword Boomerang","floor":1.0},{"not_picked":["Intimidate","Pommel Strike"],"picked":"Twin Strike","floor":3.0},{"not_picked":["Seeing Red","Perfected Strike"],"picked":"Metallicize","floor":6.0},{"not_picked":["Bloodletting","Clothesline"],"picked":"Havoc","floor":8.0},{"not_picked":["Clothesline","Headbutt"],"picked":"Barricade","floor":10.0},{"not_picked":["Burning Pact","Blood for Blood"],"picked":"Flex","floor":11.0},{"not_picked":["Wild Strike","Flame Barrier"],"picked":"Whirlwind","floor":13.0},{"not_picked":["Immolate","Fiend Fire"],"picked":"Reaper","floor":16.0},{"not_picked":["Heavy Blade","Sword Boomerang"],"picked":"Battle Trance","floor":18.0},{"not_picked":["Perfected Strike","Wild Strike","Evolve"],"picked":"SKIP","floor":21.0},{"not_picked":["Corruption","Hemokinesis"],"picked":"Flame Barrier","floor":24.0},{"not_picked":["Havoc","Combust","Flex"],"picked":"SKIP","floor":28.0},{"not_picked":["Offering","Double Tap"],"picked":"Feed","floor":33.0},{"not_picked":["Fire Breathing","Clothesline","Disarm+1"],"picked":"SKIP","floor":35},{"not_picked":["Swift Strike","PanicButton"],"picked":"Bandage Up","floor":36},{"not_picked":["Flex","Body Slam","Inflame"],"picked":"SKIP","floor":41},{"not_picked":["Flex","Warcry","Armaments"],"picked":"SKIP","floor":44},{"not_picked":["Pommel Strike","Iron Wave"],"picked":"True Grit+1","floor":46},{"not_picked":["Anger","Feel No Pain","Flex"],"picked":"SKIP","floor":48}],"player_experience":434785,"relics_obtained":[{"floor":5.0,"key":"Vajra"},{"floor":6.0,"key":"Peace Pipe"},{"floor":9.0,"key":"Matryoshka"},{"floor":12.0,"key":"Odd Mushroom"},{"floor":24.0,"key":"Ginger"},{"floor":26.0,"key":"Smiling Mask"},{"floor":26.0,"key":"Pantograph"},{"floor":38,"key":"Incense Burner"},{"floor":43,"key":"MawBank"},{"floor":43,"key":"Kunai"}],"event_choices":[{"damage_healed":0.0,"max_hp_gain":0.0,"max_hp_loss":0.0,"gold_gain":0.0,"event_name":"Golden Idol","player_choice":"Take Damage","floor":2.0,"gold_loss":0.0,"damage_taken":26.0,"relics_obtained":["Golden Idol"]},{"damage_healed":0.0,"max_hp_gain":0.0,"max_hp_loss":0.0,"gold_gain":75.0,"event_name":"World of Goop","player_choice":"Gather Gold","floor":4.0,"gold_loss":0.0,"damage_taken":11.0},{"damage_healed":0.0,"max_hp_gain":0.0,"max_hp_loss":0.0,"gold_gain":0.0,"event_name":"Mushrooms","player_choice":"Fought Mushrooms","floor":12.0,"gold_loss":0.0,"damage_taken":0.0},{"damage_healed":0.0,"max_hp_gain":0.0,"max_hp_loss":23.0,"gold_gain":0.0,"event_name":"Vampires","player_choice":"Became a vampire","floor":19.0,"gold_loss":0.0,"damage_taken":0.0,"cards_obtained":["Bite","Bite","Bite","Bite","Bite"]},{"damage_healed":0.0,"max_hp_gain":0.0,"max_hp_loss":0.0,"gold_gain":0.0,"event_name":"The Mausoleum","player_choice":"Opened","floor":20.0,"gold_loss":0.0,"damage_taken":0.0,"relics_obtained":["Bag of Marbles"],"cards_obtained":["Writhe"]},{"damage_healed":0.0,"max_hp_gain":0.0,"max_hp_loss":0.0,"gold_gain":0.0,"event_name":"Nest","player_choice":"Joined the Cult","floor":30.0,"gold_loss":0.0,"damage_taken":6.0,"cards_obtained":["RitualDagger"]},{"damage_healed":0.0,"max_hp_gain":0.0,"max_hp_loss":0.0,"gold_gain":0.0,"event_name":"Back to Basics","player_choice":"Simplicity","floor":31.0,"gold_loss":0.0,"damage_taken":0.0,"cards_upgraded":["Defend_R","Defend_R","Defend_R","Defend_R"]},{"damage_healed":0,"gold_gain":0,"player_choice":"Memory 1","damage_taken":0,"max_hp_gain":0,"max_hp_loss":0,"event_name":"SensoryStone","floor":36,"gold_loss":0},{"damage_healed":0,"gold_gain":0,"player_choice":"Fight","damage_taken":0,"max_hp_gain":0,"max_hp_loss":0,"event_name":"MindBloom","floor":38,"gold_loss":0},{"damage_healed":10,"gold_gain":0,"player_choice":"Writhe","damage_taken":0,"max_hp_gain":0,"max_hp_loss":0,"event_name":"Winding Halls","floor":39,"gold_loss":0,"cards_obtained":["Writhe"]},{"damage_healed":0,"gold_gain":0,"player_choice":"Ignored","damage_taken":0,"max_hp_gain":0,"max_hp_loss":0,"event_name":"Mysterious Sphere","floor":42,"gold_loss":0},{"damage_healed":0,"gold_gain":0,"player_choice":"Paid","damage_taken":0,"relics_obtained":["Red Mask"],"max_hp_gain":0,"max_hp_loss":0,"event_name":"Tomb of Lord Red Mask","floor":47,"gold_loss":168}],"is_beta":false,"boss_relics":[{"not_picked":["Orrery","Tiny House"],"picked":"Fusion Hammer"},{"not_picked":["Coffee Dripper","Astrolabe"],"picked":"Eternal Feather"}],"items_purged_floors":[],"is_endless":false,"potions_floor_spawned":[3,6,11,12,21,24,28,33,35,38,41],"killed_by":"Donu and Deca","ascension_level":20}