{"path_per_floor":["M","M","M","?","$","R","?","M","T","M","M","R","E","?","R"],"character_chosen":"DEFECT","items_purchased":["Melter","Coolheaded"],"gold_per_floor":[149,161,172,172,53,53,53,23,23,18,36,36,70,70,70,70],"floor_reached":16,"campfire_rested":1,"playtime":808,"current_hp_per_floor":[80,75,73,57,57,80,60,60,60,65,71,71,80,80,80,0],"items_purged":[],"gold":70,"score":105,"play_id":"59305154-f171-4f9d-aace-1a18b44842c7","local_time":"20180516054936","is_prod":false,"is_daily":false,"chose_seed":false,"is_ascension_mode":true,"campfire_upgraded":2,"timestamp":1526458776,"path_taken":["M","M","?","?","$","R","?","M","T","M","?","R","E","?","R","BOSS"],"build_version":"2018-05-15","seed_source_timestamp":7843943642240,"purchased_purges":0,"victory":false,"master_deck":["Strike_B","Strike_B","Strike_B","Strike_B","Defend_B","Defend_B","Defend_B+1","Defend_B","Zap+1","Dualcast","Aggregate+1","Leap+1","Auto Shields","Melter","Coolheaded","Self Repair+1","Buffer+1","FTL","Sweeping Beam"],"max_hp_per_floor":[80,80,80,80,80,80,80,80,80,80,80,80,80,80,80,80],"relics":["Tiny House","Golden Idol","Emotion Chip","Meat on the Bone"],"card_choices":[{"not_picked":["Stack","Coolheaded"],"picked":"Aggregate","floor":0},{"not_picked":["Steam","Stack"],"picked":"Leap","floor":1},{"not_picked":["Beam Cell","Redo","Capacitor"],"picked":"SKIP","floor":2},{"not_picked":["Capacitor","Rip and Tear"],"picked":"Auto Shields","floor":3},{"not_picked":["Conserve Battery","Scrape"],"picked":"Self Repair","floor":8},{"not_picked":["Coolheaded","Go for the Eyes"],"picked":"Buffer","floor":10},{"not_picked":["Go for the Eyes","Aggregate"],"picked":"FTL","floor":11},{"not_picked":["Cold Snap","Tempest"],"picked":"Sweeping Beam","floor":13}],"player_experience":427860,"potions_floor_usage":[8,11,11,13],"damage_taken":[{"damage":0,"enemies":"Cultist","floor":1,"turns":4},{"damage":5,"enemies":"2 Louse","floor":2,"turns":2},{"damage":2,"enemies":"Jaw Worm","floor":3,"turns":5},{"damage":0,"enemies":"Looter","floor":8,"turns":4},{"damage":2,"enemies":"Exordium Thugs","floor":10,"turns":5},{"damage":1,"enemies":"Lots of Slimes","floor":11,"turns":7},{"damage":3,"enemies":"Lagavulin","floor":13,"turns":8},{"damage":86,"enemies":"Hexaghost","floor":16,"turns":14}],"relics_obtained":[{"floor":9,"key":"Emotion Chip"},{"floor":13,"key":"Meat on the Bone"}],"event_choices":[{"event_name":"Shining Light","player_choice":"Entered Light","floor":4,"damage_taken":0},{"event_name":"Golden Idol","player_choice":"Take Damage","floor":7,"damage_taken":0},{"event_name":"Upgrade Shrine","player_choice":"Upgraded","floor":14,"damage_taken":0}],"boss_relics":[],"potions_floor_spawned":[3,10,11],"seed_played":"7103116882629156644","killed_by":"Hexaghost","ascension_level":1,"potions_obtained":[{"floor":0,"key":"Dexterity Potion"},{"floor":3,"key":"SkillPotion"},{"floor":10,"key":"Ancient Potion"},{"floor":11,"key":"Regen Potion"}],"is_trial":false}