{"gold_per_floor":[119,119,132,132,57,57,80,80,80,80,113,132,146,146,146,267,267,292,315,315],"floor_reached":20,"playtime":959,"items_purged":["Injury"],"score":191,"play_id":"e6d5c61b-e5ae-43a7-9975-05ef77ec876c","local_time":"20180807200851","is_ascension_mode":true,"campfire_choices":[{"data":"Zap","floor":6,"key":"SMITH"},{"floor":8,"key":"REST"},{"data":"Reprogram","floor":10,"key":"SMITH"},{"data":"Sweeping Beam","floor":15,"key":"SMITH"}],"neow_cost":"NONE","seed_source_timestamp":6322492414854,"circlet_count":0,"master_deck":["Strike_B","Strike_B","Strike_B","Strike_B","Defend_B","Defend_B","Defend_B+1","Defend_B+1","Zap+1","Dualcast+1","Reprogram+1","Leap","Sweeping Beam+1","Core Surge","Fusion+1"],"relics":["Cracked Core","Potion Belt","Golden Idol","Oddly Smooth Stone","Omamori","War Paint","Nuclear Battery"],"potions_floor_usage":[11,12],"damage_taken":[{"damage":15,"enemies":"Small Slimes","floor":1,"turns":3},{"damage":12,"enemies":"Jaw Worm","floor":3,"turns":2},{"damage":0,"enemies":"2 Louse","floor":7,"turns":2},{"damage":4,"enemies":"Gremlin Nob","floor":11,"turns":3},{"damage":4,"enemies":"Lots of Slimes","floor":12,"turns":4},{"damage":0,"enemies":"2 Fungi Beasts","floor":13,"turns":3},{"damage":31,"enemies":"The Guardian","floor":16,"turns":14},{"damage":17,"enemies":"Spheric Guardian","floor":18,"turns":6},{"damage":17,"enemies":"Chosen","floor":19,"turns":5},{"damage":27,"enemies":"Centurion and Healer","floor":20,"turns":7}],"seed_played":"1550910254171695584","potions_obtained":[{"floor":1,"key":"Block Potion"},{"floor":11,"key":"AttackPotion"},{"floor":13,"key":"PowerPotion"},{"floor":19,"key":"Fire Potion"}],"is_trial":false,"path_per_floor":["M","?","M","?","$","R","M","R","T","R","E","M","M","?","R","B",null,"M","M"],"character_chosen":"DEFECT","items_purchased":[],"campfire_rested":1,"item_purchase_floors":[],"current_hp_per_floor":[60,60,48,48,48,48,48,70,70,70,66,62,62,62,62,31,75,58,41,14],"gold":315,"neow_bonus":"RANDOM_COMMON_RELIC","is_prod":false,"is_daily":false,"chose_seed":false,"campfire_upgraded":3,"win_rate":0,"timestamp":1533686931,"path_taken":["M","?","?","?","$","R","M","R","T","R","E","?","M","?","R","BOSS","M","?","M"],"build_version":"2018-08-02","purchased_purges":1,"victory":false,"max_hp_per_floor":[75,75,75,75,75,75,75,75,75,75,75,75,75,75,75,75,75,75,75,75],"card_choices":[{"not_picked":["BootSequence","Barrage","Streamline"],"picked":"SKIP","floor":1},{"not_picked":["Scrape","Gash"],"picked":"Reprogram","floor":3},{"not_picked":["Compile Driver","Steam Power","Consume"],"picked":"SKIP","floor":7},{"not_picked":["Turbo","Gash"],"picked":"Leap","floor":11},{"not_picked":["Compile Driver","Turbo"],"picked":"Sweeping Beam","floor":12},{"not_picked":["Ball Lightning","Gash"],"picked":"Core Surge","floor":13},{"not_picked":["Barrage+1","Sweeping Beam"],"picked":"Fusion+1","floor":18},{"not_picked":["Streamline","Coolheaded","Redo"],"picked":"SKIP","floor":19}],"player_experience":268929,"relics_obtained":[{"floor":9,"key":"Oddly Smooth Stone"},{"floor":11,"key":"Omamori"}],"event_choices":[{"event_name":"Golden Idol","player_choice":"Take Wound","floor":2,"damage_taken":0},{"event_name":"Living Wall","player_choice":"Grow","floor":4,"damage_taken":0},{"event_name":"Wheel of Change","player_choice":"Relic","floor":14,"damage_taken":0}],"is_beta":false,"boss_relics":[{"not_picked":["Lizard Tail","Snecko Eye"],"picked":"Nuclear Battery"}],"items_purged_floors":[5],"is_endless":false,"potions_floor_spawned":[1,11,13,19],"killed_by":"Centurion and Healer","ascension_level":2}