{"path_per_floor":["M","?","M","$","M","R","E","?","T","?","R","T","M","E","R","B",null,"M","?","M","?"],"character_chosen":"DEFECT","items_purchased":[],"gold_per_floor":[116,116,129,54,67,67,93,93,93,93,93,93,111,138,138,242,242,252,351,368,368,368],"floor_reached":22,"campfire_rested":2,"playtime":608,"item_purchase_floors":[],"current_hp_per_floor":[75,80,80,80,80,80,32,32,42,17,44,51,53,28,57,9,97,97,97,84,68,70],"items_purged":["Strike_B"],"gold":368,"score":227,"play_id":"9b609c57-8b0f-4bea-9a26-f1b1e2a71a33","local_time":"20180621162610","is_prod":false,"is_daily":false,"chose_seed":false,"is_ascension_mode":true,"campfire_upgraded":1,"win_rate":0.0,"timestamp":1529612770,"campfire_choices":[{"data":"Dualcast","floor":6,"key":"SMITH"},{"floor":11,"key":"REST"},{"floor":15,"key":"REST"}],"path_taken":["M","?","M","$","M","R","E","?","T","?","R","?","M","E","R","BOSS","M","?","M","?","?"],"build_version":"2018-06-14v2","seed_source_timestamp":153019323150117,"purchased_purges":1,"victory":false,"master_deck":["Strike_B","Strike_B","Strike_B","Defend_B","Defend_B","Defend_B","Defend_B","Zap+1","Dualcast+1","Go for the Eyes","Sweeping Beam","Barrage","Defragment","Chaos","Ball Lightning","Necronomicurse"],"max_hp_per_floor":[75,80,80,80,80,80,80,80,90,90,90,97,97,97,97,97,97,97,97,97,97,97],"relics":["Cracked Core","Gremlin Horn","Pear","Blood Vial","Strawberry","The Courier","Velvet Choker","Necronomicon"],"card_choices":[{"not_picked":["Lockon","Heatsinks"],"picked":"Go for the Eyes","floor":1},{"not_picked":["Steam","Aggregate"],"picked":"Sweeping Beam","floor":3},{"not_picked":["Cold Snap","Gash"],"picked":"Barrage","floor":5},{"not_picked":["White Noise","Rebound"],"picked":"Defragment","floor":7},{"not_picked":["Redo","Rip and Tear"],"picked":"Chaos","floor":13},{"not_picked":["Beam Cell","Cold Snap"],"picked":"Ball Lightning","floor":14},{"not_picked":["Darkness","Lockon","Chill"],"picked":"SKIP","floor":18},{"not_picked":["Heatsinks","Chaos","Conserve Battery"],"picked":"SKIP","floor":20}],"player_experience":247531,"potions_floor_usage":[13],"damage_taken":[{"damage":0,"enemies":"2 Louse","floor":1,"turns":2},{"damage":0,"enemies":"Cultist","floor":3,"turns":3},{"damage":0,"enemies":"Small Slimes","floor":5,"turns":3},{"damage":48,"enemies":"Lagavulin","floor":7,"turns":7},{"damage":0,"enemies":"Gremlin Gang","floor":13,"turns":2},{"damage":27,"enemies":"Gremlin Nob","floor":14,"turns":5},{"damage":50,"enemies":"The Guardian","floor":16,"turns":11},{"damage":0,"enemies":"Spheric Guardian","floor":18,"turns":3},{"damage":13,"enemies":"Chosen","floor":20,"turns":5},{"damage":0,"enemies":"3 Cultists","floor":22,"turns":1}],"relics_obtained":[{"floor":7,"key":"Gremlin Horn"},{"floor":9,"key":"Pear"},{"floor":12,"key":"Strawberry"},{"floor":14,"key":"The Courier"},{"floor":21,"key":"Necronomicon"}],"event_choices":[{"event_name":"Big Fish","player_choice":"Donut","floor":2,"damage_taken":0},{"event_name":"Living Wall","player_choice":"Grow","floor":8,"damage_taken":0},{"event_name":"Scrap Ooze","player_choice":"success","floor":10,"damage_taken":25},{"event_name":"Nest","player_choice":"Stole From Cult","floor":19,"damage_taken":0},{"event_name":"Cursed Tome","player_choice":"Obtained Book","floor":21,"damage_taken":0}],"boss_relics":[{"not_picked":["Orrery","Ectoplasm"],"picked":"Velvet Choker"}],"items_purged_floors":[4],"is_endless":false,"potions_floor_spawned":[1,3],"seed_played":"-3145343948416997678","killed_by":"3 Cultists","ascension_level":1,"potions_obtained":[{"floor":1,"key":"AttackPotion"},{"floor":3,"key":"Strength Potion"}],"is_trial":false}