{"gold_per_floor":[113,113,125,125,142,142,177,177,257,269,269,21,39,52,52,126,126,140,140,157,18,18,30,30,30,54,67,67,96,96,113,113,185,185,196,9,29,377,427,427,443,443,470,485,485,504,521,547,547,547,547],"floor_reached":51,"playtime":3665,"items_purged":["Strike_B"],"score":1398,"play_id":"23501eed-e389-4515-ad4e-83df0f8d522a","local_time":"20181215001436","is_ascension_mode":true,"campfire_choices":[{"data":"Fission","floor":6,"key":"SMITH"},{"data":"Zap","floor":8,"key":"SMITH"},{"data":"Go for the Eyes","floor":11,"key":"SMITH"},{"data":"FTL","floor":15,"key":"SMITH"},{"data":"Gash","floor":24,"key":"SMITH"},{"data":"Double Energy","floor":28,"key":"SMITH"},{"data":"Gash","floor":30,"key":"SMITH"},{"data":"Dualcast","floor":32,"key":"SMITH"},{"data":"Go for the Eyes","floor":40,"key":"SMITH"},{"floor":42,"key":"REST"},{"data":"Seek","floor":45,"key":"SMITH"},{"floor":49,"key":"REST"}],"neow_cost":"TEN_PERCENT_HP_LOSS","seed_source_timestamp":35358974878861,"circlet_count":0,"master_deck":["AscendersBane","Defend_B","Defend_B","Defend_B","Zap+1","Dualcast+1","Fission+1","Reboot","Doom and Gloom","Leap","Go for the Eyes+1","All For One","Undo","Defragment+1","FTL+1","Self Repair+1","Go for the Eyes+1","Buffer+1","Gash+1","Compile Driver+1","Machine Learning+1","Skim+1","Double Energy+1","Gash+1","Stack+1","Biased Cognition+1","Hologram+1","Metamorphosis","Gash","Loop+1","Seek+1","Streamline+1","BootSequence","Parasite","Storm+1"],"relics":["Cracked Core","Orichalcum","Frozen Egg 2","Tiny Chest","Philosopher\u0027s Stone","Nilry\u0027s Codex","PreservedInsect","StoneCalendar","Nuclear Battery","Old Coin","Happy Flower","Mummified Hand"],"potions_floor_usage":[7,16,23,27,27,31,33,38,51,51],"damage_taken":[{"damage":0,"enemies":"2 Louse","floor":1,"turns":5},{"damage":5,"enemies":"Small Slimes","floor":3,"turns":3},{"damage":2,"enemies":"Jaw Worm","floor":5,"turns":5},{"damage":6,"enemies":"Lagavulin","floor":7,"turns":5},{"damage":6,"enemies":"Lots of Slimes","floor":10,"turns":3},{"damage":0,"enemies":"Large Slime","floor":13,"turns":3},{"damage":3,"enemies":"Blue Slaver","floor":14,"turns":2},{"damage":7,"enemies":"Hexaghost","floor":16,"turns":7},{"damage":0,"enemies":"Chosen","floor":18,"turns":4},{"damage":12,"enemies":"Spheric Guardian","floor":20,"turns":4},{"damage":0,"enemies":"Snake Plant","floor":23,"turns":4},{"damage":0,"enemies":"Snecko","floor":27,"turns":6},{"damage":18,"enemies":"Book of Stabbing","floor":29,"turns":4},{"damage":7,"enemies":"Chosen and Byrds","floor":31,"turns":5},{"damage":30,"enemies":"Collector","floor":33,"turns":7},{"damage":10,"enemies":"3 Shapes","floor":35,"turns":4},{"damage":21,"enemies":"3 Darklings","floor":37,"turns":3},{"damage":0,"enemies":"2 Orb Walkers","floor":38,"turns":3},{"damage":28,"enemies":"Spire Growth","floor":41,"turns":4},{"damage":0,"enemies":"Maw","floor":44,"turns":4},{"damage":10,"enemies":"3 Darklings","floor":46,"turns":3},{"damage":2,"enemies":"Writhing Mass","floor":47,"turns":5},{"damage":24,"enemies":"Reptomancer","floor":48,"turns":3},{"damage":24,"enemies":"Donu and Deca","floor":50,"turns":6},{"damage":44,"enemies":"Awakened One","floor":51,"turns":3}],"seed_played":"3905442866475479075","potions_obtained":[{"floor":3,"key":"Fire Potion"},{"floor":7,"key":"LiquidBronze"},{"floor":18,"key":"Explosive Potion"},{"floor":23,"key":"SkillPotion"},{"floor":29,"key":"Fire Potion"},{"floor":31,"key":"SkillPotion"},{"floor":37,"key":"Swift Potion"},{"floor":38,"key":"Dexterity Potion"},{"floor":41,"key":"PowerPotion"}],"is_trial":false,"path_per_floor":["M","?","M","?","M","R","E","R","T","M","R","$","M","M","R","B",null,"M","?","M","$","?","M","R","$","T","M","R","E","R","M","R","B",null,"M","$","M","?","?","R","M","R","T","M","R","M","M","E","R","B","B"],"character_chosen":"DEFECT","items_purchased":["Defragment+1","FTL","Machine Learning+1","Block Potion","Metamorphosis"],"campfire_rested":2,"item_purchase_floors":[12,12,21,21,36],"current_hp_per_floor":[64,59,54,47,45,45,39,39,39,33,33,33,33,40,40,43,59,64,64,62,62,41,51,51,51,51,61,61,53,53,56,56,36,57,57,57,36,46,46,46,28,47,47,57,57,47,55,31,50,36,0],"gold":547,"neow_bonus":"TRANSFORM_TWO_CARDS","is_prod":false,"is_daily":false,"chose_seed":false,"campfire_upgraded":10,"win_rate":0,"timestamp":1544829276,"path_taken":["M","?","M","?","M","R","E","R","T","M","R","?","?","M","R","BOSS","M","?","M","$","?","M","R","$","T","M","R","E","R","M","R","BOSS","M","$","M","?","?","R","?","R","T","M","R","M","M","E","R","BOSS","BOSS"],"build_version":"2018-12-13","purchased_purges":1,"victory":false,"max_hp_per_floor":[64,64,64,64,64,64,64,64,64,64,64,64,64,64,64,64,64,64,64,64,64,64,64,64,64,64,64,64,64,64,64,64,64,64,64,64,64,64,64,64,64,64,64,64,64,64,64,64,64,64,64],"card_choices":[{"not_picked":["Beam Cell","Barrage"],"picked":"Doom and Gloom","floor":1},{"not_picked":["Coolheaded","Aggregate"],"picked":"Leap","floor":3},{"not_picked":["Chill","Capacitor"],"picked":"Go for the Eyes","floor":5},{"not_picked":["Capacitor","Leap"],"picked":"All For One","floor":7},{"not_picked":["Compile Driver","Coolheaded"],"picked":"Undo","floor":10},{"not_picked":["Sweeping Beam","Steam"],"picked":"Self Repair+1","floor":13},{"not_picked":["Coolheaded","Stack"],"picked":"Go for the Eyes","floor":14},{"not_picked":["Thunder Strike","Reboot"],"picked":"Buffer+1","floor":16},{"not_picked":["Glacier","Streamline"],"picked":"Gash","floor":18},{"not_picked":["Ball Lightning","Leap"],"picked":"Compile Driver+1","floor":20},{"not_picked":["Streamline","Coolheaded"],"picked":"Skim+1","floor":23},{"not_picked":["Redo","White Noise"],"picked":"Double Energy","floor":27},{"not_picked":["Sweeping Beam","Meteor Strike"],"picked":"Gash","floor":29},{"not_picked":["Compile Driver","Turbo"],"picked":"Stack+1","floor":31},{"not_picked":["Reboot","Multi-Cast"],"picked":"Biased Cognition+1","floor":33},{"not_picked":["Sweeping Beam","Stack"],"picked":"Hologram+1","floor":35},{"not_picked":["Go for the Eyes","Rebound"],"picked":"Gash","floor":37},{"not_picked":["Coolheaded","Blizzard"],"picked":"Loop+1","floor":38},{"not_picked":["Compile Driver","Redo"],"picked":"Seek","floor":41},{"not_picked":["Hello World+1","Chaos"],"picked":"Streamline+1","floor":44},{"not_picked":["Conserve Battery","Hologram"],"picked":"BootSequence","floor":46},{"not_picked":["Darkness","Turbo","Recycle"],"picked":"SKIP","floor":47},{"not_picked":["Sweeping Beam","Barrage"],"picked":"Storm+1","floor":48}],"player_experience":847821,"relics_obtained":[{"floor":7,"key":"Frozen Egg 2"},{"floor":9,"key":"Tiny Chest"},{"floor":22,"key":"Nilry\u0027s Codex"},{"floor":26,"key":"PreservedInsect"},{"floor":29,"key":"StoneCalendar"},{"floor":38,"key":"Old Coin"},{"floor":43,"key":"Happy Flower"},{"floor":48,"key":"Mummified Hand"}],"event_choices":[{"damage_healed":0,"gold_gain":0,"player_choice":"Success","damage_taken":5,"relics_obtained":["Orichalcum"],"max_hp_gain":0,"max_hp_loss":0,"event_name":"Scrap Ooze","floor":2,"gold_loss":0},{"cards_removed":["Defend_B"],"damage_healed":0,"gold_gain":0,"player_choice":"Card Removal","damage_taken":7,"max_hp_gain":0,"max_hp_loss":0,"event_name":"Golden Wing","floor":4,"gold_loss":0},{"cards_removed":["Strike_B"],"damage_healed":0,"gold_gain":0,"player_choice":"Elegance","damage_taken":0,"max_hp_gain":0,"max_hp_loss":0,"event_name":"Back to Basics","floor":19,"gold_loss":0},{"damage_healed":0,"gold_gain":0,"player_choice":"Obtained Book","damage_taken":21,"max_hp_gain":0,"max_hp_loss":0,"event_name":"Cursed Tome","floor":22,"gold_loss":0},{"damage_healed":0,"gold_gain":0,"player_choice":"Fight","damage_taken":0,"max_hp_gain":0,"max_hp_loss":0,"event_name":"Mysterious Sphere","floor":38,"gold_loss":0},{"damage_healed":0,"gold_gain":50,"player_choice":"Pray","damage_taken":0,"max_hp_gain":0,"max_hp_loss":0,"event_name":"Golden Shrine","floor":39,"gold_loss":0}],"is_beta":true,"boss_relics":[{"not_picked":["Empty Cage","Coffee Dripper"],"picked":"Philosopher\u0027s Stone"},{"not_picked":["Velvet Choker","Pandora\u0027s Box"],"picked":"Nuclear Battery"}],"items_purged_floors":[12],"is_endless":false,"potions_floor_spawned":[3,7,18,23,29,31,37,38,41,47,48],"killed_by":"Awakened One","ascension_level":20}