{"path_per_floor":["M","?","M","?","?","R","$","M","T","M","R","M","$","M","R","B",null,"M","?","M","?"],"character_chosen":"THE_SILENT","items_purchased":["Apotheosis","Dagger Spray"],"gold_per_floor":[113,113,131,306,306,306,23,33,33,53,53,66,39,53,53,157,157,170,170,185,110],"floor_reached":22,"campfire_rested":1,"playtime":972,"current_hp_per_floor":[62,62,45,45,45,70,70,70,70,60,66,58,58,52,60,15,70,58,58,27,27],"items_purged":["Doubt"],"gold":110,"score":176,"play_id":"5d9ac332-cd65-433e-8feb-2b13da1daf94","local_time":"20180319041539","is_prod":false,"is_daily":false,"is_ascension_mode":false,"campfire_upgraded":0,"timestamp":1521441939,"path_taken":["M","?","M","?","?","R","?","M","T","M","R","M","$","M","R","BOSS","M","?","M","?","M"],"build_version":"2018-03-15v3","purchased_purges":1,"victory":false,"master_deck":["Defend_G","Defend_G","Defend_G","Defend_G","Defend_G","Strike_G","Strike_G","Strike_G","Strike_G","Strike_G","Survivor","Neutralize","Wraith Form+1","Deadly Poison","Apotheosis","Outmaneuver","Catalyst","Poisoned Stab","Dagger Spray","Deflect","Envenom+1","Deflect","PiercingWail"],"max_hp_per_floor":[70,70,70,70,70,70,70,70,70,70,70,70,70,70,70,70,70,70,70,70,70],"relics":["Eternal Feather","Dead Branch","Shovel","Du-Vu Doll","Frozen Egg 2","Black Star"],"card_choices":[{"not_picked":["Predator","Slice"],"picked":"Wraith Form"},{"not_picked":["Bane","Leg Sweep"],"picked":"Deadly Poison"},{"not_picked":["Heel Hook","Distraction"],"picked":"Outmaneuver"},{"not_picked":["All Out Attack","Deflect"],"picked":"Catalyst"},{"not_picked":["Cloak And Dagger","Eviscerate"],"picked":"Poisoned Stab"},{"not_picked":["Malaise","Predator"],"picked":"Deflect"},{"not_picked":["Burst","Adrenaline"],"picked":"Envenom"},{"not_picked":["Malaise","Quick Slash"],"picked":"Deflect"},{"not_picked":["Deadly Poison","Flying Knee"],"picked":"PiercingWail"}],"player_experience":198559,"potions_floor_usage":[8,14,18,20,20,22,22],"damage_taken":[{"damage":8,"enemies":"Cultist","floor":1,"turns":5},{"damage":17,"enemies":"Jaw Worm","floor":3,"turns":5},{"damage":0,"enemies":"2 Louse","floor":8,"turns":1},{"damage":10,"enemies":"Large Slime","floor":10,"turns":11},{"damage":8,"enemies":"Looter","floor":12,"turns":4},{"damage":6,"enemies":"3 Louse","floor":14,"turns":3},{"damage":45,"enemies":"Slime Boss","floor":16,"turns":8},{"damage":12,"enemies":"3 Byrds","floor":18,"turns":5},{"damage":31,"enemies":"2 Thieves","floor":20,"turns":5},{"damage":46,"enemies":"Cultist and Chosen","floor":22,"turns":6}],"event_choices":[{"event_name":"Big Fish","player_choice":"Box","floor":2,"damage_taken":0},{"event_name":"Liars Game","player_choice":"agreed","floor":4,"damage_taken":0},{"event_name":"Upgrade Shrine","player_choice":"Upgraded","floor":5,"damage_taken":0},{"event_name":"The Lab","player_choice":"Got Potions","floor":19,"damage_taken":0},{"event_name":"Beggar","player_choice":"Gave Gold","floor":21,"damage_taken":0}],"boss_relics":[{"not_picked":["Velvet Choker","Pandora\u0027s Box"],"picked":"Black Star"}],"potions_floor_spawned":[1,3,16,20],"seed_played":"-6578925674515773333","killed_by":"Cultist and Chosen","ascension_level":0,"is_trial":false}