{"path_per_floor":["M","M","?","$","M","R","M","R","T","R","M","$","M","M","R","B",null,"M","M","$","M","$","E","$","R","T","?","M","?","?","$","R","B",null,"M","?","?","M","M","R","$","M","T","M","$","?","$","M","R"],"character_chosen":"IRONCLAD","items_purchased":["Apotheosis","Cleave","True Grit","Dark Shackles","Singing Bowl","Blood Vial","Deep Breath"],"gold_per_floor":[114,129,379,100,115,115,130,130,130,130,145,96,111,126,126,226,226,241,256,256,271,271,301,181,181,231,231,246,246,246,96,96,196,196,211,211,211,226,241,241,91,106,106,121,121,121,26,41,41,41],"floor_reached":50,"campfire_rested":2,"playtime":2102,"current_hp_per_floor":[80,80,80,80,80,80,80,80,80,80,80,80,80,80,80,80,80,78,80,80,66,66,60,60,80,87,70,65,65,65,65,92,41,92,92,92,92,96,92,92,92,78,78,74,74,101,101,112,112,0],"items_purged":["Regret"],"gold":41,"score":554,"play_id":"2c67bd91-f772-4ad3-bd6b-86f09068c289","local_time":"20180323004311","daily_mods":["Time Dilation","Binary","Vintage"],"is_prod":false,"is_daily":true,"is_ascension_mode":false,"campfire_upgraded":5,"timestamp":1521774791,"path_taken":["M","M","?","$","M","R","M","R","T","R","M","$","M","?","R","BOSS","M","M","$","M","$","E","$","R","T","?","?","?","?","?","R","BOSS","M","?","?","M","M","R","$","M","T","M","$","?","$","M","R","BOSS"],"build_version":"2018-03-22","purchased_purges":1,"victory":false,"master_deck":["Strike_R","Strike_R+1","Strike_R","Strike_R+1","Strike_R+1","Defend_R+1","Defend_R","Defend_R","Defend_R+1","Bash+1","Apotheosis+1","Cleave+1","Battle Trance+1","True Grit+1","Dark Shackles+1","Anger+1","Feed+1","Juggernaut","Rupture","Deep Breath+1"],"max_hp_per_floor":[80,80,80,80,80,80,80,80,80,80,80,80,80,80,80,80,80,80,80,80,80,80,80,80,80,87,92,92,92,92,92,92,92,92,92,92,92,96,100,100,100,104,104,108,108,108,108,112,112,112],"relics":["Black Blood","Toxic Egg 2","Happy Flower","Gambling Chip","Ginger","Omamori","Mercury Hourglass","Blue Candle","Du-Vu Doll","Pantograph","Bottled Flame","War Paint","Shuriken","Toolbox","Strawberry","Ice Cream","Singing Bowl","Art of War","Runic Pyramid","Meat on the Bone","Letter Opener","Bronze Scales","Blood Vial","Gremlin Horn","Anchor","Whetstone","Girya"],"card_choices":[{"not_picked":["Fiend Fire"],"picked":"Brutality","floor":16},{"not_picked":["Clothesline"],"picked":"Battle Trance","floor":23},{"not_picked":["Bludgeon"],"picked":"Feed","floor":33}],"player_experience":225926,"potions_floor_usage":[16,16,18,21,23,33,39,50,50],"damage_taken":[{"damage":3,"enemies":"Jaw Worm","floor":1,"turns":4},{"damage":6,"enemies":"Cultist","floor":2,"turns":3},{"damage":0,"enemies":"2 Louse","floor":5,"turns":2},{"damage":3,"enemies":"Large Slime","floor":7,"turns":5},{"damage":0,"enemies":"Red Slaver","floor":11,"turns":4},{"damage":2,"enemies":"Looter","floor":13,"turns":3},{"damage":6,"enemies":"Exordium Thugs","floor":14,"turns":3},{"damage":1,"enemies":"Slime Boss","floor":16,"turns":6},{"damage":12,"enemies":"Shell Parasite","floor":18,"turns":7},{"damage":5,"enemies":"Chosen","floor":19,"turns":4},{"damage":24,"enemies":"Slaver and Parasite","floor":21,"turns":8},{"damage":16,"enemies":"Gremlin Leader","floor":23,"turns":7},{"damage":15,"enemies":"Cultist and Chosen","floor":28,"turns":5},{"damage":61,"enemies":"Automaton","floor":33,"turns":8},{"damage":3,"enemies":"3 Darklings","floor":35,"turns":4},{"damage":0,"enemies":"Orb Walker","floor":38,"turns":4},{"damage":18,"enemies":"Sphere and 2 Shapes","floor":39,"turns":4},{"damage":34,"enemies":"Maw","floor":42,"turns":8},{"damage":20,"enemies":"3 Darklings","floor":44,"turns":4},{"damage":0,"enemies":"4 Shapes","floor":48,"turns":3},{"damage":122,"enemies":"Time Eater","floor":50,"turns":11}],"event_choices":[{"event_name":"Golden Shrine","player_choice":"Desecrate","floor":3,"damage_taken":0},{"event_name":"Forgotten Altar","player_choice":"Shed Blood","floor":27,"damage_taken":0},{"event_name":"Purifier","player_choice":"One Purge","floor":29,"damage_taken":0},{"event_name":"The Library","player_choice":"Read","floor":30,"damage_taken":0},{"event_name":"Match and Keep!","player_choice":"2 cards matched","floor":36,"damage_taken":0},{"event_name":"Mysterious Sphere","player_choice":"Ignore","floor":37,"damage_taken":0},{"event_name":"Winding Halls","player_choice":"Writhe","floor":46,"damage_taken":0}],"boss_relics":[{"not_picked":["Question Card","Philosopher\u0027s Stone"],"picked":"Black Blood"},{"not_picked":["Cursed Key","Snecko Eye"],"picked":"Runic Pyramid"}],"potions_floor_spawned":[1,13,14,19,21,28,33,38,44],"seed_played":"3670860265742688607","killed_by":"Time Eater","ascension_level":0,"is_trial":false}