{"path_per_floor":["M","?","?","?","$","R","M","R","T","M","M","R","M","M","R","B",null,"M","M","M","M","M","R","M","M","T","M","?","$","$","M","R"],"character_chosen":"THE_SILENT","items_purchased":["PiercingWail"],"gold_per_floor":[99,99,99,99,50,50,50,50,50,50,50,50,50,50,50,50,50,5,5,5,5,5,5,5,5,5,5,5,5,5,5,5,5],"floor_reached":33,"campfire_rested":2,"playtime":1290,"current_hp_per_floor":[70,70,70,56,56,56,56,56,56,56,56,56,56,56,56,44,70,61,61,54,42,37,58,36,18,18,2,25,25,25,8,29,0],"items_purged":[],"gold":5,"score":257,"play_id":"7c25baae-bd33-4e07-8f9c-ff8fab85a7a0","local_time":"20180326004148","is_prod":false,"is_daily":false,"is_ascension_mode":true,"campfire_upgraded":2,"timestamp":1522033908,"path_taken":["M","?","?","?","$","R","M","R","T","M","M","R","M","?","R","BOSS","M","?","M","M","M","R","M","M","T","M","?","?","$","?","R","BOSS"],"build_version":"2018-03-22v2","purchased_purges":0,"victory":false,"master_deck":["Defend_G+1","Defend_G","Defend_G","Defend_G","Defend_G+1","Strike_G","Strike_G","Strike_G","Strike_G","Survivor","Neutralize","Dagger Spray+1","PiercingWail","Riddle With Holes+1","Outmaneuver","Backflip","Dagger Throw","Dagger Throw","A Thousand Cuts","Sucker Punch","Crippling Poison+1","Outmaneuver+1","Dash+1","Outmaneuver+1"],"max_hp_per_floor":[70,70,70,70,70,70,70,70,70,70,70,70,70,70,70,70,70,70,70,70,70,70,70,70,70,70,70,70,70,70,70,70,70],"relics":["Ectoplasm","Girya","Black Star","Art of War"],"card_choices":[{"not_picked":["Backstab","Burst"],"picked":"Dagger Spray","floor":1},{"not_picked":["Outmaneuver","Flechettes"],"picked":"Riddle With Holes","floor":7},{"not_picked":["Underhanded Strike","Calculated Gamble"],"picked":"Outmaneuver","floor":10},{"not_picked":["Dagger Throw","Deflect"],"picked":"Backflip","floor":11},{"not_picked":["Doppelganger","Reflex"],"picked":"Dagger Throw","floor":13},{"not_picked":["Blade Dance","Dagger Spray"],"picked":"Dagger Throw","floor":14},{"not_picked":["Tactician","Burst"],"picked":"A Thousand Cuts","floor":16},{"not_picked":["All Out Attack","Prepared"],"picked":"Sucker Punch","floor":18},{"not_picked":["Underhanded Strike","Flying Knee"],"picked":"Crippling Poison","floor":20},{"not_picked":["Escape Plan","Accuracy"],"picked":"Outmaneuver","floor":22},{"not_picked":["Well Laid Plans","Poisoned Stab"],"picked":"Dash","floor":25},{"not_picked":["Prepared","Quick Slash"],"picked":"Outmaneuver","floor":31}],"player_experience":241294,"potions_floor_usage":[16,19,20,22,24,31,33],"damage_taken":[{"damage":0,"enemies":"2 Louse","floor":1,"turns":3},{"damage":0,"enemies":"Cultist","floor":7,"turns":4},{"damage":0,"enemies":"Jaw Worm","floor":10,"turns":3},{"damage":0,"enemies":"Blue Slaver","floor":11,"turns":3},{"damage":0,"enemies":"2 Fungi Beasts","floor":13,"turns":2},{"damage":0,"enemies":"Large Slime","floor":14,"turns":3},{"damage":12,"enemies":"Hexaghost","floor":16,"turns":8},{"damage":9,"enemies":"2 Thieves","floor":18,"turns":3},{"damage":0,"enemies":"Chosen","floor":19,"turns":4},{"damage":7,"enemies":"Snecko","floor":20,"turns":3},{"damage":12,"enemies":"Centurion and Healer","floor":21,"turns":4},{"damage":5,"enemies":"Sentry and Sphere","floor":22,"turns":4},{"damage":22,"enemies":"Slaver and Parasite","floor":24,"turns":4},{"damage":18,"enemies":"Snake Plant","floor":25,"turns":5},{"damage":16,"enemies":"Centurion and Healer","floor":27,"turns":5},{"damage":32,"enemies":"Sentry and Sphere","floor":31,"turns":6},{"damage":34,"enemies":"Collector","floor":33,"turns":13}],"event_choices":[{"event_name":"Bonfire Elementals","player_choice":"BASIC","floor":2,"damage_taken":0},{"event_name":"Golden Wing","player_choice":"Ignored","floor":3,"damage_taken":0},{"event_name":"Shining Light","player_choice":"Entered Light","floor":4,"damage_taken":0},{"event_name":"The Library","player_choice":"Heal","floor":28,"damage_taken":0}],"boss_relics":[{"not_picked":["Eternal Feather","Sozu"],"picked":"Black Star"}],"potions_floor_spawned":[10,13,16,19,22,27,31],"seed_played":"-1761411350299888880","killed_by":"Collector","ascension_level":1,"is_trial":false}