{"path_per_floor":["M","M","?","$","M","R","E","M","T","$","M","?","R","M","R","B",null,"M","?","M","$","M","R","E","?","T","M","$","R","M","?","R"],"character_chosen":"THE_SILENT","items_purchased":["Distraction","Accuracy","Madness"],"gold_per_floor":[118,128,128,94,106,106,139,154,178,144,156,156,156,173,173,276,576,594,594,610,446,466,466,495,495,518,529,429,429,448,373,373,373],"floor_reached":33,"campfire_rested":4,"playtime":1473,"current_hp_per_floor":[70,70,70,70,64,64,29,29,29,29,31,17,38,38,59,31,70,66,66,68,68,37,58,56,56,56,41,41,62,63,63,63,0],"items_purged":["Pain","Injury"],"gold":373,"score":280,"play_id":"9d19a347-0e84-4a53-92fd-5f6cee184ace","local_time":"20180325211406","is_prod":false,"is_daily":false,"is_ascension_mode":true,"campfire_upgraded":2,"timestamp":1522021446,"path_taken":["M","M","?","$","M","R","E","?","T","$","M","?","R","M","R","BOSS","M","?","M","$","M","R","E","?","T","M","$","R","M","?","R","BOSS"],"build_version":"2018-03-22v2","purchased_purges":3,"victory":false,"master_deck":["Defend_G","Defend_G+1","Defend_G+1","Defend_G+1","Defend_G","Strike_G","Strike_G","Strike_G","Strike_G","Strike_G","Survivor","Neutralize","Dagger Spray+1","Leg Sweep","Distraction","Backstab","Dagger Spray","Poisoned Stab","Accuracy+1","Infinite Blades","Die Die Die","Outmaneuver+1","Infinite Blades","Cloak And Dagger+1","Madness","Backflip+1","Acrobatics","Blade Dance"],"max_hp_per_floor":[70,70,70,70,70,70,70,70,70,70,70,70,70,70,70,70,70,70,70,70,70,70,70,70,70,70,70,70,70,70,70,70,70],"relics":["Sozu","Bird Faced Urn","Anchor","Calling Bell","Oddly Smooth Stone","Du-Vu Doll","Old Coin","War Paint","Frozen Egg 2","Lantern"],"card_choices":[{"not_picked":["Well Laid Plans","Distraction"],"picked":"Dagger Spray","floor":1},{"not_picked":["Dodge and Roll","Deadly Poison"],"picked":"Leg Sweep","floor":2},{"not_picked":["Accuracy","Infinite Blades"],"picked":"Backstab","floor":5},{"not_picked":["Bane","Underhanded Strike"],"picked":"Dagger Spray","floor":7},{"not_picked":["Distraction","Reflex"],"picked":"Poisoned Stab","floor":8},{"not_picked":["Underhanded Strike","Expertise"],"picked":"Infinite Blades","floor":14},{"not_picked":["Tactician","Unload"],"picked":"Die Die Die","floor":16},{"not_picked":["Quick Slash","Leg Sweep"],"picked":"Outmaneuver","floor":18},{"not_picked":["Footwork","Setup"],"picked":"Cloak And Dagger","floor":20},{"not_picked":["Outmaneuver","Malaise"],"picked":"Backflip","floor":22},{"not_picked":["Underhanded Strike","Catalyst"],"picked":"Acrobatics","floor":27},{"not_picked":["Dagger Throw","Tools of the Trade"],"picked":"Blade Dance","floor":30}],"player_experience":238250,"potions_floor_usage":[],"damage_taken":[{"damage":0,"enemies":"2 Louse","floor":1,"turns":4},{"damage":0,"enemies":"Cultist","floor":2,"turns":4},{"damage":6,"enemies":"Jaw Worm","floor":5,"turns":6},{"damage":35,"enemies":"Gremlin Nob","floor":7,"turns":5},{"damage":0,"enemies":"Lots of Slimes","floor":8,"turns":3},{"damage":0,"enemies":"Exordium Wildlife","floor":11,"turns":4},{"damage":0,"enemies":"2 Fungi Beasts","floor":14,"turns":2},{"damage":32,"enemies":"Hexaghost","floor":16,"turns":13},{"damage":6,"enemies":"Chosen","floor":18,"turns":6},{"damage":0,"enemies":"3 Byrds","floor":20,"turns":3},{"damage":37,"enemies":"Cultist and Chosen","floor":22,"turns":6},{"damage":8,"enemies":"Slavers","floor":24,"turns":6},{"damage":21,"enemies":"Snake Plant","floor":27,"turns":5},{"damage":5,"enemies":"Sentry and Sphere","floor":30,"turns":6},{"damage":71,"enemies":"Champ","floor":33,"turns":10}],"event_choices":[{"event_name":"The Woman in Blue","player_choice":"Bought 0 Potions","floor":3,"damage_taken":0},{"event_name":"Shining Light","player_choice":"Entered Light","floor":12,"damage_taken":0},{"event_name":"Duplicator","player_choice":"One dupe","floor":19,"damage_taken":0},{"event_name":"The Mausoleum","player_choice":"Yes","floor":25,"damage_taken":0},{"event_name":"Beggar","player_choice":"Gave Gold","floor":31,"damage_taken":0}],"boss_relics":[{"not_picked":["Ectoplasm","Orrery"],"picked":"Calling Bell"}],"potions_floor_spawned":[1,2,16,20,27,30],"seed_played":"3341206746684754234","killed_by":"Champ","ascension_level":1,"is_trial":false}