{"gold_per_floor":[114,129,129,1,20,20,20,20,20,54,54,54,65,65,65,136,136,150,330,30,46,3,3,14,14,37,37,48,58,0,50,50,122,122,140,140,140,153,164,164,176,196,274,293,305,316,0,17,17,17],"floor_reached":50,"playtime":2042,"items_purged":["Dualcast","Strike_B"],"score":942,"play_id":"8c618456-b579-4d44-96ca-2d95d73a7211","local_time":"20181222010016","is_ascension_mode":true,"campfire_choices":[{"data":"Sweeping Beam","floor":6.0,"key":"SMITH"},{"data":"1","floor":8.0,"key":"LIFT"},{"floor":11.0,"key":"REST"},{"data":"2","floor":15.0,"key":"LIFT"},{"data":"3","floor":23.0,"key":"LIFT"},{"floor":25.0,"key":"REST"},{"floor":27.0,"key":"REST"},{"data":"Hologram","floor":32.0,"key":"SMITH"},{"floor":40,"key":"REST"},{"floor":49,"key":"REST"}],"neow_cost":"NONE","seed_source_timestamp":24218503842684,"circlet_count":0,"master_deck":["AscendersBane","Strike_B","Strike_B","Strike_B","Defend_B+1","Defend_B","Defend_B","Defend_B","Zap+1","Streamline","Sweeping Beam+1","Conserve Battery","Electrodynamics+1","Conserve Battery","Meteor Strike","Skim+1","Hologram+1","Beam Cell+1","Gash+1","Conserve Battery","Gash+1","Go for the Eyes+1","All For One+1","Leap","Go for the Eyes+1","Stack","Conserve Battery+1","Gash+1","Meteor Strike+1","Undo"],"special_seed":0,"relics":["Nuclear Battery","Girya","The Courier","Potion Belt","Question Card","Busted Crown","Molten Egg 2","Oddly Smooth Stone","White Beast Statue","Ornamental Fan","Lantern"],"potions_floor_usage":[41,45,45,48,48,50,50,50],"damage_taken":[{"damage":12.0,"enemies":"Cultist","floor":1.0,"turns":4.0},{"damage":4.0,"enemies":"Small Slimes","floor":2.0,"turns":4.0},{"damage":0.0,"enemies":"Jaw Worm","floor":5.0,"turns":3.0},{"damage":15.0,"enemies":"Lagavulin","floor":10.0,"turns":5.0},{"damage":4.0,"enemies":"Blue Slaver","floor":13.0,"turns":3.0},{"damage":10.0,"enemies":"The Guardian","floor":16.0,"turns":12.0},{"damage":11.0,"enemies":"Chosen","floor":18.0,"turns":4.0},{"damage":9.0,"enemies":"2 Thieves","floor":21.0,"turns":4.0},{"damage":2.0,"enemies":"Centurion and Healer","floor":24.0,"turns":4.0},{"damage":2.0,"enemies":"Snecko","floor":28.0,"turns":3.0},{"damage":11.0,"enemies":"Sentry and Sphere","floor":29.0,"turns":3.0},{"damage":28.0,"enemies":"Champ","floor":33.0,"turns":8.0},{"damage":0,"enemies":"3 Darklings","floor":35,"turns":3},{"damage":10,"enemies":"3 Shapes","floor":38,"turns":4},{"damage":5,"enemies":"Writhing Mass","floor":39,"turns":4},{"damage":22,"enemies":"Maw","floor":41,"turns":7},{"damage":0,"enemies":"Transient","floor":42,"turns":6},{"damage":9,"enemies":"3 Darklings","floor":44,"turns":3},{"damage":9,"enemies":"4 Shapes","floor":45,"turns":7},{"damage":32,"enemies":"Jaw Worm Horde","floor":46,"turns":4},{"damage":4,"enemies":"Maw","floor":48,"turns":6},{"damage":39,"enemies":"Awakened One","floor":50,"turns":3}],"seed_played":"4268744659060343648","potions_obtained":[{"floor":1.0,"key":"Fire Potion"},{"floor":18.0,"key":"Ancient Potion"},{"floor":21.0,"key":"Fruit Juice"},{"floor":35,"key":"AttackPotion"},{"floor":38,"key":"FearPotion"},{"floor":39,"key":"Ancient Potion"},{"floor":41,"key":"LiquidBronze"},{"floor":42,"key":"SpeedPotion"},{"floor":44,"key":"Regen Potion"},{"floor":45,"key":"Fruit Juice"},{"floor":46,"key":"SteroidPotion"},{"floor":48,"key":"FearPotion"}],"is_trial":false,"path_per_floor":["M","M","?","$","M","R","T","R","T","E","R","T","M","?","R","B",null,"M","?","$","M","$","R","M","R","T","R","M","M","?","?","R","B",null,"M","?","?","M","M","R","M","M","T","M","M","M","$","M","R","B"],"character_chosen":"DEFECT","items_purchased":["SteroidPotion","Hologram","Molten Egg 2","Beam Cell+1","SteroidPotion","Lantern","Block Potion","Undo"],"campfire_rested":5,"item_purchase_floors":[4,20,20,20,22,47,47,47],"current_hp_per_floor":[52,48,27,27,27,27,27,27,27,12,33,33,29,29,29,19,58,47,19,19,15,15,15,13,35,35,57,55,44,44,44,44,16,61,61,61,61,51,46,68,46,46,46,37,48,16,16,12,36,0],"gold":17,"neow_bonus":"BOSS_RELIC","is_prod":false,"is_daily":false,"chose_seed":false,"campfire_upgraded":2,"win_rate":0,"timestamp":1545436816,"path_taken":["M","?","?","$","M","R","?","R","T","E","R","?","?","?","R","BOSS","M","?","?","M","?","R","M","R","T","R","M","?","?","?","R","BOSS","M","?","?","?","M","R","M","M","T","M","M","?","$","M","R","BOSS"],"build_version":"2018-12-20","purchased_purges":2,"victory":false,"max_hp_per_floor":[71,71,71,71,71,71,71,71,71,71,71,71,71,71,71,71,71,71,71,71,76,76,76,76,76,76,76,76,76,76,76,76,76,76,76,76,76,76,76,76,76,76,76,76,81,81,81,81,81,81],"card_choices":[{"not_picked":["Loop","Gash"],"picked":"Streamline","floor":1.0},{"not_picked":["Ball Lightning","Cold Snap"],"picked":"Sweeping Beam","floor":2.0},{"not_picked":["Redo","Go for the Eyes"],"picked":"Conserve Battery","floor":5.0},{"not_picked":["Leap","Streamline"],"picked":"Electrodynamics","floor":10.0},{"not_picked":["Go for the Eyes","Rebound","Sweeping Beam"],"picked":"Conserve Battery","floor":13.0},{"not_picked":["Creative AI","All For One","Multi-Cast"],"picked":"Meteor Strike","floor":16.0},{"not_picked":["Recycle"],"picked":"Skim","floor":18.0},{"not_picked":["Leap"],"picked":"Gash+1","floor":21.0},{"not_picked":["Fusion"],"picked":"Conserve Battery","floor":24.0},{"not_picked":["Coolheaded"],"picked":"Gash+1","floor":28.0},{"not_picked":["Rebound+1"],"picked":"Go for the Eyes+1","floor":29.0},{"not_picked":["Meteor Strike+1"],"picked":"All For One+1","floor":33.0},{"not_picked":["Force Field"],"picked":"Leap","floor":35},{"not_picked":["Conserve Battery"],"picked":"Go for the Eyes+1","floor":38},{"not_picked":["White Noise","Streamline+1"],"picked":"SKIP","floor":39},{"not_picked":["Heatsinks","White Noise"],"picked":"SKIP","floor":41},{"not_picked":["Steam"],"picked":"Stack","floor":42},{"not_picked":["BootSequence"],"picked":"Conserve Battery+1","floor":44},{"not_picked":["Force Field"],"picked":"Gash+1","floor":45},{"not_picked":["Lockon+1"],"picked":"Meteor Strike+1","floor":46},{"not_picked":["White Noise+1","Barrage+1"],"picked":"SKIP","floor":48}],"player_experience":853307,"relics_obtained":[{"floor":7.0,"key":"Girya"},{"floor":9.0,"key":"The Courier"},{"floor":10.0,"key":"Potion Belt"},{"floor":12.0,"key":"Question Card"},{"floor":26.0,"key":"Oddly Smooth Stone"},{"floor":43,"key":"Ornamental Fan"}],"event_choices":[{"damage_healed":0.0,"max_hp_gain":0.0,"max_hp_loss":0.0,"gold_gain":0.0,"event_name":"Shining Light","player_choice":"Entered Light","floor":3.0,"gold_loss":0.0,"damage_taken":21.0,"cards_upgraded":["Zap","Defend_B"]},{"damage_healed":0.0,"max_hp_gain":0.0,"max_hp_loss":0.0,"gold_gain":0.0,"event_name":"Living Wall","player_choice":"Grow","floor":14.0,"gold_loss":0.0,"damage_taken":0.0,"cards_upgraded":["Electrodynamics"]},{"damage_healed":0.0,"max_hp_gain":0.0,"max_hp_loss":0.0,"gold_gain":180.0,"event_name":"Knowing Skull","player_choice":"POTION GOLD GOLD ","floor":19.0,"potions_obtained":["SpeedPotion"],"gold_loss":0.0,"damage_taken":28.0,"cards_obtained":[]},{"damage_healed":0.0,"max_hp_gain":0.0,"max_hp_loss":0.0,"gold_gain":0.0,"event_name":"Masked Bandits","player_choice":"Paid Fearfully","floor":30.0,"gold_loss":58.0,"damage_taken":0.0},{"damage_healed":0.0,"max_hp_gain":0.0,"max_hp_loss":0.0,"gold_gain":50.0,"event_name":"Nest","player_choice":"Stole From Cult","floor":31.0,"gold_loss":0.0,"damage_taken":0.0},{"damage_healed":0,"gold_gain":0,"player_choice":"Ignored","damage_taken":0,"max_hp_gain":0,"max_hp_loss":0,"event_name":"Tomb of Lord Red Mask","floor":36,"gold_loss":0},{"damage_healed":0,"gold_gain":0,"player_choice":"Forge","damage_taken":0,"max_hp_gain":0,"max_hp_loss":0,"event_name":"Accursed Blacksmith","floor":37,"gold_loss":0,"cards_upgraded":["Skim"]}],"is_beta":true,"boss_relics":[{"not_picked":["Eternal Feather","Runic Dome"],"picked":"Busted Crown"},{"not_picked":["Tiny House","Fusion Hammer"],"picked":"White Beast Statue"}],"items_purged_floors":[4,47],"is_endless":false,"potions_floor_spawned":[1,18,21,35,38,39,41,42,44,45,46,48],"killed_by":"Awakened One","ascension_level":20}