{"gold_per_floor":[117,137,137,153,166,166,195,195,195,208,208,233,158,173,173,274,274,292,292,306,127,140,140,140,153,153,252,252,103,103,134,134,236,236,246,246,258,258,273,273,290,290,290,290,290,304,26,39,39,39],"floor_reached":51,"playtime":8038,"items_purged":["Strike_R","Strike_R","Strike_R","Parasite"],"score":702,"play_id":"4eccb3e4-1143-4c29-ab02-6452a15e637e","local_time":"20190224213113","is_ascension_mode":false,"campfire_choices":[{"data":"Flame Barrier","floor":6.0,"key":"SMITH"},{"data":"True Grit","floor":8.0,"key":"SMITH"},{"data":"Armaments","floor":15.0,"key":"SMITH"},{"data":"Body Slam","floor":23,"key":"SMITH"},{"data":"Barricade","floor":24,"key":"SMITH"},{"data":"Entrench","floor":28,"key":"SMITH"},{"data":"Shrug It Off","floor":30,"key":"SMITH"},{"floor":32,"key":"DIG"},{"data":"Shrug It Off","floor":40,"key":"SMITH"},{"floor":42,"key":"REST"},{"data":"Juggernaut","floor":44,"key":"SMITH"},{"data":"Rage","floor":45,"key":"SMITH"},{"floor":49,"key":"REST"}],"neow_cost":"NONE","seed_source_timestamp":702332211766067,"circlet_count":0,"master_deck":["Strike_R","Defend_R","Defend_R","Defend_R","Defend_R","Bash+1","Flame Barrier+1","Iron Wave+1","Shrug It Off+1","Rage+1","True Grit+1","Armaments+1","Barricade+1","Iron Wave","Dual Wield","Entrench+1","Body Slam+1","Disarm","Shrug It Off+1","Juggernaut+1","Impervious","Body Slam","Shockwave"],"special_seed":0,"relics":["Burning Blood","Letter Opener","Charon\u0027s Ashes","WingedGreaves","Girya","Cursed Key","Shovel","Whetstone","Sozu"],"potions_floor_usage":[18,33,33,41],"damage_taken":[{"damage":0.0,"enemies":"2 Louse","floor":1.0,"turns":3.0},{"damage":1.0,"enemies":"Cultist","floor":2.0,"turns":4.0},{"damage":7.0,"enemies":"Jaw Worm","floor":4.0,"turns":5.0},{"damage":10.0,"enemies":"Exordium Thugs","floor":5.0,"turns":6.0},{"damage":21.0,"enemies":"3 Sentries","floor":7.0,"turns":12.0},{"damage":6.0,"enemies":"Lots of Slimes","floor":10.0,"turns":5.0},{"damage":11.0,"enemies":"Gremlin Nob","floor":12.0,"turns":4.0},{"damage":0.0,"enemies":"Large Slime","floor":14.0,"turns":9.0},{"damage":31.0,"enemies":"The Guardian","floor":16.0,"turns":20.0},{"damage":6,"enemies":"Shell Parasite","floor":18,"turns":10},{"damage":0,"enemies":"Chosen","floor":20,"turns":8},{"damage":0,"enemies":"Sentry and Sphere","floor":22,"turns":14},{"damage":0,"enemies":"Shelled Parasite and Fungi","floor":25,"turns":5},{"damage":7,"enemies":"Book of Stabbing","floor":31,"turns":5},{"damage":25,"enemies":"Collector","floor":33,"turns":10},{"damage":0,"enemies":"Orb Walker","floor":35,"turns":4},{"damage":25,"enemies":"3 Darklings","floor":37,"turns":6},{"damage":10,"enemies":"Writhing Mass","floor":39,"turns":6},{"damage":22,"enemies":"Transient","floor":41,"turns":5},{"damage":1,"enemies":"3 Darklings","floor":46,"turns":6},{"damage":8,"enemies":"Spire Growth","floor":48,"turns":5},{"damage":0,"enemies":"Awakened One","floor":50,"turns":19}],"seed_played":"-5934880838799067211","potions_obtained":[{"floor":1.0,"key":"Poison Potion"},{"floor":11.0,"key":"EntropicBrew"},{"floor":11.0,"key":"Poison Potion"},{"floor":11.0,"key":"Energy Potion"},{"floor":12.0,"key":"GamblersBrew"},{"floor":14.0,"key":"AttackPotion"},{"floor":16.0,"key":"AttackPotion"},{"floor":20,"key":"PowerPotion"},{"floor":25,"key":"Strength Potion"},{"floor":31,"key":"Fire Potion"}],"is_trial":false,"path_per_floor":["M","M","?","M","M","R","E","R","T","M","?","E","$","M","R","B",null,"M","?","M","$","M","R","R","M","T","?","R","$","R","E","R","B",null,"M","?","M","T","M","R","M","R","T","R","R","M","$","M","R","B",null],"character_chosen":"IRONCLAD","items_purchased":["Entrench","Shrug It Off","Body Slam","Shockwave"],"campfire_rested":2,"item_purchase_floors":[21,29,47,47],"current_hp_per_floor":[80,80,80,79,75,75,60,60,60,60,60,55,55,61,61,36,80,80,80,80,80,80,80,80,80,80,80,80,80,80,79,79,60,80,80,80,61,61,57,57,41,65,65,65,65,70,70,68,77,77],"gold":39,"neow_bonus":"THREE_CARDS","is_prod":false,"is_daily":false,"chose_seed":false,"campfire_upgraded":10,"win_rate":0,"timestamp":1551011473,"path_taken":["M","M","?","M","M","R","E","R","T","?","?","E","$","M","R","BOSS","M","?","?","$","M","R","R","M","T","?","R","$","R","E","R","BOSS","M","?","M","?","M","R","M","R","T","R","R","?","$","M","R","BOSS"],"build_version":"2019-01-23","purchased_purges":4,"victory":true,"max_hp_per_floor":[80,80,80,80,80,80,80,80,80,80,80,80,80,80,80,80,80,80,80,80,80,80,80,80,80,80,80,80,80,80,80,80,80,80,80,80,80,80,80,80,80,80,80,80,80,80,77,77,77,77],"card_choices":[{"not_picked":["Thunderclap","Havoc"],"picked":"Flame Barrier","floor":0.0},{"not_picked":["Dropkick","Havoc","Anger"],"picked":"SKIP","floor":1.0},{"not_picked":["Searing Blow","Feel No Pain"],"picked":"Iron Wave","floor":2.0},{"not_picked":["Thunderclap","Flame Barrier"],"picked":"Shrug It Off","floor":4.0},{"not_picked":["Sentinel","Intimidate"],"picked":"Rage","floor":5.0},{"not_picked":["Rage","Perfected Strike"],"picked":"True Grit","floor":7.0},{"not_picked":["Sword Boomerang","Perfected Strike","Thunderclap"],"picked":"SKIP","floor":10.0},{"not_picked":["Anger","Heavy Blade"],"picked":"Armaments","floor":12.0},{"not_picked":["Havoc","Evolve","Reckless Charge"],"picked":"SKIP","floor":14.0},{"not_picked":["Offering","Reaper"],"picked":"Barricade","floor":16.0},{"not_picked":["Clothesline+1","Rampage+1"],"picked":"Iron Wave","floor":18},{"not_picked":["Iron Wave","Inflame"],"picked":"Dual Wield","floor":20},{"not_picked":["Infernal Blade","Twin Strike"],"picked":"Body Slam","floor":22},{"not_picked":["Heavy Blade+1","Warcry"],"picked":"Disarm","floor":25},{"not_picked":["Thunderclap+1","Anger","Iron Wave"],"picked":"SKIP","floor":31},{"not_picked":["Reaper","Fiend Fire"],"picked":"Juggernaut","floor":33},{"not_picked":["Anger","Pommel Strike+1","Havoc+1"],"picked":"SKIP","floor":35},{"not_picked":["Shrug It Off","Carnage","Corruption"],"picked":"SKIP","floor":37},{"not_picked":["Rage+1","Twin Strike+1","Headbutt+1"],"picked":"SKIP","floor":39},{"not_picked":["Sword Boomerang+1","Anger+1","Warcry+1"],"picked":"SKIP","floor":41},{"not_picked":["Heavy Blade+1","Headbutt"],"picked":"Impervious","floor":46},{"not_picked":["Wild Strike+1","Headbutt","Combust+1"],"picked":"SKIP","floor":48}],"player_experience":387301,"relics_obtained":[{"floor":7.0,"key":"Charon\u0027s Ashes"},{"floor":9.0,"key":"WingedGreaves"},{"floor":12.0,"key":"Girya"},{"floor":31,"key":"Shovel"},{"floor":32,"key":"Whetstone"}],"event_choices":[{"damage_healed":0.0,"max_hp_gain":0.0,"max_hp_loss":0.0,"gold_gain":0.0,"event_name":"WeMeetAgain","player_choice":"Gave Potion","floor":3.0,"gold_loss":0.0,"damage_taken":0.0,"relics_obtained":["Letter Opener"]},{"damage_healed":0.0,"max_hp_gain":0.0,"max_hp_loss":0.0,"gold_gain":0.0,"event_name":"Lab","player_choice":"Got Potions","floor":11.0,"gold_loss":0.0,"damage_taken":0.0},{"cards_removed":["Strike_R"],"damage_healed":0,"gold_gain":0,"player_choice":"Purged","damage_taken":0,"max_hp_gain":0,"max_hp_loss":0,"event_name":"Purifier","floor":19,"gold_loss":0},{"damage_healed":0,"gold_gain":99,"player_choice":"Stole From Cult","damage_taken":0,"max_hp_gain":0,"max_hp_loss":0,"event_name":"Nest","floor":27,"gold_loss":0},{"damage_healed":0,"gold_gain":0,"player_choice":"Memory 1","damage_taken":0,"max_hp_gain":0,"max_hp_loss":0,"event_name":"SensoryStone","floor":36,"gold_loss":0}],"is_beta":false,"boss_relics":[{"not_picked":["Velvet Choker","Tiny House"],"picked":"Cursed Key"},{"not_picked":["Snecko Eye","Pandora\u0027s Box"],"picked":"Sozu"}],"items_purged_floors":[13,21,29,47],"is_endless":false,"potions_floor_spawned":[1,12,14,16,20,25,31,35,37,46],"ascension_level":0}