{"gold_per_floor":[116,116,131,206,218,252,252,252,298,326,343,343,363,379,379,474,474,492,512,530,545,555,555,555,569,569,569,580,580,591,609,609,710,710,728,728,748,748,774,774,787,787,787,807,807,73,73,92,92,92,92,92,10,10],"floor_reached":54,"playtime":4731,"items_purged":["Decay"],"score":688,"play_id":"9c8674ae-e1c1-4c22-a81a-9fa85ea37a3c","local_time":"20190224190841","is_ascension_mode":true,"campfire_choices":[{"floor":8,"key":"REST"},{"floor":12,"key":"REST"},{"floor":15,"key":"REST"},{"floor":23,"key":"REST"},{"floor":27,"key":"REST"},{"floor":29,"key":"RECALL"},{"floor":32,"key":"REST"},{"data":"Noxious Fumes","floor":40,"key":"SMITH"},{"floor":45,"key":"REST"},{"data":"Caltrops","floor":47,"key":"SMITH"},{"floor":49,"key":"REST"},{"data":"Neutralize","floor":52,"key":"SMITH"}],"neow_cost":"NONE","seed_source_timestamp":27370874560988,"circlet_count":0,"master_deck":["Defend_G","Defend_G","Defend_G","Strike_G","Strike_G","Strike_G","Strike_G","Strike_G","Survivor","Neutralize+1","Outmaneuver","Slice","Caltrops","Escape Plan","Noxious Fumes+1","Parasite","Corpse Explosion","Deflect","Calculated Gamble","Adrenaline","Backflip+1","Deflect","Dash+1","Slice","Infinite Blades","Deflect+1","Backstab+1","Caltrops+1","Noxious Fumes"],"relics":["Ring of the Serpent","Oddly Smooth Stone","Kunai","Darkstone Periapt","Busted Crown","GremlinMask","Bottled Tornado","Juzu Bracelet","Ornamental Fan","Lantern","TheAbacus","The Specimen"],"potions_floor_usage":[6,16,16,16,28,33,33,33,50,50,50],"damage_taken":[{"damage":0,"enemies":"Jaw Worm","floor":1,"turns":5},{"damage":0,"enemies":"2 Louse","floor":3,"turns":3},{"damage":0,"enemies":"Small Slimes","floor":5,"turns":3},{"damage":24,"enemies":"3 Sentries","floor":6,"turns":11},{"damage":40,"enemies":"Gremlin Nob","floor":10,"turns":6},{"damage":6,"enemies":"Blue Slaver","floor":11,"turns":5},{"damage":10,"enemies":"Gremlin Gang","floor":13,"turns":5},{"damage":14,"enemies":"Exordium Wildlife","floor":14,"turns":6},{"damage":18,"enemies":"Hexaghost","floor":16,"turns":10},{"damage":10,"enemies":"3 Byrds","floor":18,"turns":4},{"damage":12,"enemies":"2 Thieves","floor":19,"turns":4},{"damage":6,"enemies":"Shelled Parasite and Fungi","floor":20,"turns":6},{"damage":14,"enemies":"Cultist and Chosen","floor":21,"turns":6},{"damage":9,"enemies":"Snake Plant","floor":22,"turns":6},{"damage":14,"enemies":"Snecko","floor":25,"turns":8},{"damage":2,"enemies":"Centurion and Healer","floor":28,"turns":6},{"damage":7,"enemies":"3 Cultists","floor":30,"turns":3},{"damage":15,"enemies":"Snecko","floor":31,"turns":6},{"damage":27,"enemies":"Champ","floor":33,"turns":14},{"damage":8,"enemies":"3 Darklings","floor":35,"turns":5},{"damage":0,"enemies":"Orb Walker","floor":37,"turns":5},{"damage":13,"enemies":"Spire Growth","floor":41,"turns":6},{"damage":10,"enemies":"3 Darklings","floor":44,"turns":3},{"damage":18,"enemies":"Sphere and 2 Shapes","floor":48,"turns":4},{"damage":44,"enemies":"Awakened One","floor":50,"turns":17},{"damage":84,"enemies":"Shield and Spear","floor":54,"turns":6}],"seed_played":"-1395060215998434705","potions_obtained":[{"floor":1,"key":"SkillPotion"},{"floor":6,"key":"Ancient Potion"},{"floor":10,"key":"Ancient Potion"},{"floor":13,"key":"FearPotion"},{"floor":19,"key":"Fire Potion"},{"floor":21,"key":"Block Potion"},{"floor":22,"key":"SteroidPotion"},{"floor":30,"key":"LiquidBronze"},{"floor":37,"key":"Poison Potion"},{"floor":44,"key":"Swift Potion"},{"floor":48,"key":"Ancient Potion"}],"is_trial":false,"path_per_floor":["M","?","M","?","M","E","?","R","T","E","M","R","M","M","R","B",null,"M","M","M","M","M","R","?","M","T","R","M","R","M","M","R","B",null,"M","?","M","?","T","R","M","?","T","M","R","$","R","M","R","B",null,"R","$","E"],"character_chosen":"THE_SILENT","items_purchased":["Lantern","TheAbacus","The Specimen","Noxious Fumes"],"campfire_rested":8,"item_purchase_floors":[46,46,46,53],"current_hp_per_floor":[70,63,63,52,52,28,45,66,66,26,20,41,31,17,38,20,70,60,48,42,28,19,40,40,26,26,47,45,45,38,23,44,17,70,62,68,68,68,68,68,55,55,55,45,67,67,67,49,71,27,76,76,76,0],"gold":10,"neow_bonus":"TRANSFORM_CARD","is_prod":false,"is_daily":false,"chose_seed":false,"campfire_upgraded":3,"win_rate":0,"timestamp":1551031721,"path_taken":["M","?","M","?","M","E","?","R","T","E","?","R","?","M","R","BOSS","M","M","M","M","M","R","?","M","T","R","?","R","M","M","R","BOSS","M","?","?","?","?","R","M","?","T","M","R","$","R","M","R","BOSS","R","$","E"],"build_version":"2019-01-23","purchased_purges":1,"victory":false,"max_hp_per_floor":[70,70,70,70,70,70,70,70,70,70,70,70,70,70,70,70,70,70,70,70,70,70,70,70,70,70,70,70,70,70,70,70,70,70,70,76,76,76,76,76,76,76,76,76,76,76,76,76,76,76,76,76,76,76],"card_choices":[{"not_picked":["Poisoned Stab","Blade Dance"],"picked":"Slice","floor":1},{"not_picked":["Deadly Poison","Bane"],"picked":"Caltrops","floor":3},{"not_picked":["Prepared","Backflip"],"picked":"Escape Plan","floor":5},{"not_picked":["Dagger Spray","Blade Dance"],"picked":"Noxious Fumes","floor":6},{"not_picked":["Infinite Blades","Envenom"],"picked":"Corpse Explosion","floor":10},{"not_picked":["Leg Sweep","Infinite Blades"],"picked":"Deflect","floor":11},{"not_picked":["Dagger Spray","Bane","Prepared"],"picked":"SKIP","floor":13},{"not_picked":["Skewer","Prepared"],"picked":"Calculated Gamble","floor":14},{"not_picked":["Corpse Explosion","Envenom"],"picked":"Adrenaline","floor":16},{"not_picked":[],"picked":"Backflip+1","floor":18},{"not_picked":[],"picked":"Deflect","floor":19},{"not_picked":[],"picked":"Dash+1","floor":20},{"not_picked":[],"picked":"Slice","floor":21},{"not_picked":["Sucker Punch"],"picked":"SKIP","floor":22},{"not_picked":["PiercingWail"],"picked":"SKIP","floor":25},{"not_picked":[],"picked":"Infinite Blades","floor":28},{"not_picked":["Bane"],"picked":"SKIP","floor":30},{"not_picked":["PiercingWail"],"picked":"SKIP","floor":31},{"not_picked":[],"picked":"Deflect+1","floor":35},{"not_picked":[],"picked":"Backstab+1","floor":37},{"not_picked":["Underhanded Strike"],"picked":"SKIP","floor":41},{"not_picked":[],"picked":"Caltrops","floor":44},{"not_picked":["PiercingWail"],"picked":"SKIP","floor":48}],"player_experience":50386,"relics_obtained":[{"floor":6,"key":"Kunai"},{"floor":10,"key":"Darkstone Periapt"},{"floor":26,"key":"Bottled Tornado"},{"floor":39,"key":"Juzu Bracelet"},{"floor":43,"key":"Ornamental Fan"}],"event_choices":[{"damage_healed":0,"gold_gain":0,"player_choice":"Success","damage_taken":7,"relics_obtained":["Oddly Smooth Stone"],"max_hp_gain":0,"max_hp_loss":0,"event_name":"Scrap Ooze","floor":2,"gold_loss":0},{"damage_healed":0,"gold_gain":75,"player_choice":"Gather Gold","damage_taken":11,"max_hp_gain":0,"max_hp_loss":0,"event_name":"World of Goop","floor":4,"gold_loss":0},{"damage_healed":17,"gold_gain":0,"player_choice":"Healed and dodged fight","damage_taken":0,"max_hp_gain":0,"max_hp_loss":0,"event_name":"Mushrooms","floor":7,"gold_loss":0,"cards_obtained":["Parasite"]},{"damage_healed":0,"gold_gain":0,"player_choice":"Trade","damage_taken":0,"relics_obtained":["GremlinMask"],"max_hp_gain":0,"max_hp_loss":0,"event_name":"FaceTrader","floor":24,"gold_loss":0},{"damage_healed":0,"gold_gain":0,"player_choice":"Cursed","damage_taken":0,"max_hp_gain":0,"max_hp_loss":0,"event_name":"Wheel of Change","floor":36,"gold_loss":0,"cards_obtained":["Decay"]},{"damage_healed":0,"gold_gain":0,"player_choice":"Ignored","damage_taken":0,"max_hp_gain":0,"max_hp_loss":0,"event_name":"Mysterious Sphere","floor":38,"gold_loss":0},{"cards_removed":["Defend_G"],"damage_healed":0,"gold_gain":0,"player_choice":"Removed Skill","damage_taken":0,"max_hp_gain":0,"max_hp_loss":0,"event_name":"Falling","floor":42,"gold_loss":0}],"is_beta":false,"boss_relics":[{"not_picked":["Sozu","Eternal Feather"],"picked":"Busted Crown"},{"not_picked":["Runic Pyramid","Snecko Eye"],"picked":"Ring of the Serpent"}],"items_purged_floors":[46],"is_endless":false,"potions_floor_spawned":[1,6,10,13,19,21,22,25,30,37,44,48],"killed_by":"Shield and Spear","ascension_level":1}