{"gold_per_floor":[164,184,184,17,37,67,94,94,117,130,78,113,113,133,133,228,228,228,19,35,35,18,18,18,18,41,60,60,74,87,122,122,122],"floor_reached":33,"playtime":1963,"items_purged":[],"score":275,"play_id":"8b1acf45-0cd4-4342-9029-59c74d9fee50","local_time":"20190118035150","is_ascension_mode":false,"campfire_choices":[{"floor":13,"key":"REST"},{"floor":15,"key":"REST"},{"data":"Apotheosis","floor":23,"key":"SMITH"},{"floor":25,"key":"RECALL"},{"floor":32,"key":"REST"}],"neow_cost":"NONE","seed_source_timestamp":27896564592563,"circlet_count":0,"master_deck":["Defend_G","Defend_G+1","Defend_G","Defend_G","Defend_G","Strike_G","Strike_G","Strike_G","Strike_G","Strike_G","Survivor","Neutralize","Poisoned Stab","Quick Slash+1","Expertise","Apotheosis+1","Tactician","All Out Attack","PiercingWail","After Image+1","Poisoned Stab","Flying Knee","After Image","Dagger Spray","Acrobatics","Crippling Poison","Distraction+1","Caltrops","Dodge and Roll+1"],"relics":["Tiny House","Centennial Puzzle","Odd Mushroom","Peace Pipe","Eternal Feather","Membership Card","Anchor","Lantern"],"potions_floor_usage":[6,6,6,10,18,27,31],"damage_taken":[{"damage":0,"enemies":"Small Slimes","floor":1,"turns":4},{"damage":0,"enemies":"Cultist","floor":2,"turns":3},{"damage":2,"enemies":"2 Louse","floor":5,"turns":3},{"damage":10,"enemies":"3 Sentries","floor":6,"turns":9},{"damage":17,"enemies":"The Mushroom Lair","floor":7,"turns":3},{"damage":5,"enemies":"Looter","floor":10,"turns":2},{"damage":19,"enemies":"Gremlin Nob","floor":12,"turns":5},{"damage":0,"enemies":"2 Fungi Beasts","floor":14,"turns":3},{"damage":28,"enemies":"Hexaghost","floor":16,"turns":8},{"damage":0,"enemies":"Shell Parasite","floor":18,"turns":1},{"damage":17,"enemies":"3 Byrds","floor":20,"turns":6},{"damage":22,"enemies":"Cultist and Chosen","floor":27,"turns":9},{"damage":24,"enemies":"Snecko","floor":29,"turns":6},{"damage":0,"enemies":"Snake Plant","floor":30,"turns":7},{"damage":21,"enemies":"Book of Stabbing","floor":31,"turns":7},{"damage":53,"enemies":"Collector","floor":33,"turns":18}],"seed_played":"9007117169233530087","potions_obtained":[{"floor":0,"key":"Ancient Potion"},{"floor":2,"key":"Ancient Potion"},{"floor":5,"key":"FearPotion"},{"floor":7,"key":"FearPotion"},{"floor":16,"key":"SmokeBomb"},{"floor":20,"key":"Poison Potion"},{"floor":30,"key":"Explosive Potion"}],"is_trial":false,"path_per_floor":["M","M","?","$","M","E","?","$","T","M","$","E","R","M","R","B",null,"M","$","M","?","$","R","?","R","T","M","?","M","M","E","R","B"],"character_chosen":"THE_SILENT","items_purchased":["Apotheosis","Poisoned Stab","Membership Card","Dagger Spray","Crippling Poison"],"campfire_rested":3,"item_purchase_floors":[4,11,19,19,22],"current_hp_per_floor":[75,75,75,75,73,63,46,46,46,41,41,22,44,44,66,38,75,75,75,58,44,44,59,59,74,74,52,52,28,28,7,46,0],"gold":122,"neow_bonus":"BOSS_RELIC","is_prod":false,"is_daily":false,"chose_seed":false,"campfire_upgraded":1,"win_rate":0,"timestamp":1547796110,"path_taken":["M","M","?","$","?","E","?","$","T","M","$","E","R","M","R","BOSS","M","$","M","?","$","R","?","R","T","M","?","M","?","E","R","BOSS"],"build_version":"2019-01-16","purchased_purges":0,"victory":false,"max_hp_per_floor":[75,75,75,75,75,75,75,75,75,75,75,75,75,75,75,75,75,75,75,75,80,80,80,80,80,80,80,80,80,80,80,80,80],"card_choices":[{"not_picked":["Sucker Punch","Acrobatics"],"picked":"Poisoned Stab","floor":0},{"not_picked":["Cloak And Dagger","Deflect"],"picked":"Quick Slash","floor":1},{"not_picked":["Crippling Poison","Heel Hook"],"picked":"Expertise","floor":2},{"not_picked":["Outmaneuver","Underhanded Strike"],"picked":"Tactician","floor":5},{"not_picked":["Dodge and Roll","Dagger Throw"],"picked":"All Out Attack","floor":6},{"not_picked":["Distraction","Dagger Throw"],"picked":"PiercingWail","floor":7},{"not_picked":["Dagger Throw","Outmaneuver"],"picked":"After Image","floor":10},{"not_picked":["Quick Slash","Cloak And Dagger"],"picked":"Flying Knee","floor":12},{"not_picked":["Endless Agony","Accuracy","Dodge and Roll"],"picked":"SKIP","floor":14},{"not_picked":["Phantasmal Killer","Corpse Explosion"],"picked":"After Image","floor":16},{"not_picked":["Dagger Spray","Dagger Throw+1"],"picked":"Acrobatics","floor":20},{"not_picked":["Flechettes","Riddle With Holes","Cloak And Dagger"],"picked":"SKIP","floor":27},{"not_picked":["Underhanded Strike","Calculated Gamble"],"picked":"Distraction+1","floor":29},{"not_picked":["Cloak And Dagger","Choke"],"picked":"Caltrops","floor":30},{"not_picked":["Acrobatics","Flying Knee"],"picked":"Dodge and Roll+1","floor":31}],"player_experience":588583,"relics_obtained":[{"floor":6,"key":"Centennial Puzzle"},{"floor":7,"key":"Odd Mushroom"},{"floor":12,"key":"Peace Pipe"},{"floor":26,"key":"Anchor"},{"floor":31,"key":"Lantern"}],"event_choices":[{"damage_healed":0,"gold_gain":0,"player_choice":"Upgraded","damage_taken":0,"max_hp_gain":0,"max_hp_loss":0,"event_name":"Upgrade Shrine","floor":3,"gold_loss":0,"cards_upgraded":["Quick Slash"]},{"damage_healed":0,"gold_gain":0,"player_choice":"Fought Mushrooms","damage_taken":0,"max_hp_gain":0,"max_hp_loss":0,"event_name":"Mushrooms","floor":7,"gold_loss":0},{"damage_healed":0,"gold_gain":0,"player_choice":"Shed Blood","damage_taken":19,"max_hp_gain":5,"max_hp_loss":0,"event_name":"Forgotten Altar","floor":21,"gold_loss":0},{"damage_healed":0,"gold_gain":0,"player_choice":"Ignored","damage_taken":0,"max_hp_gain":0,"max_hp_loss":0,"event_name":"Vampires","floor":24,"gold_loss":0},{"damage_healed":0,"gold_gain":0,"player_choice":"Upgraded","damage_taken":0,"max_hp_gain":0,"max_hp_loss":0,"event_name":"Upgrade Shrine","floor":28,"gold_loss":0,"cards_upgraded":["After Image"]}],"is_beta":true,"boss_relics":[{"not_picked":["WristBlade","White Beast Statue"],"picked":"Eternal Feather"}],"items_purged_floors":[],"is_endless":false,"potions_floor_spawned":[2,5,7,16,20,30],"killed_by":"Collector","ascension_level":0}