{"path_per_floor":["M","M","$","M","M","M","?","$","T","R","?","R","E","$","R","B",null,"M","$","M","?","?","M","R","M","T","?","$","R","?"],"character_chosen":"IRONCLAD","items_purchased":["Spot Weakness","Cleave","Battle Trance","Jack Of All Trades","Feel No Pain","True Grit"],"gold_per_floor":[119,131,4,22,39,52,52,14,14,14,189,189,223,45,45,147,147,87,10,21,21,21,35,35,55,55,55,1,1,1,1],"floor_reached":31,"campfire_rested":4,"playtime":948,"current_hp_per_floor":[41,39,39,36,33,37,37,37,37,61,61,80,80,80,80,65,80,80,80,74,74,59,41,66,35,35,26,26,51,51,0],"items_purged":["Doubt"],"gold":1,"score":256,"play_id":"2c648c98-7c09-40ff-93e2-fe5c7e9f015b","local_time":"20180417203752","is_prod":false,"is_daily":false,"chose_seed":false,"is_ascension_mode":false,"campfire_upgraded":1,"timestamp":1524006472,"path_taken":["M","M","$","M","M","M","?","$","T","R","?","R","E","$","R","BOSS","M","$","M","?","?","M","R","?","T","?","$","R","?","M"],"build_version":"2018-04-12","seed_source_timestamp":505338146702774,"purchased_purges":1,"victory":false,"master_deck":["Strike_R","Strike_R","Strike_R","Strike_R","Strike_R","Defend_R","Defend_R","Defend_R","Defend_R","Bash","Fiend Fire","Flex","Spot Weakness","Cleave","Shrug It Off","Second Wind","Flame Barrier+1","Battle Trance","Jack Of All Trades","Limit Break","Cleave+1","Feel No Pain","Fire Breathing","True Grit"],"max_hp_per_floor":[80,80,80,80,80,80,80,80,80,80,80,80,80,80,80,80,80,80,80,80,80,85,85,85,85,85,85,85,85,85,85],"relics":["Burning Blood"],"card_choices":[{"not_picked":["Brutality","Juggernaut"],"picked":"Fiend Fire","floor":0},{"not_picked":["Ghostly Armor","Shockwave"],"picked":"Flex","floor":2},{"not_picked":["Twin Strike","Body Slam"],"picked":"Shrug It Off","floor":4},{"not_picked":["Heavy Blade","Rage"],"picked":"Second Wind","floor":5},{"not_picked":["Intimidate","True Grit"],"picked":"Flame Barrier","floor":6},{"not_picked":["Fiend Fire","Feed"],"picked":"Limit Break","floor":16},{"not_picked":["Reckless Charge","Anger"],"picked":"Cleave","floor":18},{"not_picked":["Thunderclap","Armaments"],"picked":"Fire Breathing","floor":25}],"player_experience":347317,"potions_floor_usage":[6,16,18,23],"damage_taken":[{"damage":5,"enemies":"Jaw Worm","floor":1,"turns":4},{"damage":8,"enemies":"2 Louse","floor":2,"turns":3},{"damage":9,"enemies":"Cultist","floor":4,"turns":4},{"damage":9,"enemies":"Exordium Wildlife","floor":5,"turns":4},{"damage":2,"enemies":"Blue Slaver","floor":6,"turns":3},{"damage":0,"enemies":"Gremlin Nob","floor":13,"turns":2},{"damage":21,"enemies":"Slime Boss","floor":16,"turns":9},{"damage":3,"enemies":"2 Thieves","floor":18,"turns":4},{"damage":12,"enemies":"Shell Parasite","floor":20,"turns":5},{"damage":24,"enemies":"Snake Plant","floor":23,"turns":5},{"damage":37,"enemies":"Snecko","floor":25,"turns":9},{"damage":59,"enemies":"Cultist and Chosen","floor":31,"turns":10}],"event_choices":[{"event_name":"Dead Adventurer","player_choice":"Searched \u00270\u0027 times","floor":7,"damage_taken":0},{"event_name":"Liars Game","player_choice":"agreed","floor":11,"damage_taken":0},{"event_name":"Addict","player_choice":"Ignored","floor":21,"damage_taken":0},{"event_name":"Forgotten Altar","player_choice":"Shed Blood","floor":22,"damage_taken":0},{"event_name":"Cursed Tome","player_choice":"Stopped","floor":27,"damage_taken":0},{"event_name":"The Mausoleum","player_choice":"No","floor":30,"damage_taken":0}],"boss_relics":[{"not_picked":["White Beast Statue","Sozu","Velvet Choker"]}],"potions_floor_spawned":[5,6,13,20],"seed_played":"-1262348909183602016","killed_by":"Cultist and Chosen","ascension_level":0,"is_trial":false}