{"path_per_floor":["M","?","?","$","M","R","M","M","T","M","M","?","?","$","R","B",null,"M","M"],"character_chosen":"IRONCLAD","items_purchased":["Limit Break","Second Wind"],"gold_per_floor":[116,116,116,34,48,48,58,74,74,84,96,96,96,23,23,128,158,175,192],"floor_reached":20,"campfire_rested":0,"playtime":1039,"current_hp_per_floor":[80,80,80,80,80,80,80,80,80,80,71,71,71,71,71,13,85,38,28],"items_purged":[],"gold":192,"score":166,"play_id":"15fe7aeb-7683-4f27-b1b2-c68d5e0e5efc","local_time":"20180309034209","is_prod":false,"is_daily":false,"is_ascension_mode":false,"campfire_upgraded":2,"timestamp":1520579529,"path_taken":["M","?","?","$","M","R","?","M","T","M","M","?","?","$","R","BOSS","M","M","M"],"build_version":"2018-03-01-PROD1","purchased_purges":0,"victory":false,"master_deck":["Strike_R","Strike_R","Strike_R","Strike_R","Strike_R","Defend_R","Defend_R","Defend_R","Defend_R","Bash","Shrug It Off","Flex+1","Limit Break+1","Cleave+1","Reaper","Armaments+1","Bash","Uppercut","Second Wind+1","Dark Embrace","Anger","Heavy Blade+1"],"max_hp_per_floor":[80,80,80,80,80,80,80,80,80,80,80,80,80,80,80,80,85,85,85],"relics":["Burning Blood","Shuriken","Tiny House"],"card_choices":[{"not_picked":["Clash","Pommel Strike"],"picked":"Shrug It Off"},{"not_picked":["Perfected Strike","Intimidate"],"picked":"Flex"},{"not_picked":["Headbutt","Hemokinesis"],"picked":"Cleave"},{"not_picked":["Metallicize","Iron Wave"],"picked":"Reaper"},{"not_picked":["Shrug It Off","Perfected Strike"],"picked":"Armaments"},{"not_picked":["Brutality","Barricade"],"picked":"Dark Embrace"},{"not_picked":["Cleave","Perfected Strike"],"picked":"Anger"},{"not_picked":["Blood for Blood","Power Through"],"picked":"Heavy Blade"}],"player_experience":146335,"potions_floor_usage":[10,16,16,18],"damage_taken":[{"damage":3,"enemies":"2 Louse","floor":1,"turns":4},{"damage":4,"enemies":"Cultist","floor":5,"turns":4},{"damage":2,"enemies":"Small Slimes","floor":7,"turns":2},{"damage":2,"enemies":"Blue Slaver","floor":8,"turns":3},{"damage":0,"enemies":"3 Louse","floor":10,"turns":2},{"damage":23,"enemies":"Gremlin Gang","floor":11,"turns":3},{"damage":79,"enemies":"The Guardian","floor":16,"turns":20},{"damage":53,"enemies":"Spheric Guardian","floor":18,"turns":7},{"damage":23,"enemies":"Chosen","floor":19,"turns":5},{"damage":37,"enemies":"Snecko","floor":20,"turns":4}],"event_choices":[{"event_name":"Upgrade Shrine","player_choice":"Upgraded","floor":2,"damage_taken":0},{"event_name":"The Cleric","player_choice":"Leave","floor":3,"damage_taken":0},{"event_name":"Match and Keep!","player_choice":"2 cards matched","floor":12,"damage_taken":0},{"event_name":"Living Wall","player_choice":"Grow","floor":13,"damage_taken":0}],"boss_relics":[{"not_picked":["Orrery","Calling Bell"],"picked":"Tiny House"}],"potions_floor_spawned":[5,8,10],"seed_played":"-2760369725565049471","killed_by":"Snecko","ascension_level":0,"is_trial":false}