{"gold_per_floor":[115,129,139,154,164,164,198,208,232,307,307,339,339,355,355,355],"floor_reached":16,"playtime":755,"items_purged":[],"score":211,"play_id":"046e79aa-c53c-4c61-9552-f6a6b0031e0c","local_time":"20190216163030","is_ascension_mode":true,"campfire_choices":[{"data":"Zap","floor":6.0,"key":"SMITH"},{"floor":11.0,"key":"REST"},{"data":"Rip and Tear","floor":13.0,"key":"SMITH"},{"floor":15,"key":"REST"}],"neow_cost":"NONE","seed_source_timestamp":80024779178144,"circlet_count":0,"master_deck":["AscendersBane","Strike_B","Strike_B","Strike_B","Strike_B","Defend_B","Defend_B","Defend_B","Defend_B","Zap+1","Dualcast","Compile Driver","Conserve Battery","Rip and Tear+1","Compile Driver","Conserve Battery","Leap","Sweeping Beam"],"special_seed":0,"relics":["Cracked Core","Boot","Mercury Hourglass","Juzu Bracelet","Omamori"],"potions_floor_usage":[14],"damage_taken":[{"damage":0.0,"enemies":"Cultist","floor":1.0,"turns":3.0},{"damage":0.0,"enemies":"2 Louse","floor":2.0,"turns":2.0},{"damage":7.0,"enemies":"Jaw Worm","floor":3.0,"turns":3.0},{"damage":0.0,"enemies":"3 Louse","floor":4.0,"turns":3.0},{"damage":4.0,"enemies":"Blue Slaver","floor":5.0,"turns":3.0},{"damage":16.0,"enemies":"Gremlin Nob","floor":7.0,"turns":3.0},{"damage":14.0,"enemies":"Exordium Thugs","floor":8.0,"turns":3.0},{"damage":20.0,"enemies":"Lagavulin","floor":12.0,"turns":6.0},{"damage":11,"enemies":"Exordium Wildlife","floor":14,"turns":3},{"damage":27,"enemies":"Hexaghost","floor":16,"turns":9}],"seed_played":"7309153301619183233","potions_obtained":[{"floor":1.0,"key":"EssenceOfSteel"},{"floor":2.0,"key":"Fire Potion"},{"floor":4.0,"key":"FocusPotion"},{"floor":12.0,"key":"Swift Potion"}],"is_trial":false,"path_per_floor":["M","M","M","M","M","R","E","M","T","?","R","E","R","M","R","B"],"character_chosen":"DEFECT","items_purchased":[],"campfire_rested":2,"item_purchase_floors":[],"current_hp_per_floor":[64,64,57,57,53,53,37,23,23,12,33,13,13,2,23,0],"gold":355,"neow_bonus":"RANDOM_COMMON_RELIC","is_prod":false,"is_daily":false,"chose_seed":false,"campfire_upgraded":2,"win_rate":0,"timestamp":1550331030,"path_taken":["M","M","?","M","M","R","E","M","T","?","R","E","R","M","R","BOSS"],"build_version":"2019-01-23","purchased_purges":0,"victory":false,"max_hp_per_floor":[71,71,71,71,71,71,71,71,71,71,71,71,71,71,71,71],"card_choices":[{"not_picked":["BootSequence","Coolheaded"],"picked":"Compile Driver","floor":1.0},{"not_picked":["Heatsinks","Leap"],"picked":"Conserve Battery","floor":2.0},{"not_picked":["Beam Cell","Streamline"],"picked":"Rip and Tear","floor":3.0},{"not_picked":["Hologram","Chaos","Turbo"],"picked":"SKIP","floor":4.0},{"not_picked":["BootSequence","Double Energy"],"picked":"Compile Driver","floor":5.0},{"not_picked":["Steam","Lockon","Heatsinks"],"picked":"SKIP","floor":7.0},{"not_picked":["Stack","Darkness"],"picked":"Conserve Battery","floor":8.0},{"not_picked":["Gash","Redo"],"picked":"Leap","floor":12.0},{"not_picked":["Coolheaded","Conserve Battery"],"picked":"Sweeping Beam","floor":14}],"player_experience":447244,"relics_obtained":[{"floor":7.0,"key":"Mercury Hourglass"},{"floor":9.0,"key":"Juzu Bracelet"},{"floor":12.0,"key":"Omamori"}],"event_choices":[{"damage_healed":0.0,"max_hp_gain":0.0,"max_hp_loss":0.0,"gold_gain":75.0,"event_name":"World of Goop","player_choice":"Gather Gold","floor":10.0,"gold_loss":0.0,"damage_taken":11.0}],"is_beta":false,"boss_relics":[],"items_purged_floors":[],"is_endless":false,"potions_floor_spawned":[1,2,4,12],"killed_by":"Hexaghost","ascension_level":17}