{"gold_per_floor":[114,114,114,133,144,144,156,156,156,156,156,156,189,207,207,283,283,293,293,308,308,323,353,353,372,372,372,297,297,19,19,19,92,92,112,129,129,79,96,96,114,114,114,64,64,14,14,32,32,32,32],"floor_reached":51,"playtime":2096,"items_purged":["Strike_R","Strike_R","Parasite","Regret"],"score":1226,"play_id":"f3de754f-695e-46cf-a7db-bfdd782a7159","local_time":"20190128225219","is_ascension_mode":true,"campfire_choices":[{"data":"True Grit","floor":6.0,"key":"SMITH"},{"data":"Demon Form","floor":8.0,"key":"SMITH"},{"data":"Bash","floor":10.0,"key":"SMITH"},{"data":"Sword Boomerang","floor":15.0,"key":"SMITH"},{"floor":24,"key":"RECALL"},{"data":"Defend_R","floor":27,"key":"SMITH"},{"data":"Defend_R","floor":29,"key":"SMITH"},{"data":"Ghostly","floor":32,"key":"SMITH"},{"data":"Ghostly","floor":40,"key":"SMITH"},{"data":"Shrug It Off","floor":42,"key":"SMITH"},{"data":"Defend_R","floor":47,"key":"SMITH"},{"data":"Shrug It Off","floor":49,"key":"SMITH"}],"neow_cost":"NONE","seed_source_timestamp":9945981849538,"circlet_count":0,"master_deck":["AscendersBane","Strike_R","Strike_R","Strike_R","Defend_R+1","Defend_R","Defend_R+1","Defend_R+1","Bash+1","True Grit+1","Headbutt","Demon Form+1","Thunderclap","Sword Boomerang+1","Reaper","Necronomicurse","Corruption+1","True Grit+1","Ghostly+1","Ghostly+1","Ghostly+1","Immolate+1","Clothesline+1","Shrug It Off+1","Dropkick+1","Shrug It Off+1"],"special_seed":0,"relics":["Burning Blood","NeowsBlessing","Singing Bowl","CultistMask","The Courier","Mummified Hand","Smiling Mask","Coffee Dripper","Necronomicon","Kunai","Molten Egg 2","Pantograph","Cursed Key","Self Forming Clay"],"potions_floor_usage":[23,39,51],"damage_taken":[{"damage":0.0,"enemies":"Jaw Worm","floor":1.0,"turns":1.0},{"damage":0.0,"enemies":"2 Louse","floor":4.0,"turns":1.0},{"damage":0.0,"enemies":"Cultist","floor":5.0,"turns":1.0},{"damage":11.0,"enemies":"2 Fungi Beasts","floor":7.0,"turns":4.0},{"damage":30.0,"enemies":"Gremlin Nob","floor":13.0,"turns":4.0},{"damage":2.0,"enemies":"3 Louse","floor":14.0,"turns":2.0},{"damage":38,"enemies":"The Guardian","floor":16,"turns":12},{"damage":24,"enemies":"Chosen","floor":18,"turns":4},{"damage":19,"enemies":"Spheric Guardian","floor":20,"turns":4},{"damage":28,"enemies":"Snecko","floor":22,"turns":4},{"damage":51,"enemies":"Slavers","floor":23,"turns":6},{"damage":17,"enemies":"Sentry and Sphere","floor":25,"turns":4},{"damage":25,"enemies":"Collector","floor":33,"turns":7},{"damage":0,"enemies":"Orb Walker","floor":35,"turns":3},{"damage":38,"enemies":"3 Shapes","floor":36,"turns":10},{"damage":12,"enemies":"Transient","floor":39,"turns":6},{"damage":20,"enemies":"Writhing Mass","floor":41,"turns":6},{"damage":12,"enemies":"4 Shapes","floor":48,"turns":7},{"damage":20,"enemies":"Awakened One","floor":50,"turns":12},{"damage":71,"enemies":"Donu and Deca","floor":51,"turns":7}],"seed_played":"2948252683194868749","potions_obtained":[{"floor":1.0,"key":"Poison Potion"},{"floor":13.0,"key":"Explosive Potion"},{"floor":16,"key":"Fire Potion"},{"floor":23,"key":"SteroidPotion"},{"floor":33,"key":"EssenceOfSteel"},{"floor":35,"key":"Energy Potion"},{"floor":48,"key":"Fire Potion"}],"is_trial":false,"path_per_floor":["M","?","?","M","M","R","M","R","T","R","?","?","E","M","R","B",null,"M","?","M","?","M","E","R","M","T","R","?","R","$","?","R","B",null,"M","M","?","$","M","R","M","R","T","$","?","$","R","M","R","B","B"],"character_chosen":"IRONCLAD","items_purchased":["Pantograph"],"campfire_rested":0,"item_purchase_floors":[30],"current_hp_per_floor":[74,74,74,75,75,75,70,70,70,70,70,59,35,39,39,7,58,49,77,77,56,50,29,29,18,18,18,18,18,18,18,18,40,40,40,39,39,39,33,33,36,36,36,36,36,36,36,41,41,41,0],"gold":32,"neow_bonus":"THREE_ENEMY_KILL","is_prod":false,"is_daily":false,"chose_seed":false,"campfire_upgraded":11,"win_rate":0,"timestamp":1548712339,"path_taken":["M","?","?","?","M","R","M","R","T","R","?","?","E","M","R","BOSS","M","?","?","?","M","E","R","M","T","R","?","R","$","?","R","BOSS","M","M","?","$","?","R","M","R","T","?","?","$","R","M","R","BOSS","BOSS"],"build_version":"2019-01-23","purchased_purges":4,"victory":false,"max_hp_per_floor":[75,75,75,75,75,75,75,75,75,75,75,75,75,75,75,75,75,77,77,79,79,81,81,81,81,81,81,81,81,81,40,40,40,40,40,42,42,42,42,42,44,44,44,41,41,41,41,41,41,41,41],"card_choices":[{"not_picked":["Flex","Rampage"],"picked":"Wild Strike","floor":1.0},{"not_picked":["Headbutt","Clothesline"],"picked":"True Grit","floor":4.0},{"not_picked":["Carnage","Clash"],"picked":"Headbutt","floor":5.0},{"not_picked":["Shrug It Off","Metallicize"],"picked":"Demon Form","floor":7.0},{"not_picked":["Immolate","Spot Weakness"],"picked":"Thunderclap","floor":13.0},{"not_picked":["Heavy Blade","Searing Blow"],"picked":"Sword Boomerang","floor":14.0},{"not_picked":["Dark Embrace","Barricade"],"picked":"Reaper","floor":16},{"not_picked":["Corruption","Clash","Pommel Strike"],"picked":"Singing Bowl","floor":18},{"not_picked":["Body Slam","Inflame","Sever Soul"],"picked":"Singing Bowl","floor":20},{"not_picked":["Anger+1","Wild Strike","Combust"],"picked":"Singing Bowl","floor":22},{"not_picked":["Intimidate","Pommel Strike"],"picked":"Corruption+1","floor":23},{"not_picked":["Searing Blow","Flex"],"picked":"True Grit+1","floor":25},{"not_picked":["Limit Break","Offering"],"picked":"Immolate+1","floor":33},{"not_picked":["Anger+1","Thunderclap+1"],"picked":"Clothesline+1","floor":35},{"not_picked":["Twin Strike+1","Clash+1","Thunderclap+1"],"picked":"Singing Bowl","floor":36},{"not_picked":["Iron Wave+1","Flame Barrier"],"picked":"Shrug It Off","floor":39},{"not_picked":["Perfected Strike+1","Rampage+1","Ghostly Armor"],"picked":"Singing Bowl","floor":41},{"not_picked":["Thunderclap+1","Ghostly Armor"],"picked":"Shrug It Off","floor":48}],"player_experience":928105,"relics_obtained":[{"floor":9.0,"key":"The Courier"},{"floor":13.0,"key":"Smiling Mask"},{"floor":21,"key":"Necronomicon"},{"floor":23,"key":"Kunai"},{"floor":26,"key":"Molten Egg 2"},{"floor":43,"key":"Self Forming Clay"}],"event_choices":[{"damage_healed":0.0,"max_hp_gain":0.0,"max_hp_loss":0.0,"gold_gain":0.0,"event_name":"Big Fish","player_choice":"Box","floor":2.0,"gold_loss":0.0,"damage_taken":0.0,"relics_obtained":["Singing Bowl"],"cards_obtained":["Regret"]},{"damage_healed":0.0,"max_hp_gain":0.0,"max_hp_loss":0.0,"gold_gain":0.0,"event_name":"FaceTrader","player_choice":"Trade","floor":3.0,"gold_loss":0.0,"damage_taken":0.0,"relics_obtained":["CultistMask"]},{"cards_removed":["Regret"],"damage_healed":0.0,"max_hp_gain":0.0,"max_hp_loss":0.0,"gold_gain":0.0,"event_name":"Living Wall","player_choice":"Forget","floor":11.0,"gold_loss":0.0,"damage_taken":0.0},{"damage_healed":0.0,"max_hp_gain":0.0,"max_hp_loss":0.0,"gold_gain":0.0,"event_name":"Scrap Ooze","player_choice":"Success","floor":12.0,"gold_loss":0.0,"damage_taken":11.0,"relics_obtained":["Mummified Hand"]},{"damage_healed":28,"gold_gain":0,"player_choice":"Full Heal","damage_taken":0,"max_hp_gain":0,"max_hp_loss":0,"event_name":"Wheel of Change","floor":19,"gold_loss":0},{"damage_healed":0,"gold_gain":0,"player_choice":"Obtained Book","damage_taken":21,"max_hp_gain":0,"max_hp_loss":0,"event_name":"Cursed Tome","floor":21,"gold_loss":0},{"cards_removed":["Wild Strike"],"damage_healed":0,"gold_gain":0,"player_choice":"Gave Gold","damage_taken":0,"max_hp_gain":0,"max_hp_loss":0,"event_name":"Beggar","floor":28,"gold_loss":75},{"damage_healed":0,"gold_gain":0,"player_choice":"Became a Ghost","damage_taken":0,"max_hp_gain":0,"max_hp_loss":41,"event_name":"Ghosts","floor":31,"gold_loss":0,"cards_obtained":["Ghostly","Ghostly","Ghostly"]},{"damage_healed":0,"gold_gain":0,"player_choice":"Upgraded","damage_taken":0,"max_hp_gain":0,"max_hp_loss":0,"event_name":"Upgrade Shrine","floor":37,"gold_loss":0,"cards_upgraded":["Ghostly"]},{"damage_healed":0,"gold_gain":0,"player_choice":"1 cards matched","damage_taken":0,"max_hp_gain":0,"max_hp_loss":0,"event_name":"Match and Keep!","floor":45,"gold_loss":0,"cards_obtained":["Dropkick"]}],"is_beta":true,"boss_relics":[{"not_picked":["Sozu","Black Blood"],"picked":"Coffee Dripper"},{"not_picked":["Runic Cube","Lizard Tail"],"picked":"Cursed Key"}],"items_purged_floors":[30,38,44,46],"is_endless":false,"potions_floor_spawned":[1,13,16,23,33,35,36,48],"killed_by":"Donu and Deca","ascension_level":20}