{"gold_per_floor":[111,121,121,121,131,131,156,156,156,176,176,176,176,203,203,304,304,320,385,141,106,117,117,181,181,181,194,194,207,257,307,307,410,410,430,496,513,529,579,140,140,155,155,95,145,165,65,78,78,78],"floor_reached":50,"playtime":2847,"items_purged":["Decay"],"score":686,"play_id":"2f7d61ed-59c3-486e-88eb-3ab384cda835","local_time":"20190223183132","is_ascension_mode":true,"campfire_choices":[{"data":"Crippling Poison","floor":6,"key":"SMITH"},{"data":"Neutralize","floor":8,"key":"SMITH"},{"data":"Crippling Poison","floor":12,"key":"SMITH"},{"floor":15,"key":"REST"},{"data":"Bouncing Flask","floor":23,"key":"SMITH"},{"data":"Burst","floor":25,"key":"SMITH"},{"data":"Blur","floor":28,"key":"SMITH"},{"floor":32,"key":"REST"},{"data":"Footwork","floor":41,"key":"SMITH"},{"floor":49,"key":"REST"}],"neow_cost":"NONE","seed_source_timestamp":150027728377431,"circlet_count":0,"master_deck":["Defend_G","Defend_G+1","Defend_G","Defend_G","Defend_G+1","Strike_G","Strike_G","Strike_G","Strike_G","Strike_G","Survivor","Neutralize+1","Crippling Poison+1","Backstab","Dagger Throw","Crippling Poison+1","Burst+1","Bouncing Flask+1","Well Laid Plans","Blur+1","Heel Hook+1","RitualDagger+1","Doppelganger","Footwork+1","Backflip+1","Quick Slash+1","Deep Breath","PiercingWail+1"],"relics":["Black Star","Turnip","Meat on the Bone","StoneCalendar","The Courier","SsserpentHead","PreservedInsect","Potion Belt","Anchor","Lantern","Darkstone Periapt","Tiny Chest","Pear","Bottled Lightning","Cursed Key","War Paint","ClockworkSouvenir","Mummified Hand","Pocketwatch"],"potions_floor_usage":[7,7,14,22,33,33,48,48,50,50],"damage_taken":[{"damage":10,"enemies":"Cultist","floor":1,"turns":5},{"damage":3,"enemies":"Jaw Worm","floor":2,"turns":6},{"damage":2,"enemies":"Small Slimes","floor":5,"turns":4},{"damage":20,"enemies":"Gremlin Nob","floor":7,"turns":4},{"damage":2,"enemies":"2 Fungi Beasts","floor":10,"turns":3},{"damage":25,"enemies":"Lagavulin","floor":14,"turns":6},{"damage":21,"enemies":"The Guardian","floor":16,"turns":14},{"damage":17,"enemies":"3 Byrds","floor":18,"turns":3},{"damage":7,"enemies":"Shell Parasite","floor":19,"turns":7},{"damage":0,"enemies":"Shelled Parasite and Fungi","floor":22,"turns":6},{"damage":22,"enemies":"Gremlin Leader","floor":24,"turns":6},{"damage":18,"enemies":"Snecko","floor":27,"turns":5},{"damage":11,"enemies":"Sentry and Sphere","floor":29,"turns":4},{"damage":45,"enemies":"Champ","floor":33,"turns":12},{"damage":14,"enemies":"Orb Walker","floor":35,"turns":4},{"damage":11,"enemies":"3 Darklings","floor":36,"turns":7},{"damage":0,"enemies":"Jaw Worm Horde","floor":37,"turns":3},{"damage":0,"enemies":"4 Shapes","floor":38,"turns":5},{"damage":12,"enemies":"3 Darklings","floor":42,"turns":7},{"damage":30,"enemies":"Jaw Worm Horde","floor":46,"turns":4},{"damage":11,"enemies":"Transient","floor":48,"turns":5},{"damage":72,"enemies":"Donu and Deca","floor":50,"turns":10}],"seed_played":"-3823451938735273656","potions_obtained":[{"floor":2,"key":"Swift Potion"},{"floor":4,"key":"Regen Potion"},{"floor":4,"key":"SteroidPotion"},{"floor":4,"key":"SteroidPotion"},{"floor":16,"key":"Strength Potion"},{"floor":19,"key":"Block Potion"},{"floor":27,"key":"AttackPotion"},{"floor":29,"key":"SteroidPotion"},{"floor":37,"key":"Strength Potion"},{"floor":46,"key":"Explosive Potion"},{"floor":48,"key":"Block Potion"}],"is_trial":false,"path_per_floor":["M","M","$","?","M","R","E","R","T","M","?","R","?","E","R","B",null,"M","M","$","?","M","R","E","R","T","M","R","M","?","?","R","B",null,"M","M","M","M","?","$","R","M","T","$","?","M","$","M","R","B"],"character_chosen":"THE_SILENT","items_purchased":["Anchor","Lantern","War Paint","ClockworkSouvenir","Mummified Hand","PowerPotion","Regen Potion"],"campfire_rested":3,"item_purchase_floors":[20,20,40,40,40,47,47],"current_hp_per_floor":[53,50,50,50,48,48,42,42,42,40,28,28,28,15,36,27,59,42,47,47,47,47,47,47,47,47,41,41,42,36,36,60,27,67,53,42,42,42,42,42,42,42,48,48,48,30,30,46,71,0],"gold":78,"neow_bonus":"BOSS_RELIC","is_prod":false,"is_daily":false,"chose_seed":false,"campfire_upgraded":7,"win_rate":0,"timestamp":1550964692,"path_taken":["M","M","$","?","?","R","E","R","T","M","?","R","?","E","R","BOSS","M","?","$","?","M","R","E","R","T","M","R","M","?","?","R","BOSS","M","?","M","M","?","?","R","M","T","$","?","M","$","M","R","BOSS"],"build_version":"2019-01-23","purchased_purges":1,"victory":false,"max_hp_per_floor":[70,70,70,70,70,70,70,70,70,70,70,70,70,70,70,70,70,70,70,70,70,70,70,80,80,80,80,80,80,80,80,80,80,80,80,80,80,80,80,80,80,80,86,86,86,86,86,86,86,86],"card_choices":[{"not_picked":["Deadly Poison","Outmaneuver"],"picked":"Crippling Poison","floor":1},{"not_picked":["Predator","Sucker Punch"],"picked":"Backstab","floor":2},{"not_picked":["Skewer","Concentrate"],"picked":"Dagger Throw","floor":5},{"not_picked":["Slice","Blade Dance","Wraith Form v2"],"picked":"SKIP","floor":7},{"not_picked":["Prepared","Slice"],"picked":"Crippling Poison","floor":10},{"not_picked":["Skewer","Prepared","Quick Slash"],"picked":"SKIP","floor":14},{"not_picked":["Phantasmal Killer","Glass Knife"],"picked":"Burst","floor":16},{"not_picked":["Distraction","Outmaneuver"],"picked":"Sucker Punch+1","floor":18},{"not_picked":["Dagger Throw+1","Reflex"],"picked":"Bouncing Flask","floor":19},{"not_picked":["Deadly Poison","Deflect","Acrobatics"],"picked":"SKIP","floor":22},{"not_picked":["Outmaneuver","Concentrate"],"picked":"Well Laid Plans","floor":24},{"not_picked":["Skewer","Backflip"],"picked":"Blur","floor":27},{"not_picked":["Flying Knee","Envenom"],"picked":"Heel Hook+1","floor":29},{"not_picked":["Phantasmal Killer","After Image"],"picked":"Doppelganger","floor":33},{"not_picked":["Acrobatics","Infinite Blades+1"],"picked":"Footwork","floor":35},{"not_picked":["Endless Agony","Slice","Concentrate"],"picked":"SKIP","floor":36},{"not_picked":["Crippling Poison+1","Setup","Dagger Throw"],"picked":"SKIP","floor":37},{"not_picked":["Prepared","Acrobatics+1"],"picked":"Backflip+1","floor":38},{"not_picked":["Endless Agony","Envenom"],"picked":"Quick Slash+1","floor":42},{"not_picked":["Trip","Swift Strike"],"picked":"Deep Breath","floor":45},{"not_picked":["Dash","Acrobatics+1"],"picked":"PiercingWail+1","floor":46},{"not_picked":["Blade Dance+1","Cloak And Dagger","Dagger Throw"],"picked":"SKIP","floor":48}],"player_experience":356148,"relics_obtained":[{"floor":7,"key":"Turnip"},{"floor":7,"key":"Meat on the Bone"},{"floor":9,"key":"StoneCalendar"},{"floor":14,"key":"PreservedInsect"},{"floor":14,"key":"Potion Belt"},{"floor":24,"key":"Tiny Chest"},{"floor":24,"key":"Pear"},{"floor":26,"key":"Bottled Lightning"},{"floor":43,"key":"Pocketwatch"}],"event_choices":[{"damage_healed":0,"gold_gain":0,"player_choice":"Got Potions","damage_taken":0,"max_hp_gain":0,"max_hp_loss":0,"event_name":"Lab","floor":4,"gold_loss":0},{"damage_healed":0,"gold_gain":0,"player_choice":"Success","damage_taken":12,"relics_obtained":["The Courier"],"max_hp_gain":0,"max_hp_loss":0,"event_name":"Scrap Ooze","floor":11,"gold_loss":0},{"damage_healed":0,"gold_gain":0,"player_choice":"Trade","damage_taken":0,"relics_obtained":["SsserpentHead"],"max_hp_gain":0,"max_hp_loss":0,"event_name":"FaceTrader","floor":13,"gold_loss":0},{"damage_healed":0,"gold_gain":0,"player_choice":"Obtained Relic","damage_taken":0,"relics_obtained":["Darkstone Periapt"],"max_hp_gain":0,"max_hp_loss":0,"event_name":"Addict","floor":21,"gold_loss":85},{"damage_healed":0,"gold_gain":0,"player_choice":"Joined the Cult","damage_taken":6,"max_hp_gain":0,"max_hp_loss":0,"event_name":"Nest","floor":30,"gold_loss":0,"cards_obtained":["RitualDagger"]},{"damage_healed":0,"gold_gain":0,"player_choice":"Upgraded","damage_taken":0,"max_hp_gain":0,"max_hp_loss":0,"event_name":"Upgrade Shrine","floor":31,"gold_loss":0,"cards_upgraded":["RitualDagger"]},{"cards_removed":["Sucker Punch"],"damage_healed":0,"gold_gain":0,"player_choice":"Removed Attack","damage_taken":0,"max_hp_gain":0,"max_hp_loss":0,"event_name":"Falling","floor":39,"gold_loss":0},{"damage_healed":0,"gold_gain":0,"player_choice":"Memory 1","damage_taken":0,"max_hp_gain":0,"max_hp_loss":0,"event_name":"SensoryStone","floor":45,"gold_loss":0}],"is_beta":false,"boss_relics":[{"not_picked":["Runic Pyramid","Fusion Hammer","Coffee Dripper"]},{"not_picked":["Runic Dome","Pandora\u0027s Box"],"picked":"Cursed Key"}],"items_purged_floors":[44],"is_endless":false,"potions_floor_spawned":[2,5,16,19,27,29,37,46,48],"killed_by":"Donu and Deca","ascension_level":8}