{"path_per_floor":["M","M","?","$","?","R","?","M","T","R","M","?","E","?","R","B",null,"M","M","?","$"],"character_chosen":"IRONCLAD","items_purchased":["Bandage Up","Girya"],"gold_per_floor":[111,127,302,123,423,423,447,457,510,510,522,586,619,619,619,742,742,765,783,783,469,469],"floor_reached":22,"campfire_rested":1,"playtime":665,"current_hp_per_floor":[76,80,80,80,68,68,44,56,56,56,61,33,22,22,46,35,73,63,38,38,38,0],"items_purged":["Doubt","Strike_R"],"gold":469,"score":237,"play_id":"14578c2b-6856-4bdf-b515-4df45ea0f26f","local_time":"20180506114923","is_prod":false,"is_daily":false,"chose_seed":false,"is_ascension_mode":true,"campfire_upgraded":2,"timestamp":1525621763,"path_taken":["M","M","?","$","?","R","?","?","T","R","?","?","E","?","R","BOSS","M","M","?","$","M"],"build_version":"2018-05-03","seed_source_timestamp":72182092525099,"purchased_purges":2,"victory":false,"master_deck":["Strike_R","Strike_R","Strike_R+1","Strike_R+1","Defend_R","Defend_R","Defend_R","Defend_R","Bash","Headbutt","Bandage Up+1","Feed+1","Spot Weakness","Shrug It Off","Double Tap","Spot Weakness","Limit Break"],"max_hp_per_floor":[80,80,80,80,80,80,80,80,80,80,84,84,88,81,81,85,85,89,93,93,93,93],"relics":["Black Blood","Whetstone","Old Coin","Odd Mushroom","Pen Nib","The Courier","Bag of Preparation","Golden Idol","Girya"],"card_choices":[{"not_picked":["Body Slam","Pommel Strike"],"picked":"Headbutt","floor":2},{"not_picked":["Perfected Strike","Armaments"],"picked":"Feed","floor":8},{"not_picked":["Havoc","True Grit"],"picked":"Spot Weakness","floor":11},{"not_picked":["Intimidate","Wild Strike"],"picked":"Shrug It Off","floor":13},{"not_picked":["Dark Embrace","Immolate"],"picked":"Double Tap","floor":16},{"not_picked":["Flex","Clothesline"],"picked":"Spot Weakness","floor":18}],"player_experience":167959,"potions_floor_usage":[13,22],"damage_taken":[{"damage":2,"enemies":"Jaw Worm","floor":1,"turns":3},{"damage":0,"enemies":"Small Slimes","floor":2,"turns":2},{"damage":36,"enemies":"The Mushroom Lair","floor":7,"turns":5},{"damage":0,"enemies":"2 Louse","floor":8,"turns":3},{"damage":11,"enemies":"Blue Slaver","floor":11,"turns":3},{"damage":40,"enemies":"Lagavulin Event","floor":12,"turns":4},{"damage":27,"enemies":"3 Sentries","floor":13,"turns":6},{"damage":27,"enemies":"Slime Boss","floor":16,"turns":9},{"damage":30,"enemies":"Chosen","floor":18,"turns":6},{"damage":45,"enemies":"3 Byrds","floor":19,"turns":6},{"damage":52,"enemies":"Snecko","floor":22,"turns":5}],"event_choices":[{"event_name":"Liars Game","player_choice":"agreed","floor":3,"damage_taken":0},{"event_name":"Scrap Ooze","player_choice":"success","floor":5,"damage_taken":12},{"event_name":"Mushrooms","player_choice":"Fought Mushrooms","floor":7,"damage_taken":0},{"event_name":"Dead Adventurer","player_choice":"Searched \u00272\u0027 times","floor":12,"damage_taken":0},{"event_name":"Golden Idol","player_choice":"Lose Max HP","floor":14,"damage_taken":0},{"event_name":"The Library","player_choice":"Read","floor":20,"damage_taken":0}],"boss_relics":[{"not_picked":["Black Star","Mark of Pain"],"picked":"Black Blood"}],"potions_floor_spawned":[8,12,13,16,19],"seed_played":"-1327162466904044749","killed_by":"Snecko","ascension_level":6,"is_trial":false}