{"gold_per_floor":[113,63,73,73,83,83,115,130,154,165,165,191,191,204,204,308,338,352,352,352,352,364,364,364],"floor_reached":24,"playtime":1097,"items_purged":[],"score":252,"play_id":"91bad3b1-474a-411d-ba4a-d29ab5180acb","local_time":"20180716225027","is_ascension_mode":true,"campfire_choices":[{"data":"Chaos","floor":6,"key":"SMITH"},{"floor":13,"key":"REST"},{"floor":15,"key":"REST"},{"data":"Multi-Cast","floor":23,"key":"SMITH"}],"neow_cost":"NONE","seed_source_timestamp":125597512455021,"circlet_count":0,"master_deck":["Strike_B","Strike_B","Strike_B","Defend_B","Defend_B","Defend_B","Zap","Dualcast","Chaos+1","Sweeping Beam","Multi-Cast+1","Storm","Ball Lightning","Leap","Static Discharge+1","Core Surge","Self Repair+1","Barrage"],"relics":["Cracked Core","NeowsBlessing","Dream Catcher","Happy Flower","Juzu Bracelet","Tiny House","Meat on the Bone"],"potions_floor_usage":[7,8,14,16,16,16,18,18],"damage_taken":[{"damage":0,"enemies":"Small Slimes","floor":1,"turns":1},{"damage":0,"enemies":"Jaw Worm","floor":3,"turns":1},{"damage":0,"enemies":"2 Louse","floor":5,"turns":1},{"damage":19,"enemies":"3 Sentries","floor":7,"turns":7},{"damage":0,"enemies":"2 Fungi Beasts","floor":8,"turns":2},{"damage":7,"enemies":"Red Slaver","floor":10,"turns":4},{"damage":28,"enemies":"Gremlin Nob","floor":12,"turns":4},{"damage":32,"enemies":"Exordium Thugs","floor":14,"turns":4},{"damage":28,"enemies":"Hexaghost","floor":16,"turns":9},{"damage":12,"enemies":"Spheric Guardian","floor":18,"turns":4},{"damage":35,"enemies":"Shell Parasite","floor":22,"turns":4},{"damage":48,"enemies":"Slavers","floor":24,"turns":3}],"seed_played":"-70220254943081545","potions_obtained":[{"floor":3,"key":"EssenceOfSteel"},{"floor":5,"key":"Energy Potion"},{"floor":7,"key":"Energy Potion"},{"floor":14,"key":"EntropicBrew"},{"floor":16,"key":"PowerPotion"},{"floor":17,"key":"Fruit Juice"}],"is_trial":false,"path_per_floor":["M","?","M","?","M","R","E","M","T","M","?","E","R","M","R","B",null,"M","?","?","?","M","R"],"character_chosen":"DEFECT","items_purchased":[],"campfire_rested":2,"item_purchase_floors":[],"current_hp_per_floor":[75,75,75,68,68,68,49,49,49,42,47,19,43,11,35,7,85,78,78,78,60,47,47,0],"gold":364,"neow_bonus":"THREE_ENEMY_KILL","is_prod":false,"is_daily":false,"chose_seed":false,"campfire_upgraded":2,"win_rate":0,"timestamp":1531795827,"path_taken":["M","?","M","?","?","R","E","M","T","?","?","E","R","M","R","BOSS","M","?","?","?","M","R","E"],"build_version":"2018-07-12","purchased_purges":0,"victory":false,"max_hp_per_floor":[75,75,75,75,75,75,75,75,75,75,80,80,80,80,80,80,85,90,90,90,95,95,95,95],"card_choices":[{"not_picked":["Streamline","Steam","Compile Driver"],"picked":"SKIP","floor":1},{"not_picked":["Chill","Turbo"],"picked":"Chaos","floor":3},{"not_picked":["Hologram","Steam"],"picked":"Sweeping Beam","floor":5},{"not_picked":["Doom and Gloom","Genetic Algorithm"],"picked":"Multi-Cast","floor":7},{"not_picked":["Chill","Rebound","Darkness"],"picked":"SKIP","floor":8},{"not_picked":["Tempest","Leap"],"picked":"Storm","floor":10},{"not_picked":["Melter","Sunder"],"picked":"Ball Lightning","floor":12},{"not_picked":["Cold Snap","Redo"],"picked":"Leap","floor":13},{"not_picked":["Leap","Ball Lightning","Recycle"],"picked":"SKIP","floor":14},{"not_picked":["Streamline","Doom and Gloom"],"picked":"Static Discharge","floor":15},{"not_picked":["Multi-Cast","All For One"],"picked":"Core Surge","floor":16},{"not_picked":["Steam","Force Field"],"picked":"Self Repair+1","floor":18},{"not_picked":["Conserve Battery","Beam Cell"],"picked":"Barrage","floor":22}],"player_experience":261101,"relics_obtained":[{"floor":7,"key":"Dream Catcher"},{"floor":9,"key":"Happy Flower"},{"floor":12,"key":"Juzu Bracelet"}],"event_choices":[{"event_name":"The Cleric","player_choice":"Card Removal","floor":2,"damage_taken":0},{"event_name":"Golden Wing","player_choice":"Card Removal","floor":4,"damage_taken":0},{"event_name":"Big Fish","player_choice":"Donut","floor":11,"damage_taken":0},{"event_name":"The Mausoleum","player_choice":"Yes","floor":19,"damage_taken":0},{"event_name":"Vampires","player_choice":"Ignored","floor":20,"damage_taken":0},{"event_name":"Forgotten Altar","player_choice":"Shed Blood","floor":21,"damage_taken":0}],"boss_relics":[{"not_picked":["Fusion Hammer","Ectoplasm"],"picked":"Tiny House"}],"items_purged_floors":[],"is_endless":false,"potions_floor_spawned":[3,5,7,14,16],"killed_by":"Slavers","ascension_level":2}