{"path_per_floor":["M","?","$","M","M","R","?","M","T","E","?","R","$","T","R","B",null,"M","M","M","$","M","R","E","$","T","M","E","?","E","M","R","B",null,"M","M","M","?","M","R","?","E","T","R","?","$","E","M","R","B"],"character_chosen":"THE_SILENT","items_purchased":["Dash","Bane","Backstab"],"gold_per_floor":[114,114,35,50,65,65,65,80,80,110,60,60,15,65,65,165,165,165,165,165,10,10,10,10,10,10,10,10,10,10,10,10,10,10,10,10,10,10,10,10,10,10,10,10,10,10,10,10,10,10],"floor_reached":51,"campfire_rested":5,"playtime":3142,"current_hp_per_floor":[61,54,54,50,49,70,56,56,56,58,58,58,58,58,70,60,70,44,40,42,42,27,48,50,50,50,52,54,54,52,54,70,70,70,70,60,60,60,62,62,62,54,54,54,45,45,46,42,63,22],"items_purged":["Tactician"],"gold":10,"score":890,"play_id":"f1d263c7-f2af-446d-9f00-038a6368d207","local_time":"20180420223111","daily_mods":["Shiny","Time Dilation","Elite Swarm"],"is_prod":false,"is_daily":true,"chose_seed":false,"is_ascension_mode":false,"campfire_upgraded":2,"timestamp":1524272471,"path_taken":["M","?","$","M","M","R","?","M","T","E","?","R","$","?","R","BOSS","M","?","M","$","M","R","E","$","T","?","E","?","E","M","R","BOSS","M","M","M","?","?","R","?","E","T","R","?","?","E","?","R","BOSS"],"build_version":"2018-04-19","seed_source_timestamp":0,"purchased_purges":1,"victory":true,"master_deck":["Adrenaline","Envenom","Doppelganger+1","Burst","Wraith Form v2","Venomology","Corpse Explosion+1","Night Terror","Unload","After Image","Bullet Time+1","Storm of Steel+1","Glass Knife","Die Die Die","A Thousand Cuts","Dash","PiercingWail","Noxious Fumes","Bane","Dagger Spray","Backstab","Injury","Crippling Poison+1","Cloak And Dagger+1","Madness","Madness"],"max_hp_per_floor":[70,70,70,70,70,70,70,70,70,70,70,70,70,70,70,70,70,70,70,70,70,70,70,70,70,70,70,70,70,70,70,70,70,70,70,70,70,70,70,70,70,70,70,70,70,70,70,70,70,70],"relics":["Ring of the Snake","Blood Vial","Calipers","Vajra","Ectoplasm","Paper Crane","Peace Pipe","The Courier","Dead Branch","Calling Bell","Snake Skull","Molten Egg 2","Shovel","Matryoshka","Art of War","Centennial Puzzle","Blue Candle"],"card_choices":[{"not_picked":["Choke","Cloak And Dagger"],"picked":"PiercingWail","floor":4},{"not_picked":["Prepared","Backflip"],"picked":"Noxious Fumes","floor":5},{"not_picked":["Flying Knee","Riddle With Holes"],"picked":"Dagger Spray","floor":19},{"not_picked":["Outmaneuver","Cloak And Dagger"],"picked":"Calculated Gamble","floor":27},{"not_picked":["Poisoned Stab","Sucker Punch"],"picked":"Crippling Poison","floor":35},{"not_picked":["Poisoned Stab","PiercingWail"],"picked":"Cloak And Dagger","floor":39}],"player_experience":358581,"potions_floor_usage":[8,10,10,10,19,22,22,24,33,33,35,36,39,42,42,48,48,50,50],"damage_taken":[{"damage":9,"enemies":"Small Slimes","floor":1,"turns":2},{"damage":4,"enemies":"Cultist","floor":4,"turns":3},{"damage":1,"enemies":"Jaw Worm","floor":5,"turns":3},{"damage":0,"enemies":"Looter","floor":8,"turns":2},{"damage":0,"enemies":"Gremlin Nob","floor":10,"turns":2},{"damage":10,"enemies":"Slime Boss","floor":16,"turns":8},{"damage":26,"enemies":"Spheric Guardian","floor":18,"turns":4},{"damage":6,"enemies":"Shell Parasite","floor":19,"turns":3},{"damage":0,"enemies":"Snake Plant","floor":20,"turns":3},{"damage":20,"enemies":"Centurion and Healer","floor":22,"turns":2},{"damage":0,"enemies":"Slavers","floor":24,"turns":2},{"damage":0,"enemies":"Cultist and Chosen","floor":27,"turns":2},{"damage":0,"enemies":"Gremlin Leader","floor":28,"turns":3},{"damage":4,"enemies":"Book of Stabbing","floor":30,"turns":4},{"damage":0,"enemies":"Snecko","floor":31,"turns":3},{"damage":0,"enemies":"Automaton","floor":33,"turns":6},{"damage":0,"enemies":"3 Shapes","floor":35,"turns":2},{"damage":10,"enemies":"3 Darklings","floor":36,"turns":4},{"damage":2,"enemies":"Maw","floor":37,"turns":6},{"damage":3,"enemies":"4 Shapes","floor":39,"turns":2},{"damage":22,"enemies":"Giant Head","floor":42,"turns":7},{"damage":1,"enemies":"Nemesis","floor":47,"turns":3},{"damage":9,"enemies":"Sphere and 2 Shapes","floor":48,"turns":2},{"damage":43,"enemies":"Awakened One","floor":50,"turns":8}],"event_choices":[{"event_name":"Golden Wing","player_choice":"Card Removal","floor":2,"damage_taken":0},{"event_name":"Shining Light","player_choice":"Entered Light","floor":7,"damage_taken":0},{"event_name":"The Cleric","player_choice":"Card Removal","floor":11,"damage_taken":0},{"event_name":"Purifier","player_choice":"One Purge","floor":29,"damage_taken":0},{"event_name":"Purifier","player_choice":"One Purge","floor":38,"damage_taken":0},{"event_name":"Winding Halls","player_choice":"Embrace Madness","floor":45,"damage_taken":0}],"boss_relics":[{"not_picked":["Snecko Eye","Tiny House"],"picked":"Ectoplasm"},{"not_picked":["Cursed Key","Orrery"],"picked":"Calling Bell"}],"potions_floor_spawned":[1,8,16,19,20,27,31,37,39,42,48],"seed_played":"1252752020569541507","ascension_level":0,"is_trial":false}