{"path_per_floor":["M","M","?","?","M","E","M","$","T","M","T","M","R","?","R","B",null,"M","?","M","$","?","R","M"],"character_chosen":"DEFECT","items_purchased":["Tempest","Chaos","Blood Vial","Dead Branch"],"gold_per_floor":[110,129,129,304,320,353,368,23,46,65,88,105,105,105,105,205,205,223,273,293,3,3,3,20,20],"floor_reached":25,"campfire_rested":3,"playtime":1512,"current_hp_per_floor":[74,74,59,59,48,13,6,6,6,8,8,7,29,54,75,20,75,62,62,33,33,58,75,42,0],"items_purged":["Doubt"],"gold":20,"score":203,"play_id":"cfce9a33-f397-4df0-9f79-0da9ebc05d1b","local_time":"20180427035502","is_prod":false,"is_daily":false,"chose_seed":false,"is_ascension_mode":false,"campfire_upgraded":0,"timestamp":1524810302,"path_taken":["M","?","?","?","M","E","?","$","T","M","?","M","R","?","R","BOSS","M","?","M","$","?","R","?","M"],"build_version":"2018-04-26v2","seed_source_timestamp":172548443705686,"purchased_purges":1,"victory":false,"master_deck":["Strike_B","Strike_B+1","Strike_B+1","Strike_B+1","Defend_B","Defend_B","Defend_B","Defend_B","Zap+1","Dualcast","Sweeping Beam","Hello World","Defragment","White Noise","Doom and Gloom","Tempest","Chaos","Loop","Cold Snap","Seek","Streamline","Defragment+1","Stack"],"max_hp_per_floor":[75,75,75,75,75,75,75,75,75,75,75,75,75,75,75,75,75,75,75,75,75,75,75,75,75],"relics":["Cracked Core","Whetstone","Blood Vial","Bag of Marbles","Bronze Scales","Inserter","Dead Branch"],"card_choices":[{"not_picked":["Beam Cell","Stack"],"picked":"Sweeping Beam","floor":1},{"not_picked":["Sweeping Beam","Ball Lightning"],"picked":"Hello World","floor":2},{"not_picked":["Beam Cell","Buffer"],"picked":"Defragment","floor":5},{"not_picked":["Sweeping Beam","Allocate"],"picked":"White Noise","floor":6},{"not_picked":["Go for the Eyes","Buffer"],"picked":"Doom and Gloom","floor":7},{"not_picked":["Allocate","Go for the Eyes"],"picked":"Loop","floor":10},{"not_picked":["Stack","Skim"],"picked":"Cold Snap","floor":12},{"not_picked":["Thunder Strike","Reboot"],"picked":"Seek","floor":16},{"not_picked":["Stack","Hello World"],"picked":"Streamline","floor":18},{"not_picked":["Axe Kick","Allocate"],"picked":"Defragment","floor":20},{"not_picked":["Defragment","Tempest"],"picked":"Stack","floor":24}],"player_experience":368647,"potions_floor_usage":[7,10,12,16,25],"damage_taken":[{"damage":1,"enemies":"Cultist","floor":1,"turns":3},{"damage":0,"enemies":"Small Slimes","floor":2,"turns":3},{"damage":11,"enemies":"Jaw Worm","floor":5,"turns":4},{"damage":35,"enemies":"3 Sentries","floor":6,"turns":6},{"damage":7,"enemies":"Blue Slaver","floor":7,"turns":2},{"damage":0,"enemies":"2 Fungi Beasts","floor":10,"turns":2},{"damage":3,"enemies":"Red Slaver","floor":12,"turns":2},{"damage":55,"enemies":"The Guardian","floor":16,"turns":12},{"damage":13,"enemies":"Shell Parasite","floor":18,"turns":6},{"damage":31,"enemies":"Chosen","floor":20,"turns":5},{"damage":33,"enemies":"Snake Plant","floor":24,"turns":4},{"damage":48,"enemies":"Slaver and Parasite","floor":25,"turns":5}],"event_choices":[{"event_name":"Shining Light","player_choice":"Entered Light","floor":3,"damage_taken":0},{"event_name":"Liars Game","player_choice":"agreed","floor":4,"damage_taken":0},{"event_name":"Big Fish","player_choice":"Banana","floor":14,"damage_taken":0},{"event_name":"The Joust","player_choice":"Bet on Murderer","floor":19,"damage_taken":0},{"event_name":"The Library","player_choice":"Heal","floor":22,"damage_taken":0}],"boss_relics":[{"not_picked":["Runic Dome","Nuclear Battery"],"picked":"Inserter"}],"potions_floor_spawned":[6,7,10,12,24],"seed_played":"-2860230732040269492","killed_by":"Slaver and Parasite","ascension_level":0,"is_trial":false}