{"path_per_floor":["M","$","?","M","M","M","$","M","T","R","E","R","$","E","R"],"character_chosen":"THE_SILENT","items_purchased":["All Out Attack","Accuracy","Underhanded Strike"],"gold_per_floor":[116,36,36,54,69,83,10,22,22,22,55,55,1,26,26,26],"floor_reached":16,"campfire_rested":3,"playtime":689,"item_purchase_floors":[2,7,13],"current_hp_per_floor":[70,70,70,67,67,50,50,40,40,61,40,61,61,27,48,0],"items_purged":[],"gold":26,"score":116,"play_id":"b17bd7c6-352a-4e88-9622-60692e899f76","local_time":"20180613061011","is_prod":false,"is_daily":false,"chose_seed":false,"is_ascension_mode":true,"campfire_upgraded":0,"win_rate":0,"timestamp":1528879211,"campfire_choices":[{"floor":10,"key":"REST"},{"floor":12,"key":"REST"},{"floor":15,"key":"REST"}],"path_taken":["M","$","?","M","M","M","$","M","T","R","E","R","$","E","R","BOSS"],"build_version":"2018-06-12","seed_source_timestamp":294540082060285,"purchased_purges":0,"victory":false,"master_deck":["Defend_G","Defend_G","Defend_G","Defend_G","Strike_G","Strike_G","Strike_G","Strike_G","Survivor","Neutralize","Dagger Spray","All Out Attack","Backflip","Infinite Blades","Accuracy","Calculated Gamble","Underhanded Strike","Bullet Time"],"max_hp_per_floor":[70,70,70,70,70,70,70,70,70,70,70,70,70,70,70,70],"special_seed":17695,"relics":["Empty Cage"],"card_choices":[{"not_picked":["Sucker Punch","Outmaneuver"],"picked":"Dagger Spray","floor":1},{"not_picked":["Outmaneuver","Quick Slash"],"picked":"Backflip","floor":4},{"not_picked":["Underhanded Strike","Flying Knee"],"picked":"Infinite Blades","floor":5},{"not_picked":["Quick Slash","Bouncing Flask","Escape Plan"],"picked":"SKIP","floor":6},{"not_picked":["Deadly Poison","Riddle With Holes","Flechettes"],"picked":"SKIP","floor":8},{"not_picked":["Slice","Bane"],"picked":"Calculated Gamble","floor":11},{"not_picked":["Flying Knee","Caltrops"],"picked":"Bullet Time","floor":14}],"player_experience":471144,"potions_floor_usage":[11,16],"damage_taken":[{"damage":0,"enemies":"Small Slimes","floor":1,"turns":5},{"damage":3,"enemies":"2 Louse","floor":4,"turns":2},{"damage":0,"enemies":"Jaw Worm","floor":5,"turns":3},{"damage":17,"enemies":"Gremlin Gang","floor":6,"turns":4},{"damage":10,"enemies":"Exordium Thugs","floor":8,"turns":5},{"damage":21,"enemies":"Gremlin Nob","floor":11,"turns":4},{"damage":34,"enemies":"Lagavulin","floor":14,"turns":8},{"damage":51,"enemies":"The Guardian","floor":16,"turns":13}],"relics_obtained":[],"event_choices":[{"event_name":"The Cleric","player_choice":"Leave","floor":3,"damage_taken":0}],"boss_relics":[],"items_purged_floors":[],"potions_floor_spawned":[5,8,14],"seed_played":"-1836556733435476122","killed_by":"The Guardian","ascension_level":1,"potions_obtained":[{"floor":5,"key":"Ancient Potion"},{"floor":8,"key":"AttackPotion"},{"floor":14,"key":"Poison Potion"}],"is_trial":false}