{"path_per_floor":["M","$","?","M","M","?","R","M","T","M","E","T","M","M","R","B",null,"M","M","M","M","$","?","R","?","T","R","M","M","$","M","R"],"character_chosen":"IRONCLAD","items_purchased":["Sword Boomerang","Membership Card","Transmutation","Cleave","Flex","Cleave"],"gold_per_floor":[118,93,93,105,119,119,119,139,139,157,191,239,249,267,267,364,364,382,402,416,436,38,38,38,38,38,38,54,73,11,30,30],"floor_reached":33,"campfire_rested":4,"playtime":3056,"current_hp_per_floor":[87,87,87,88,86,86,86,69,69,53,46,46,52,57,83,23,88,70,42,36,44,44,28,56,56,56,84,77,54,54,50,79],"items_purged":[],"gold":30,"play_id":"80e54651-e498-4d01-9489-127b8a482f70","is_prod":false,"is_daily":false,"is_ascension_mode":false,"campfire_upgraded":1,"path_taken":["M","$","?","M","M","?","R","M","T","M","E","?","M","?","R","BOSS","M","?","M","M","$","?","R","?","T","R","?","M","$","M","R","BOSS"],"build_version":"2018-02-01-PROD3","purchased_purges":0,"victory":false,"master_deck":["Strike_R","Strike_R","Strike_R","Strike_R","Defend_R+1","Defend_R+1","Defend_R","Defend_R","Bash","Iron Wave","Sword Boomerang","Intimidate","Burning Pact","Flex+1","Heavy Blade","Thunderclap","Seeing Red","Blood for Blood","Second Wind","Feed","Dual Wield+1","Armaments","Rampage","Anger","Transmutation","Cleave","Berserk","Bandage Up","Pommel Strike","Perfected Strike+1","Flex","Cleave","Wild Strike"],"max_hp_per_floor":[88,88,88,88,88,88,88,88,88,88,88,88,88,88,88,88,88,88,91,91,94,94,94,94,94,94,94,94,97,97,97,97],"relics":["Burning Blood","Red Skull","Charon\u0027s Ashes","War Paint","Black Star","Membership Card","Enchiridion","Sundial"],"card_choices":[{"not_picked":["Wild Strike","True Grit"],"picked":"Iron Wave"},{"not_picked":["Sever Soul","Bludgeon"],"picked":"Burning Pact"},{"not_picked":["Iron Wave","Disarm"],"picked":"Flex"},{"not_picked":["Spot Weakness","Iron Wave"],"picked":"Heavy Blade"},{"not_picked":["Havoc","Combust"],"picked":"Thunderclap"},{"not_picked":["Sword Boomerang","True Grit"],"picked":"Seeing Red"},{"not_picked":["Wild Strike","Body Slam"],"picked":"Blood for Blood"},{"not_picked":["Berserk","Warcry"],"picked":"Second Wind"},{"not_picked":["Impervious","Offering"],"picked":"Feed"},{"not_picked":["Rage","Wild Strike"],"picked":"Dual Wield"},{"not_picked":["Clash","Sword Boomerang"],"picked":"Armaments"},{"not_picked":["Twin Strike","Perfected Strike"],"picked":"Rampage"},{"not_picked":["Wild Strike","Havoc"],"picked":"Anger"},{"not_picked":["Evolve","Clothesline"],"picked":"Pommel Strike"},{"not_picked":["Pommel Strike","Iron Wave"],"picked":"Perfected Strike"},{"not_picked":["Evolve","Sword Boomerang"],"picked":"Wild Strike"}],"player_experience":39386,"potions_floor_usage":[11,11,14,16,20,21,28],"damage_taken":[{"damage":7,"enemies":"2 Louse","floor":1,"turns":3},{"damage":5,"enemies":"Small Slimes","floor":4,"turns":3},{"damage":8,"enemies":"Jaw Worm","floor":5,"turns":4},{"damage":23,"enemies":"Exordium Thugs","floor":8,"turns":4},{"damage":22,"enemies":"Gremlin Gang","floor":10,"turns":4},{"damage":22,"enemies":"3 Sentries","floor":11,"turns":5},{"damage":0,"enemies":"Looter","floor":13,"turns":2},{"damage":10,"enemies":"Exordium Thugs","floor":14,"turns":4},{"damage":66,"enemies":"The Guardian","floor":16,"turns":9},{"damage":24,"enemies":"2 Thieves","floor":18,"turns":4},{"damage":37,"enemies":"Chosen","floor":19,"turns":6},{"damage":12,"enemies":"Snake Plant","floor":20,"turns":4},{"damage":16,"enemies":"Cultist and Chosen","floor":21,"turns":5},{"damage":17,"enemies":"Centurion and Healer","floor":28,"turns":6},{"damage":40,"enemies":"3 Cultists","floor":29,"turns":6},{"damage":10,"enemies":"Snecko","floor":31,"turns":4},{"damage":89,"enemies":"Champ","floor":33,"turns":14}],"event_choices":[{"event_name":"Living Wall","player_choice":"Change","floor":3,"damage_taken":0},{"event_name":"Golden Wing","player_choice":"Ignored","floor":6,"damage_taken":0},{"event_name":"Cursed Tome","player_choice":"Obtained Book","floor":23,"damage_taken":0},{"event_name":"Match and Keep!","player_choice":"2 cards matched","floor":25,"damage_taken":0}],"boss_relics":[{"not_picked":["Runic Dome","White Beast Statue"],"picked":"Black Star"}],"potions_floor_spawned":[8,10,11,14,19,20,21],"seed_played":"2552128590039441141","killed_by":"Champ","ascension_level":0,"is_trial":false}