{"gold_per_floor":[112,112,130,130,55,55,73,73,73,98,111,129,149,168,168,263,263,279,16,16,32,46,46,56,71,97,97,97,22,37,57,57,57],"floor_reached":33,"playtime":1179,"items_purged":["Strike_B"],"score":270,"play_id":"ee3c684a-df72-453f-a363-26ccc4b3376f","local_time":"20180716231025","is_ascension_mode":true,"campfire_choices":[{"data":"Dualcast","floor":6,"key":"SMITH"},{"floor":15,"key":"REST"},{"data":"Auto Shields","floor":27,"key":"SMITH"},{"data":"Tempest","floor":32,"key":"SMITH"}],"neow_cost":"NONE","seed_source_timestamp":126714079660485,"circlet_count":0,"master_deck":["Strike_B","Strike_B+1","Strike_B","Defend_B","Defend_B","Defend_B","Defend_B","Zap+1","Dualcast+1","FTL","Go for the Eyes","Tempest+1","Auto Shields+1","Ball Lightning","Electrodynamics+1","Melter","Defragment+1","Sweeping Beam","Decay","Go for the Eyes","Static Discharge+1","Stack+1"],"relics":["Cracked Core","Blood Vial","CultistMask","Frozen Egg 2","Odd Mushroom","Coffee Dripper","Bag of Preparation","Anchor"],"potions_floor_usage":[10,11,28,30,30,33],"damage_taken":[{"damage":4,"enemies":"2 Louse","floor":1,"turns":2},{"damage":0,"enemies":"Cultist","floor":3,"turns":4},{"damage":0,"enemies":"Small Slimes","floor":7,"turns":2},{"damage":30,"floor":10,"turns":3},{"damage":0,"enemies":"Gremlin Gang","floor":11,"turns":2},{"damage":9,"enemies":"3 Louse","floor":12,"turns":3},{"damage":0,"enemies":"2 Fungi Beasts","floor":13,"turns":2},{"damage":0,"enemies":"Large Slime","floor":14,"turns":3},{"damage":41,"enemies":"Slime Boss","floor":16,"turns":9},{"damage":12,"enemies":"Chosen","floor":18,"turns":3},{"damage":4,"enemies":"Shell Parasite","floor":21,"turns":3},{"damage":0,"enemies":"Centurion and Healer","floor":22,"turns":3},{"damage":11,"enemies":"Snake Plant","floor":24,"turns":3},{"damage":24,"enemies":"Snecko","floor":25,"turns":4},{"damage":0,"enemies":"Cultist and Chosen","floor":28,"turns":1},{"damage":0,"enemies":"Snake Plant","floor":30,"turns":2},{"damage":29,"enemies":"Slaver and Parasite","floor":31,"turns":3},{"damage":13,"enemies":"Collector","floor":33,"turns":2}],"seed_played":"-3546186453231919928","potions_obtained":[{"floor":3,"key":"SkillPotion"},{"floor":8,"key":"SkillPotion"},{"floor":8,"key":"Strength Potion"},{"floor":12,"key":"SmokeBomb"},{"floor":16,"key":"Regen Potion"},{"floor":22,"key":"Explosive Potion"},{"floor":24,"key":"Fire Potion"},{"floor":31,"key":"Dexterity Potion"}],"is_trial":false,"path_per_floor":["M","?","M","?","$","R","M","?","T","?","M","M","M","M","R","B",null,"M","$","?","M","M","?","M","M","T","R","M","$","M","M","R"],"character_chosen":"DEFECT","items_purchased":["Melter","Bag of Preparation","Defragment+1","Static Discharge+1"],"campfire_rested":1,"item_purchase_floors":[19,19,19,29],"current_hp_per_floor":[71,71,73,58,58,58,60,60,60,32,34,27,29,31,53,14,75,63,63,63,61,63,63,54,32,32,32,34,34,36,9,9,0],"gold":57,"neow_bonus":"RANDOM_COMMON_RELIC","is_prod":false,"is_daily":false,"chose_seed":false,"campfire_upgraded":3,"win_rate":0,"timestamp":1531797025,"path_taken":["M","?","?","?","$","R","M","?","T","?","?","M","M","M","R","BOSS","M","$","?","M","M","?","?","M","T","R","?","?","M","M","R","BOSS"],"build_version":"2018-07-12","purchased_purges":1,"victory":false,"max_hp_per_floor":[75,75,75,75,75,75,75,75,75,75,75,75,75,75,75,75,75,75,75,75,75,75,75,75,75,75,75,75,75,75,75,75,75],"card_choices":[{"not_picked":["Stack","Gash"],"picked":"FTL","floor":1},{"not_picked":["Barrage","Gash","Coolheaded"],"picked":"SKIP","floor":3},{"not_picked":["Hologram","Gash","Compile Driver"],"picked":"SKIP","floor":7},{"not_picked":["White Noise","Aggregate"],"picked":"Go for the Eyes","floor":10},{"not_picked":["Streamline","Go for the Eyes"],"picked":"Tempest","floor":11},{"not_picked":["Steam Power","Turbo"],"picked":"Auto Shields","floor":12},{"not_picked":["Leap","White Noise"],"picked":"Ball Lightning","floor":13},{"not_picked":["Reinforced Body","BootSequence","Auto Shields"],"picked":"SKIP","floor":14},{"not_picked":["Multi-Cast","Hyperbeam"],"picked":"Electrodynamics+1","floor":16},{"not_picked":["Lockon","Undo","Stack"],"picked":"SKIP","floor":18},{"not_picked":["Beam Cell","Stack+1","FTL"],"picked":"SKIP","floor":21},{"not_picked":["Rebound","Storm+1","Hologram"],"picked":"SKIP","floor":22},{"not_picked":["Steam+1","Streamline+1","Coolheaded"],"picked":"SKIP","floor":24},{"not_picked":["Conserve Battery","Glacier"],"picked":"Go for the Eyes","floor":25},{"not_picked":["Blizzard","Streamline","Hologram+1"],"picked":"SKIP","floor":30},{"not_picked":["Cold Snap","Turbo"],"picked":"Stack+1","floor":31}],"player_experience":262198,"relics_obtained":[{"floor":9,"key":"Frozen Egg 2"},{"floor":10,"key":"Odd Mushroom"},{"floor":26,"key":"Anchor"}],"event_choices":[{"event_name":"FaceTrader","player_choice":"Trade","floor":2,"damage_taken":0},{"event_name":"Shining Light","player_choice":"Entered Light","floor":4,"damage_taken":0},{"event_name":"The Lab","player_choice":"Got Potions","floor":8,"damage_taken":0},{"event_name":"Mushrooms","player_choice":"Fought Mushrooms","floor":10,"damage_taken":0},{"event_name":"The Library","player_choice":"Read","floor":20,"damage_taken":0},{"event_name":"Wheel of Change","player_choice":"Curse","floor":23,"damage_taken":0}],"boss_relics":[{"not_picked":["Fusion Hammer","Cursed Key"],"picked":"Coffee Dripper"}],"items_purged_floors":[5],"is_endless":false,"potions_floor_spawned":[3,12,16,18,22,24,28,31],"killed_by":"Collector","ascension_level":2}