{"gold_per_floor":[112,112,37,37,53,80,80,110,110,127,156,156,156,10,10,106,106,126,126,139,139,139,164,19,37,86,106,133,133],"floor_reached":29,"playtime":1963,"items_purged":["Regret","Decay"],"score":353,"play_id":"48dbed07-5cc6-4384-8a89-6409a9483f71","local_time":"20190106190650","is_ascension_mode":true,"campfire_choices":[{"data":"Zap","floor":7,"key":"SMITH"},{"floor":13,"key":"REST"},{"data":"Echo Form","floor":15,"key":"SMITH"}],"neow_cost":"CURSE","seed_source_timestamp":411746930731306,"circlet_count":0,"master_deck":["Strike_B","Strike_B","Defend_B","Defend_B","Defend_B","Defend_B","Zap+1","Dualcast","Echo Form+1","Stack","Go for the Eyes+1","Coolheaded","Electrodynamics","Go for the Eyes+1","Electrodynamics","Redo+1","Creative AI","Conserve Battery+1","Storm","Compile Driver","Hologram+1","Leap+1"],"relics":["Cracked Core","Boot","Tiny Chest","Letter Opener","Toxic Egg 2","Bag of Preparation","Sozu","Cables","Thread and Needle","DataDisk","Dream Catcher","Whetstone"],"potions_floor_usage":[11,11,23],"damage_taken":[{"damage":10,"enemies":"Small Slimes","floor":1,"turns":4},{"damage":7,"enemies":"Cultist","floor":5,"turns":4},{"damage":4,"enemies":"Lagavulin","floor":6,"turns":10},{"damage":7,"enemies":"Jaw Worm","floor":10,"turns":3},{"damage":28,"enemies":"Gremlin Nob","floor":11,"turns":4},{"damage":7,"enemies":"Hexaghost","floor":16,"turns":10},{"damage":23,"enemies":"Shell Parasite","floor":18,"turns":5},{"damage":3,"enemies":"Chosen","floor":20,"turns":4},{"damage":13,"enemies":"Gremlin Leader","floor":23,"turns":5},{"damage":6,"enemies":"Snecko","floor":25,"turns":4},{"damage":0,"enemies":"Snake Plant","floor":27,"turns":3},{"damage":0,"enemies":"Book of Stabbing","floor":28,"turns":5},{"damage":3,"enemies":"Colosseum Slavers","floor":29,"turns":2},{"damage":31,"enemies":"Colosseum Nobs","floor":29,"turns":3}],"seed_played":"-7259757030085977040","potions_obtained":[{"floor":6,"key":"SteroidPotion"},{"floor":10,"key":"Block Potion"},{"floor":16,"key":"Swift Potion"}],"is_trial":false,"path_per_floor":["M","?","$","?","M","E","R","T","T","M","E","?","R","$","R","B",null,"M","T","M","?","?","E","$","M","T","M","E","?"],"character_chosen":"DEFECT","items_purchased":["Redo+1","DataDisk"],"campfire_rested":1,"item_purchase_floors":[14,24],"current_hp_per_floor":[65,65,65,65,58,54,54,54,54,47,19,12,34,34,34,27,75,52,52,49,49,49,36,36,30,30,30,30,0],"gold":133,"neow_bonus":"TRANSFORM_TWO_CARDS","is_prod":false,"is_daily":false,"chose_seed":false,"campfire_upgraded":2,"win_rate":0,"timestamp":1546823210,"path_taken":["M","?","$","?","M","E","R","?","T","?","E","?","R","?","R","BOSS","M","?","M","?","?","E","?","M","T","M","E","?"],"build_version":"2019-01-03v4","purchased_purges":2,"victory":false,"max_hp_per_floor":[75,75,75,75,75,75,75,75,75,75,75,75,75,75,75,75,75,75,75,75,75,75,75,75,75,75,75,75,75],"card_choices":[{"not_picked":["Auto Shields","Heatsinks"],"picked":"Go for the Eyes","floor":1},{"not_picked":["Gash","Redo"],"picked":"Coolheaded","floor":5},{"not_picked":["Coolheaded","Ball Lightning"],"picked":"Electrodynamics","floor":6},{"not_picked":["Force Field","Lockon"],"picked":"Go for the Eyes","floor":10},{"not_picked":["Electrodynamics","Go for the Eyes","Barrage"],"picked":"SKIP","floor":11},{"not_picked":["Go for the Eyes","Barrage"],"picked":"Electrodynamics","floor":11},{"not_picked":["Multi-Cast+1","Echo Form"],"picked":"Creative AI","floor":16},{"not_picked":["Gash","Sunder"],"picked":"Conserve Battery+1","floor":18},{"not_picked":["Sunder","Coolheaded+1"],"picked":"Storm","floor":20},{"not_picked":["Static Discharge","Steam Power+1"],"picked":"Compile Driver","floor":23},{"not_picked":["Reprogram+1","Beam Cell"],"picked":"Hologram+1","floor":25},{"not_picked":["Redo+1","Beam Cell+1","Sunder"],"picked":"SKIP","floor":27},{"not_picked":["Redo+1","Sunder+1"],"picked":"Leap+1","floor":28}],"player_experience":150502,"relics_obtained":[{"floor":6,"key":"Boot"},{"floor":8,"key":"Tiny Chest"},{"floor":9,"key":"Letter Opener"},{"floor":11,"key":"Toxic Egg 2"},{"floor":19,"key":"Cables"},{"floor":23,"key":"Thread and Needle"},{"floor":26,"key":"Dream Catcher"},{"floor":28,"key":"Whetstone"}],"event_choices":[{"damage_healed":0,"gold_gain":0,"player_choice":"Cursed","damage_taken":0,"max_hp_gain":0,"max_hp_loss":0,"event_name":"Wheel of Change","floor":2,"gold_loss":0,"cards_obtained":["Decay"]},{"damage_healed":0,"gold_gain":0,"player_choice":"Leave","damage_taken":0,"max_hp_gain":0,"max_hp_loss":0,"event_name":"The Cleric","floor":4,"gold_loss":0},{"damage_healed":0,"gold_gain":0,"player_choice":"Success","damage_taken":7,"relics_obtained":["Bag of Preparation"],"max_hp_gain":0,"max_hp_loss":0,"event_name":"Scrap Ooze","floor":12,"gold_loss":0},{"damage_healed":0,"gold_gain":0,"player_choice":"Ignored","damage_taken":0,"max_hp_gain":0,"max_hp_loss":0,"event_name":"Ghosts","floor":21,"gold_loss":0},{"damage_healed":0,"gold_gain":0,"player_choice":"Ignored","damage_taken":0,"max_hp_gain":0,"max_hp_loss":0,"event_name":"Vampires","floor":22,"gold_loss":0},{"damage_healed":0,"gold_gain":0,"player_choice":"Fight","damage_taken":0,"max_hp_gain":0,"max_hp_loss":0,"event_name":"Colosseum","floor":29,"gold_loss":0},{"damage_healed":0,"gold_gain":0,"player_choice":"Fought Nobs","damage_taken":0,"max_hp_gain":0,"max_hp_loss":0,"event_name":"Colosseum","floor":29,"gold_loss":0}],"is_beta":false,"boss_relics":[{"not_picked":["Velvet Choker","Runic Pyramid"],"picked":"Sozu"}],"items_purged_floors":[3,14],"is_endless":false,"potions_floor_spawned":[6,10,16,23,28,29],"killed_by":"Colosseum Nobs","ascension_level":4}