{"path_per_floor":["M","$","M","M","M","R","M","R","T","E","$","M","?","M","R","B",null,"M","?","?","M","?","R","$","M","T","R","$","R","M","$","R"],"character_chosen":"DEFECT","items_purchased":["Defragment","Auto Shields","Kunai"],"gold_per_floor":[114,46,61,76,91,91,106,106,106,136,59,74,149,164,164,264,264,279,279,279,294,304,304,54,69,69,69,69,69,84,84,84,84],"floor_reached":33,"campfire_rested":5,"playtime":1754,"current_hp_per_floor":[74,74,74,72,68,68,65,65,71,57,57,55,44,44,68,49,87,61,45,45,31,31,57,57,29,35,62,62,89,44,44,71,0],"items_purged":[],"gold":84,"score":272,"play_id":"24c51f04-6c82-40ef-adcb-60928ac49e9f","local_time":"20180502014400","daily_mods":["Allstar","Cursed Run","Elite Swarm"],"is_prod":false,"is_daily":true,"chose_seed":false,"is_ascension_mode":false,"campfire_upgraded":2,"timestamp":1525234440,"path_taken":["M","$","?","M","M","R","M","R","T","E","$","M","?","?","R","BOSS","M","?","?","M","?","R","$","M","T","R","?","R","M","$","R","BOSS"],"build_version":"2018-05-01","seed_source_timestamp":0,"purchased_purges":0,"victory":false,"master_deck":["Strike_B","Strike_B","Strike_B","Strike_B","Defend_B","Defend_B+1","Defend_B","Defend_B","Zap","Dualcast","Dramatic Entrance+1","Secret Technique+1","Secret Weapon+1","Mind Blast","Sadistic Nature","Axe Kick","Defragment","Gash","Force Field","Melter","Heatsinks","Echo Form","Auto Shields","Darkness","Clumsy","Fusion","Heatsinks","Parasite"],"max_hp_per_floor":[75,75,75,75,75,75,75,75,81,81,81,81,81,81,81,87,87,87,87,87,87,87,87,87,87,93,93,93,93,93,93,93,93],"relics":["Cursed Key","Darkstone Periapt","Du-Vu Doll","War Paint","Vajra","Nuclear Battery","Nilry\u0027s Codex","Red Mask","Kunai","Symbiotic Virus"],"card_choices":[{"not_picked":["Rebound","Streamline"],"picked":"Axe Kick","floor":1},{"not_picked":["Blaster","Skim"],"picked":"Gash","floor":3},{"not_picked":["Chill","Streamline"],"picked":"Force Field","floor":4},{"not_picked":["Conserve Battery","Impulse"],"picked":"Melter","floor":5},{"not_picked":["Sweeping Beam","Cold Snap"],"picked":"Heatsinks","floor":7},{"not_picked":["Redo","Multi-Cast"],"picked":"Echo Form","floor":10},{"not_picked":["Impulse","Streamline"],"picked":"Darkness","floor":12},{"not_picked":["Prime","Redo"],"picked":"Fusion","floor":16},{"not_picked":["Stack","Go for the Eyes"],"picked":"Heatsinks","floor":22}],"player_experience":379405,"potions_floor_usage":[3,16,22,30,33,33],"damage_taken":[{"damage":1,"enemies":"Cultist","floor":1,"turns":3},{"damage":0,"enemies":"Jaw Worm","floor":3,"turns":1},{"damage":2,"enemies":"Small Slimes","floor":4,"turns":3},{"damage":4,"enemies":"2 Fungi Beasts","floor":5,"turns":3},{"damage":3,"enemies":"Lots of Slimes","floor":7,"turns":2},{"damage":14,"enemies":"Gremlin Nob","floor":10,"turns":3},{"damage":2,"enemies":"Blue Slaver","floor":12,"turns":3},{"damage":0,"enemies":"Looter","floor":14,"turns":2},{"damage":25,"enemies":"The Guardian","floor":16,"turns":11},{"damage":26,"enemies":"Shell Parasite","floor":18,"turns":5},{"damage":14,"enemies":"3 Byrds","floor":21,"turns":5},{"damage":0,"enemies":"Masked Bandits","floor":22,"turns":2},{"damage":28,"enemies":"Snake Plant","floor":25,"turns":5},{"damage":45,"enemies":"Slaver and Parasite","floor":30,"turns":7},{"damage":72,"enemies":"Champ","floor":33,"turns":8}],"event_choices":[{"event_name":"World of Goop","player_choice":"Gather Gold","floor":13,"damage_taken":0},{"event_name":"Cursed Tome","player_choice":"Obtained Book","floor":19,"damage_taken":0},{"event_name":"Back to Basics","player_choice":"Elegance","floor":20,"damage_taken":0},{"event_name":"Masked Bandits","player_choice":"Fought over 294 gold","floor":22,"damage_taken":0}],"boss_relics":[{"not_picked":["White Beast Statue","Snecko Eye"],"picked":"Nuclear Battery"}],"potions_floor_spawned":[1,3,7,10,21,25,30],"seed_played":"-1337817561481805192","killed_by":"Champ","ascension_level":0,"is_trial":false}