{"path_per_floor":["M","?","M","$","M","R","?","E","T","R","M","$","M","M","R","B",null,"M","$","?"],"character_chosen":"DEFECT","items_purchased":["Dead Branch","Undo","Genetic Algorithm"],"gold_per_floor":[118,293,310,10,25,25,125,152,152,152,171,16,29,43,43,141,141,122,42,68,68],"floor_reached":21,"campfire_rested":1,"playtime":1069,"current_hp_per_floor":[73,73,71,71,73,73,73,56,56,56,57,57,52,52,74,75,75,53,53,26,0],"items_purged":["Doubt"],"gold":68,"score":188,"play_id":"57722b2d-ec2f-476e-8687-1c8ef9aa3b15","local_time":"20180508042809","is_prod":false,"is_daily":false,"chose_seed":false,"is_ascension_mode":true,"campfire_upgraded":2,"timestamp":1525762689,"path_taken":["M","?","M","$","M","R","?","E","T","R","M","$","M","M","R","BOSS","M","$","?","M"],"build_version":"2018-05-03","seed_source_timestamp":89243040285250,"purchased_purges":1,"victory":false,"master_deck":["Strike_B","Strike_B","Strike_B","Strike_B","Defend_B","Defend_B","Defend_B","Defend_B","Zap+1","Self Repair+1","Rebound","Hologram","Ball Lightning","Impulse","Undo","White Noise","Buffer","Creative AI","Defragment+1","Genetic Algorithm","Storm"],"max_hp_per_floor":[75,75,75,75,75,75,75,75,75,75,75,75,75,75,75,75,75,75,75,75,75],"relics":["Cracked Core","Dead Branch","Mummified Hand","Singing Bowl","Inserter","Red Mask"],"card_choices":[{"not_picked":["Axe Kick","BootSequence"],"picked":"Self Repair","floor":1},{"not_picked":["Turbo","Cold Snap"],"picked":"Rebound","floor":3},{"not_picked":["Skim","Turbo"],"picked":"Hologram","floor":5},{"not_picked":["Steam Power","Turbo"],"picked":"Ball Lightning","floor":8},{"not_picked":["FTL","Sweeping Beam"],"picked":"Impulse","floor":11},{"not_picked":["Impulse","Fission"],"picked":"White Noise","floor":13},{"not_picked":["Skim","Streamline"],"picked":"Buffer","floor":14},{"not_picked":["Thunder Strike","Hyperbeam"],"picked":"Creative AI","floor":16},{"not_picked":["Sweeping Beam","Axe Kick"],"picked":"Defragment","floor":18},{"not_picked":["Barrage","Skim"],"picked":"Storm","floor":20}],"player_experience":405298,"potions_floor_usage":[8,14,16,20],"damage_taken":[{"damage":2,"enemies":"Small Slimes","floor":1,"turns":4},{"damage":9,"enemies":"Jaw Worm","floor":3,"turns":5},{"damage":5,"enemies":"Cultist","floor":5,"turns":4},{"damage":24,"enemies":"Gremlin Nob","floor":8,"turns":4},{"damage":9,"enemies":"Blue Slaver","floor":11,"turns":3},{"damage":9,"enemies":"Looter","floor":13,"turns":3},{"damage":0,"enemies":"3 Louse","floor":14,"turns":1},{"damage":8,"enemies":"Slime Boss","floor":16,"turns":8},{"damage":32,"enemies":"2 Thieves","floor":18,"turns":4},{"damage":47,"enemies":"Masked Bandits","floor":20,"turns":4},{"damage":42,"enemies":"Shell Parasite","floor":21,"turns":8}],"event_choices":[{"event_name":"Liars Game","player_choice":"agreed","floor":2,"damage_taken":0},{"event_name":"Golden Shrine","player_choice":"Pray","floor":7,"damage_taken":0},{"event_name":"Masked Bandits","player_choice":"Fought over 42 gold","floor":20,"damage_taken":0}],"boss_relics":[{"not_picked":["Velvet Choker","Runic Dome"],"picked":"Inserter"}],"potions_floor_spawned":[5,8,11,18],"seed_played":"6092645123355186024","killed_by":"Shell Parasite","ascension_level":1,"is_trial":false}