{"path_per_floor":["M","?","?","$","M","R","M","?","T","M","R","?","R","?","R","B",null,"M","?","?","?","$","R","M","?","T","R","?","R","$","M","R"],"character_chosen":"THE_SILENT","items_purchased":["Backflip","Dagger Throw","Predator","Well Laid Plans","Cloak And Dagger","Prepared"],"gold_per_floor":[109,109,284,113,130,130,142,142,193,206,206,206,206,281,281,379,379,393,393,493,493,389,389,399,449,473,473,473,473,396,413,413,413],"floor_reached":33,"campfire_rested":2,"playtime":997,"current_hp_per_floor":[65,58,58,58,56,62,62,62,62,62,68,68,70,59,65,30,70,51,51,51,51,51,59,36,36,36,65,65,70,70,28,57,0],"items_purged":["Doubt"],"gold":413,"score":229,"play_id":"fa7a1d44-9d7e-4ebe-a1a7-d8892acc4da9","local_time":"20180420010348","is_prod":false,"is_daily":false,"chose_seed":false,"is_ascension_mode":false,"campfire_upgraded":6,"timestamp":1524195228,"path_taken":["M","?","?","$","M","R","M","?","T","M","R","?","R","?","R","BOSS","M","?","?","?","$","R","?","?","T","R","?","R","$","M","R","BOSS"],"build_version":"2018-04-19","seed_source_timestamp":694047165205366,"purchased_purges":1,"victory":false,"master_deck":["Defend_G","Defend_G","Defend_G","Defend_G","Defend_G","Strike_G","Strike_G","Strike_G","Strike_G","Strike_G","Survivor+1","Skewer+1","Backflip+1","Dagger Throw","PiercingWail","Sucker Punch+1","Dagger Spray+1","Storm of Steel+1","Predator+1","Well Laid Plans","Cloak And Dagger","Prepared"],"max_hp_per_floor":[70,70,70,70,70,70,70,70,70,70,70,70,70,70,70,70,70,70,70,70,70,70,70,70,70,70,70,70,70,70,70,70,70],"relics":["Eternal Feather"],"card_choices":[{"not_picked":["Bane","Heel Hook"],"picked":"Skewer","floor":1},{"not_picked":["Eviscerate","Dagger Throw"],"picked":"PiercingWail","floor":5},{"not_picked":["Heel Hook","Slice"],"picked":"Sucker Punch","floor":7},{"not_picked":["Deadly Poison","Acrobatics"],"picked":"Dagger Spray","floor":10},{"not_picked":["Glass Knife","Night Terror"],"picked":"Storm of Steel","floor":16}],"player_experience":357584,"potions_floor_usage":[10,16],"damage_taken":[{"damage":5,"enemies":"2 Louse","floor":1,"turns":2},{"damage":2,"enemies":"Jaw Worm","floor":5,"turns":5},{"damage":0,"enemies":"Small Slimes","floor":7,"turns":2},{"damage":0,"enemies":"3 Louse","floor":10,"turns":2},{"damage":46,"enemies":"The Guardian","floor":16,"turns":18},{"damage":19,"enemies":"3 Byrds","floor":18,"turns":6},{"damage":23,"enemies":"Shell Parasite","floor":24,"turns":9},{"damage":42,"enemies":"Snake Plant","floor":31,"turns":6},{"damage":76,"enemies":"Automaton","floor":33,"turns":6}],"event_choices":[{"event_name":"Golden Wing","player_choice":"Card Removal","floor":2,"damage_taken":0},{"event_name":"Liars Game","player_choice":"agreed","floor":3,"damage_taken":0},{"event_name":"Scrap Ooze","player_choice":"unsuccessful","floor":8,"damage_taken":0},{"event_name":"Living Wall","player_choice":"Grow","floor":12,"damage_taken":0},{"event_name":"World of Goop","player_choice":"Gather Gold","floor":14,"damage_taken":0},{"event_name":"Purifier","player_choice":"Skipped","floor":19,"damage_taken":0},{"event_name":"Golden Shrine","player_choice":"Pray","floor":20,"damage_taken":0},{"event_name":"The Mausoleum","player_choice":"No","floor":21,"damage_taken":0},{"event_name":"The Joust","player_choice":"Bet on Murderer","floor":25,"damage_taken":0},{"event_name":"Beggar","player_choice":"Ignored","floor":28,"damage_taken":0}],"boss_relics":[{"not_picked":["Orrery","Cursed Key","Tiny House"]}],"potions_floor_spawned":[1,7,18],"seed_played":"2697866388674467984","killed_by":"Automaton","ascension_level":0,"is_trial":false}