{"gold_per_floor":[109,109,126,24,24,24,58,58,84,102,102,129,149,162,162,237,237,252,262,177,177,16,16,16,16,16,16,32,67,167,167,167,245,245,264,274,274,290,309,309,337,337,386,400,416,416,416,447,447,447],"floor_reached":50,"playtime":2581,"items_purged":["Strike_B"],"score":1206,"play_id":"9fe743a5-bb05-4a57-bfe4-c2b444037b3c","local_time":"20190130204928","is_ascension_mode":true,"campfire_choices":[{"data":"Chaos","floor":6,"key":"SMITH"},{"data":"Defragment","floor":8,"key":"SMITH"},{"floor":11,"key":"REST"},{"data":"Buffer","floor":15,"key":"SMITH"},{"data":"Discovery","floor":23,"key":"SMITH"},{"data":"Steam","floor":25,"key":"SMITH"},{"data":"Zap","floor":27,"key":"SMITH"},{"data":"Hologram","floor":32,"key":"SMITH"},{"data":"Magnetism","floor":40,"key":"SMITH"},{"data":"Biased Cognition","floor":42,"key":"SMITH"},{"floor":47,"key":"REST"},{"floor":49,"key":"RECALL"}],"neow_cost":"PERCENT_DAMAGE","seed_source_timestamp":2855068661402,"circlet_count":0,"master_deck":["AscendersBane","Defend_B","Defend_B","Defend_B","Zap+1","Beam Cell","Chaos+1","Discovery+1","Defragment+1","Ball Lightning","Buffer+1","Conserve Battery","Electrodynamics","Turbo","Cold Snap","Steam+1","Hologram+1","Scrape","Streamline","Biased Cognition+1","Compile Driver","Coolheaded+1","Magnetism+1","Glacier+1","Cold Snap+1"],"relics":["Cracked Core","Anchor","Oddly Smooth Stone","Pantograph","Runic Pyramid","Cables","Ornamental Fan","Dream Catcher","Ginger","Meat on the Bone","Philosopher\u0027s Stone","PreservedInsect","Singing Bowl"],"potions_floor_usage":[3,7,29,29,38],"damage_taken":[{"damage":7,"enemies":"Jaw Worm","floor":1,"turns":3},{"damage":1,"enemies":"2 Louse","floor":3,"turns":3},{"damage":23,"enemies":"3 Sentries","floor":7,"turns":7},{"damage":0,"enemies":"Small Slimes","floor":10,"turns":3},{"damage":21,"enemies":"Lagavulin","floor":12,"turns":5},{"damage":1,"enemies":"Blue Slaver","floor":13,"turns":3},{"damage":2,"enemies":"Large Slime","floor":14,"turns":4},{"damage":26,"enemies":"Slime Boss","floor":16,"turns":11},{"damage":12,"enemies":"2 Thieves","floor":18,"turns":3},{"damage":0,"enemies":"Shell Parasite","floor":19,"turns":4},{"damage":7,"enemies":"Snake Plant","floor":28,"turns":4},{"damage":0,"enemies":"Book of Stabbing","floor":29,"turns":5},{"damage":5,"enemies":"Colosseum Slavers","floor":30,"turns":3},{"damage":9,"enemies":"Colosseum Nobs","floor":30,"turns":3},{"damage":21,"enemies":"Collector","floor":33,"turns":11},{"damage":0,"enemies":"Orb Walker","floor":35,"turns":3},{"damage":1,"enemies":"3 Darklings","floor":36,"turns":4},{"damage":28,"enemies":"4 Shapes","floor":38,"turns":3},{"damage":0,"enemies":"Spire Growth","floor":39,"turns":4},{"damage":0,"enemies":"Nemesis","floor":41,"turns":5},{"damage":24,"enemies":"3 Darklings","floor":44,"turns":5},{"damage":11,"enemies":"4 Shapes","floor":45,"turns":5},{"damage":0,"enemies":"Giant Head","floor":48,"turns":8},{"damage":97,"enemies":"Time Eater","floor":50,"turns":10}],"seed_played":"-4661199444194234389","potions_obtained":[{"floor":1,"key":"Swift Potion"},{"floor":3,"key":"Fire Potion"},{"floor":14,"key":"SpeedPotion"},{"floor":16,"key":"Dexterity Potion"},{"floor":28,"key":"EssenceOfSteel"},{"floor":30,"key":"FearPotion"},{"floor":36,"key":"Regen Potion"},{"floor":39,"key":"FocusPotion"},{"floor":41,"key":"FocusPotion"}],"is_trial":false,"path_per_floor":["M","?","M","$","?","R","E","R","T","M","R","E","M","M","R","B",null,"M","M","?","?","$","R","$","R","T","R","M","E","?","?","R","B",null,"M","M","?","M","M","R","E","R","T","M","M","?","R","E","R","B"],"character_chosen":"DEFECT","items_purchased":["Discovery","Cold Snap","Steam"],"campfire_rested":2,"item_purchase_floors":[4,22,22],"current_hp_per_floor":[39,32,31,31,31,31,8,8,8,8,29,8,7,5,5,4,54,42,42,42,42,42,42,42,42,42,42,35,35,21,21,21,37,63,63,62,57,38,38,38,38,38,38,26,27,27,48,50,50,0],"gold":447,"neow_bonus":"REMOVE_TWO","is_prod":false,"is_daily":false,"chose_seed":false,"campfire_upgraded":9,"win_rate":0,"timestamp":1548877768,"path_taken":["M","?","M","$","?","R","E","R","T","M","R","E","M","M","R","BOSS","M","M","?","?","$","R","?","R","T","R","M","E","?","?","R","BOSS","M","M","?","M","M","R","E","R","T","M","M","?","R","E","R","BOSS"],"build_version":"2019-01-23","purchased_purges":1,"victory":false,"max_hp_per_floor":[71,71,71,71,71,71,71,71,71,71,71,71,71,71,71,71,71,71,71,71,71,71,71,71,71,71,71,71,71,71,71,71,71,71,71,71,71,71,71,71,71,71,71,71,71,71,71,73,73,73],"card_choices":[{"not_picked":["Redo","Reprogram"],"picked":"Beam Cell","floor":1},{"not_picked":["Hello World","Barrage"],"picked":"Chaos","floor":3},{"not_picked":["Leap","Gash"],"picked":"Defragment","floor":7},{"not_picked":["Beam Cell","Conserve Battery"],"picked":"Ball Lightning","floor":10},{"not_picked":["Gash","Reinforced Body"],"picked":"Buffer","floor":12},{"not_picked":["Aggregate","Redo","Doom and Gloom"],"picked":"SKIP","floor":13},{"not_picked":["Turbo","Coolheaded"],"picked":"Conserve Battery","floor":14},{"not_picked":["Creative AI","Thunder Strike"],"picked":"Electrodynamics","floor":16},{"not_picked":["Reprogram","Streamline+1","Rip and Tear"],"picked":"SKIP","floor":18},{"not_picked":["Storm","Blizzard"],"picked":"Turbo","floor":19},{"not_picked":["Auto Shields","Loop"],"picked":"Hologram","floor":28},{"not_picked":["Stack","Redo","Rebound"],"picked":"SKIP","floor":29},{"not_picked":["Hyperbeam","Meteor Strike"],"picked":"Biased Cognition","floor":33},{"not_picked":["Conserve Battery","Reprogram"],"picked":"Compile Driver","floor":35},{"not_picked":["Stack+1","BootSequence"],"picked":"Coolheaded+1","floor":36},{"not_picked":["Madness","Jack Of All Trades"],"picked":"Magnetism","floor":37},{"not_picked":["Blizzard","Sweeping Beam+1","Steam"],"picked":"SKIP","floor":38},{"not_picked":["Consume+1","Cold Snap"],"picked":"Glacier","floor":39},{"not_picked":["Beam Cell","Ball Lightning"],"picked":"Cold Snap+1","floor":41},{"not_picked":["Sweeping Beam","Stack","Hologram"],"picked":"SKIP","floor":44},{"not_picked":["Go for the Eyes","Hologram","Fusion"],"picked":"SKIP","floor":45},{"not_picked":["Hello World","Melter","Sweeping Beam+1"],"picked":"Singing Bowl","floor":48}],"player_experience":935543,"relics_obtained":[{"floor":7,"key":"Anchor"},{"floor":9,"key":"Oddly Smooth Stone"},{"floor":12,"key":"Pantograph"},{"floor":26,"key":"Ornamental Fan"},{"floor":29,"key":"Dream Catcher"},{"floor":30,"key":"Ginger"},{"floor":30,"key":"Meat on the Bone"},{"floor":41,"key":"PreservedInsect"},{"floor":48,"key":"Singing Bowl"}],"event_choices":[{"cards_removed":["Dualcast"],"damage_healed":0,"gold_gain":0,"player_choice":"Card Removal","damage_taken":7,"max_hp_gain":0,"max_hp_loss":0,"event_name":"Golden Wing","floor":2,"gold_loss":0},{"damage_healed":0,"gold_gain":0,"player_choice":"Leave","damage_taken":0,"max_hp_gain":0,"max_hp_loss":0,"event_name":"The Cleric","floor":5,"gold_loss":0},{"damage_healed":0,"gold_gain":0,"player_choice":"Obtained Relic","damage_taken":0,"relics_obtained":["Cables"],"max_hp_gain":0,"max_hp_loss":0,"event_name":"Addict","floor":20,"gold_loss":85},{"damage_healed":0,"gold_gain":0,"player_choice":"Ignored","damage_taken":0,"max_hp_gain":0,"max_hp_loss":0,"event_name":"Cursed Tome","floor":21,"gold_loss":0},{"damage_healed":0,"gold_gain":0,"player_choice":"Fight","damage_taken":0,"max_hp_gain":0,"max_hp_loss":0,"event_name":"Colosseum","floor":30,"gold_loss":0},{"damage_healed":0,"gold_gain":0,"player_choice":"Fought Nobs","damage_taken":0,"max_hp_gain":0,"max_hp_loss":0,"event_name":"Colosseum","floor":30,"gold_loss":0},{"damage_healed":0,"gold_gain":0,"cards_transformed":["Strike_B","Strike_B"],"player_choice":"Became Test Subject","damage_taken":0,"max_hp_gain":0,"max_hp_loss":0,"event_name":"Drug Dealer","floor":31,"gold_loss":0,"cards_obtained":["Scrape","Streamline"]},{"damage_healed":0,"gold_gain":0,"player_choice":"Memory 2","damage_taken":5,"max_hp_gain":0,"max_hp_loss":0,"event_name":"SensoryStone","floor":37,"gold_loss":0},{"damage_healed":0,"gold_gain":0,"player_choice":"Forge","damage_taken":0,"max_hp_gain":0,"max_hp_loss":0,"event_name":"Accursed Blacksmith","floor":46,"gold_loss":0,"cards_upgraded":["Glacier"]}],"is_beta":true,"boss_relics":[{"not_picked":["Orrery","Fusion Hammer"],"picked":"Runic Pyramid"},{"not_picked":["Pandora\u0027s Box","Lizard Tail"],"picked":"Philosopher\u0027s Stone"}],"items_purged_floors":[22],"is_endless":false,"potions_floor_spawned":[1,3,14,16,28,30,30,36,39,41],"killed_by":"Time Eater","ascension_level":20}