{"gold_per_floor":[110,16,16,32,50,50,65,91,118,118,148,73,73,108,108,182,182,199,214,19,19,32,32,32,32],"floor_reached":25,"playtime":1497,"items_purged":["Strike_B","Amplify"],"score":394,"play_id":"90af5f63-be60-48a4-bf71-867412770fe7","local_time":"20190201122528","is_ascension_mode":true,"campfire_choices":[{"data":"Zap","floor":6.0,"key":"SMITH"},{"data":"Defragment","floor":10.0,"key":"SMITH"},{"floor":13.0,"key":"REST"},{"floor":15.0,"key":"REST"},{"floor":23,"key":"REST"}],"neow_cost":"NONE","seed_source_timestamp":0,"circlet_count":0,"master_deck":["AscendersBane","Zap+1","Dualcast","Go for the Eyes","Ball Lightning","BootSequence","Leap","Capacitor","Static Discharge","Defragment+1","Hologram","Core Surge","All For One","Hello World","Aggregate","Fusion","Gash","Electrodynamics","Sweeping Beam","Stack","Genetic Algorithm","Glacier","Coolheaded","Go for the Eyes+1"],"special_seed":0,"relics":["Cracked Core","Incense Burner","Blue Candle","Bag of Marbles","StoneCalendar","Regal Pillow","Pandora\u0027s Box"],"potions_floor_usage":[],"damage_taken":[{"damage":6.0,"enemies":"Cultist","floor":1.0,"turns":4.0},{"damage":0.0,"enemies":"Small Slimes","floor":4.0,"turns":4.0},{"damage":0.0,"enemies":"2 Louse","floor":5.0,"turns":4.0},{"damage":0.0,"enemies":"Blue Slaver","floor":7.0,"turns":3.0},{"damage":27.0,"enemies":"3 Sentries","floor":8.0,"turns":7.0},{"damage":35.0,"enemies":"Gremlin Nob","floor":11.0,"turns":4.0},{"damage":10.0,"enemies":"Lagavulin","floor":14.0,"turns":6.0},{"damage":5.0,"enemies":"The Guardian","floor":16.0,"turns":9.0},{"damage":14.0,"enemies":"Shell Parasite","floor":18.0,"turns":4.0},{"damage":29,"enemies":"2 Thieves","floor":19,"turns":4},{"damage":11,"enemies":"Sentry and Sphere","floor":22,"turns":7},{"damage":56,"enemies":"Gremlin Leader","floor":25,"turns":4}],"seed_played":"7288033433811348775","potions_obtained":[{"floor":4.0,"key":"Dexterity Potion"},{"floor":7.0,"key":"Strength Potion"},{"floor":14.0,"key":"EssenceOfSteel"}],"is_trial":false,"path_per_floor":["M","$","T","M","M","R","M","E","T","R","E","$","R","E","R","B",null,"M","M","$","?","M","R","?","E"],"character_chosen":"DEFECT","items_purchased":["Ball Lightning","BootSequence","Glacier","Coolheaded"],"campfire_rested":3,"item_purchase_floors":[2,2,20,20],"current_hp_per_floor":[65,65,65,65,65,65,65,38,38,38,3,3,26,16,54,49,71,57,28,28,28,17,55,55,0],"gold":32,"neow_bonus":"TEN_PERCENT_HP_BONUS","is_prod":false,"is_daily":false,"chose_seed":false,"campfire_upgraded":2,"win_rate":0,"timestamp":1549020328,"path_taken":["M","$","?","?","M","R","M","E","T","R","E","$","R","E","R","BOSS","M","M","$","?","M","R","?","E"],"build_version":"2019-01-23","purchased_purges":2,"victory":false,"max_hp_per_floor":[78,78,78,78,78,78,78,78,78,78,78,78,78,78,78,78,78,78,78,78,78,78,78,78,78],"card_choices":[{"not_picked":["Rebound","Streamline"],"picked":"Go for the Eyes","floor":1.0},{"not_picked":["Melter","Compile Driver"],"picked":"Leap","floor":4.0},{"not_picked":["BootSequence","Lockon"],"picked":"Capacitor","floor":5.0},{"not_picked":["Hologram","Rebound"],"picked":"Static Discharge","floor":7.0},{"not_picked":["Auto Shields","Beam Cell"],"picked":"Defragment","floor":8.0},{"not_picked":["Cold Snap","Recycle"],"picked":"Hologram","floor":11.0},{"not_picked":["Gash","Undo"],"picked":"Core Surge","floor":14.0},{"not_picked":["Amplify","Multi-Cast"],"picked":"All For One","floor":16.0},{"not_picked":["Cold Snap","White Noise"],"picked":"Stack","floor":18},{"not_picked":["Turbo","Sunder"],"picked":"Genetic Algorithm","floor":19},{"not_picked":["Auto Shields","Melter"],"picked":"Go for the Eyes+1","floor":22}],"player_experience":410642,"relics_obtained":[{"floor":3.0,"key":"Incense Burner"},{"floor":8.0,"key":"Blue Candle"},{"floor":9.0,"key":"Bag of Marbles"},{"floor":11.0,"key":"StoneCalendar"},{"floor":14.0,"key":"Regal Pillow"}],"event_choices":[{"damage_healed":0,"gold_gain":0,"player_choice":"Ignored","damage_taken":0,"max_hp_gain":0,"max_hp_loss":0,"event_name":"The Mausoleum","floor":21,"gold_loss":0},{"damage_healed":0,"gold_gain":0,"player_choice":"Ignored","damage_taken":0,"max_hp_gain":0,"max_hp_loss":0,"event_name":"Beggar","floor":24,"gold_loss":0}],"is_beta":false,"boss_relics":[{"not_picked":["Fusion Hammer","Coffee Dripper"],"picked":"Pandora\u0027s Box"}],"items_purged_floors":[12,20],"is_endless":false,"potions_floor_spawned":[4,7,8,14,16,19],"killed_by":"Gremlin Leader","ascension_level":16}