{"path_per_floor":["M","$","?","M","$","E","R","?","T","M","R","?","M","M","R","B",null,"M","$","M","M","M","R","$","R","T","M","$","M","R","M","R","B",null,"M","T","M","$","?","R","M","M","T","M","$","?","R","E","R","B"],"character_chosen":"THE_SILENT","items_purchased":["Well Laid Plans","Bouncing Flask","Backstab","Art of War","Explosive Potion"],"gold_per_floor":[114,4,79,94,19,45,45,45,45,62,62,62,79,95,95,198,198,215,140,155,166,177,177,77,77,102,114,114,125,125,139,139,244,244,259,259,271,146,146,146,166,180,180,198,0,0,0,34,34,34],"floor_reached":51,"campfire_rested":4,"playtime":4923,"current_hp_per_floor":[70,70,59,53,53,37,58,58,58,56,56,56,58,60,60,56,74,76,76,61,49,44,68,68,68,68,60,60,62,62,64,64,62,84,80,80,78,78,78,78,58,50,50,49,49,49,77,48,76,75],"items_purged":["Normality","Pain","Doubt"],"gold":34,"score":529,"play_id":"8f151412-3093-4d2a-901a-d9116888b3e2","local_time":"20180305003907","is_prod":false,"is_daily":false,"is_ascension_mode":false,"campfire_upgraded":6,"timestamp":1520222947,"path_taken":["M","$","?","M","$","E","R","?","T","M","R","?","M","?","R","BOSS","M","$","M","M","M","R","$","R","T","M","$","M","R","M","R","BOSS","M","?","M","$","?","R","?","M","T","M","$","?","R","E","R","BOSS"],"build_version":"2018-03-01-PROD1","purchased_purges":4,"victory":true,"master_deck":["Survivor","Neutralize","Dagger Throw","Blur+1","Deflect","Noxious Fumes+1","Backflip","Terror","Catalyst+1","Infinite Blades","PiercingWail+1","Slice","Blade Dance","Well Laid Plans","Bouncing Flask","PiercingWail+1","Backstab","Burst","Parasite","Wraith Form+1","Deflect+1","Corpse Explosion+1","Noxious Fumes+1","Deadly Poison+1"],"max_hp_per_floor":[70,70,70,70,70,70,70,70,70,70,70,70,72,74,74,74,74,76,76,78,78,80,80,80,80,80,80,80,82,82,84,84,84,84,86,86,88,88,88,88,90,92,92,94,94,94,94,94,94,94],"relics":["Pandora\u0027s Box","Pantograph","Thread and Needle","Singing Bowl","Calling Bell","Du-Vu Doll","Orichalcum","Darkstone Periapt","Lantern","Lizard Tail","Omamori","Unceasing Top","Art of War","Bronze Scales"],"card_choices":[{"not_picked":["Malaise","Riddle With Holes"],"picked":"Blade Dance"},{"not_picked":["Quick Slash","Backflip"],"picked":"PiercingWail"},{"not_picked":["Storm of Steel","Envenom"],"picked":"Burst"},{"not_picked":["Eviscerate","Bane"],"picked":"Wraith Form"},{"not_picked":["PiercingWail","Cloak And Dagger"],"picked":"Deflect"},{"not_picked":["Venomology","Adrenaline"],"picked":"Corpse Explosion"},{"not_picked":["Bane","Storm of Steel"],"picked":"Deadly Poison"}],"player_experience":107123,"potions_floor_usage":[6,14,16,16,18,21,29,31,33,41,44,48,48,48,50],"damage_taken":[{"damage":0,"enemies":"Small Slimes","floor":1,"turns":4},{"damage":6,"enemies":"Jaw Worm","floor":4,"turns":3},{"damage":16,"enemies":"Gremlin Nob","floor":6,"turns":4},{"damage":2,"enemies":"2 Louse","floor":10,"turns":2},{"damage":0,"enemies":"Large Slime","floor":13,"turns":6},{"damage":0,"enemies":"Gremlin Gang","floor":14,"turns":4},{"damage":18,"enemies":"Slime Boss","floor":16,"turns":9},{"damage":4,"enemies":"Spheric Guardian","floor":18,"turns":5},{"damage":17,"enemies":"2 Thieves","floor":20,"turns":5},{"damage":12,"enemies":"Centurion and Healer","floor":21,"turns":6},{"damage":7,"enemies":"Cultist and Chosen","floor":22,"turns":6},{"damage":8,"enemies":"3 Cultists","floor":27,"turns":7},{"damage":0,"enemies":"Centurion and Healer","floor":29,"turns":7},{"damage":0,"enemies":"Snecko","floor":31,"turns":5},{"damage":22,"enemies":"Collector","floor":33,"turns":8},{"damage":6,"enemies":"3 Darklings","floor":35,"turns":3},{"damage":4,"enemies":"Orb Walker","floor":37,"turns":4},{"damage":32,"enemies":"Maw","floor":41,"turns":8},{"damage":10,"enemies":"4 Shapes","floor":42,"turns":7},{"damage":3,"enemies":"Sphere and 2 Shapes","floor":44,"turns":5},{"damage":44,"enemies":"2 Orb Walkers","floor":48,"turns":5},{"damage":19,"enemies":"Donu and Deca","floor":50,"turns":4}],"event_choices":[{"event_name":"World of Goop","player_choice":"Gather Gold","floor":3,"damage_taken":0},{"event_name":"Upgrade Shrine","player_choice":"Upgraded","floor":8,"damage_taken":0},{"event_name":"Accursed Blacksmith","player_choice":"Rummage","floor":12,"damage_taken":0},{"event_name":"Duplicator","player_choice":"One dupe","floor":39,"damage_taken":0},{"event_name":"The Lab","player_choice":"Got Potions","floor":46,"damage_taken":0}],"boss_relics":[{"not_picked":["Runic Pyramid","Cursed Key"],"picked":"Calling Bell"},{"not_picked":["Astrolabe","Runic Dome"],"picked":"Lizard Tail"}],"potions_floor_spawned":[4,10,13,14,16,20,27,29,31,35,42,44,48],"seed_played":"-4114174006998117281","ascension_level":0,"is_trial":false}