{"gold_per_floor":[114,189,189,189,206,237,237,262,288,288,303,320,330,37,37,109,109,122,122,122,122,135,135,135,185,208,220,246,213,239,107,107,178,178,191,191,208,208,208,208,220,220,247,257,257,207,225,239,239,239,239],"floor_reached":52,"playtime":2941,"items_purged":[],"score":1756,"play_id":"b24df0e5-1c53-42b2-9642-376317d5d966","local_time":"20190224110125","is_ascension_mode":true,"campfire_choices":[{"data":"Infernal Blade","floor":7.0,"key":"SMITH"},{"floor":10.0,"key":"REST"},{"floor":15.0,"key":"REST"},{"floor":23.0,"key":"REST"},{"floor":32.0,"key":"REST"},{"data":"Bludgeon","floor":40.0,"key":"SMITH"},{"data":"Feel No Pain","floor":45.0,"key":"SMITH"},{"data":"Armaments","floor":49.0,"key":"SMITH"}],"neow_cost":"NONE","seed_source_timestamp":15689141348181849,"circlet_count":0,"master_deck":["AscendersBane","Strike_R","Strike_R","Strike_R","Strike_R","Strike_R","Defend_R","Defend_R","Defend_R","Defend_R","Bash","True Grit","Infernal Blade+1","Shrug It Off","Fire Breathing","Corruption","Rage","The Bomb","Feed","Infernal Blade","Exhume","Armaments+1","Sentinel","True Grit+1","Feel No Pain+1","Bludgeon","Bludgeon+1","Shrug It Off","Inflame+1","Heavy Blade+1"],"special_seed":0,"relics":["Burning Blood","NeowsBlessing","Potion Belt","Bronze Scales","Gambling Chip","Ancient Tea Set","Snecko Eye","Nilry\u0027s Codex","Blue Candle","MutagenicStrength","MawBank","Mercury Hourglass","Prayer Wheel","Lizard Tail","Bag of Marbles"],"potions_floor_usage":[],"damage_taken":[{"damage":0.0,"enemies":"Cultist","floor":1.0,"turns":1.0},{"damage":0.0,"enemies":"Small Slimes","floor":5.0,"turns":1.0},{"damage":0.0,"enemies":"Lagavulin","floor":6.0,"turns":1.0},{"damage":43.0,"enemies":"3 Sentries","floor":8.0,"turns":10.0},{"damage":4.0,"enemies":"Jaw Worm","floor":11.0,"turns":2.0},{"damage":15.0,"enemies":"3 Louse","floor":12.0,"turns":3.0},{"damage":18.0,"enemies":"Large Slime","floor":13.0,"turns":6.0},{"damage":59.0,"enemies":"Slime Boss","floor":16.0,"turns":7.0},{"damage":3.0,"enemies":"Spheric Guardian","floor":18.0,"turns":3.0},{"damage":7.0,"enemies":"Chosen","floor":22.0,"turns":5.0},{"damage":19.0,"enemies":"Shelled Parasite and Fungi","floor":28.0,"turns":3.0},{"damage":11.0,"enemies":"Book of Stabbing","floor":30.0,"turns":4.0},{"damage":16.0,"enemies":"Champ","floor":33.0,"turns":8.0},{"damage":10.0,"enemies":"3 Shapes","floor":35.0,"turns":3.0},{"damage":2.0,"enemies":"3 Darklings","floor":37.0,"turns":4.0},{"damage":8.0,"enemies":"Spire Growth","floor":41.0,"turns":4.0},{"damage":6.0,"enemies":"Transient","floor":44.0,"turns":6.0},{"damage":12.0,"enemies":"Maw","floor":47.0,"turns":6.0},{"damage":2.0,"enemies":"Writhing Mass","floor":48.0,"turns":7.0},{"damage":44.0,"enemies":"Time Eater","floor":50.0,"turns":9.0},{"damage":69,"enemies":"Awakened One","floor":51,"turns":11}],"seed_played":"6224325571304896036","potions_obtained":[{"floor":1.0,"key":"GamblersBrew"},{"floor":5.0,"key":"Explosive Potion"},{"floor":8.0,"key":"SneckoOil"},{"floor":13.0,"key":"Dexterity Potion"},{"floor":22.0,"key":"SteroidPotion"},{"floor":28.0,"key":"Explosive Potion"},{"floor":35.0,"key":"Explosive Potion"},{"floor":47.0,"key":"Weak Potion"},{"floor":48.0,"key":"Strength Potion"}],"is_trial":false,"path_per_floor":["M","?","?","?","M","E","R","E","T","R","M","M","M","$","R","B",null,"M","?","?","?","M","R","?","?","T","T","M","$","E","$","R","B",null,"M","$","M","?","?","R","M","?","T","M","R","?","M","M","R","B","B",null],"character_chosen":"IRONCLAD","items_purchased":["BloodPotion","The Bomb","Sentinel","Feel No Pain","SkillPotion"],"campfire_rested":4,"item_purchase_floors":[14,14,29,31,31],"current_hp_per_floor":[74,63,52,57,63,69,69,32,32,56,58,49,37,37,61,8,62,65,44,44,44,43,67,67,67,67,67,57,57,52,52,76,66,79,78,78,82,82,82,82,80,80,80,80,80,80,77,81,81,46,36],"gold":239,"neow_bonus":"THREE_ENEMY_KILL","is_prod":false,"is_daily":false,"chose_seed":false,"campfire_upgraded":4,"win_rate":0,"timestamp":1551002485,"path_taken":["M","?","?","?","M","E","R","E","T","R","?","M","M","$","R","BOSS","M","?","?","?","?","R","?","?","T","?","M","$","E","?","R","BOSS","M","$","M","?","?","R","?","?","T","M","R","?","M","?","R","BOSS","BOSS"],"build_version":"2019-01-23","purchased_purges":0,"victory":true,"max_hp_per_floor":[75,75,75,80,80,80,80,80,80,80,80,80,80,80,80,80,80,80,80,80,80,80,80,80,80,80,80,83,83,83,83,83,83,83,86,86,86,86,86,86,86,86,86,86,86,86,89,89,89,92,92],"card_choices":[{"not_picked":["Flex","Sever Soul"],"picked":"True Grit","floor":1.0},{"not_picked":["Flex","Sever Soul"],"picked":"Infernal Blade","floor":5.0},{"not_picked":["Twin Strike","Searing Blow"],"picked":"Shrug It Off","floor":6.0},{"not_picked":["Burning Pact","Pummel"],"picked":"Fire Breathing","floor":8.0},{"not_picked":["Shrug It Off","Dark Embrace"],"picked":"Corruption","floor":11.0},{"not_picked":["Searing Blow","Headbutt"],"picked":"Rage","floor":12.0},{"not_picked":["Thunderclap","Searing Blow","Hemokinesis"],"picked":"SKIP","floor":13.0},{"not_picked":["Juggernaut","Dark Embrace"],"picked":"Feed","floor":16.0},{"not_picked":["Iron Wave","Pommel Strike"],"picked":"Infernal Blade","floor":18.0},{"not_picked":["Rage","Perfected Strike+1"],"picked":"Exhume","floor":22.0},{"not_picked":["Iron Wave","Sword Boomerang"],"picked":"Armaments","floor":28.0},{"not_picked":["Clash","Armaments"],"picked":"True Grit+1","floor":30.0},{"not_picked":["Offering","Reaper"],"picked":"Bludgeon","floor":33.0},{"not_picked":["Heavy Blade","Pommel Strike","Blood for Blood"],"picked":"SKIP","floor":35.0},{"not_picked":["Carnage","Wild Strike","Twin Strike"],"picked":"SKIP","floor":35.0},{"not_picked":["Sword Boomerang","Anger","Rampage"],"picked":"SKIP","floor":37.0},{"not_picked":["Hemokinesis+1","Intimidate+1","Metallicize"],"picked":"SKIP","floor":37.0},{"not_picked":["Twin Strike","Anger","Blood for Blood"],"picked":"SKIP","floor":41.0},{"not_picked":["Headbutt","Infernal Blade","Sword Boomerang"],"picked":"SKIP","floor":41.0},{"not_picked":["Body Slam","Sword Boomerang"],"picked":"Shrug It Off","floor":44.0},{"not_picked":["Rage","Body Slam"],"picked":"Inflame","floor":44.0},{"not_picked":["Pummel","Sword Boomerang","Cleave"],"picked":"SKIP","floor":47.0},{"not_picked":["Blood for Blood","Wild Strike","Rupture"],"picked":"SKIP","floor":47.0},{"not_picked":["Sword Boomerang","Warcry"],"picked":"Heavy Blade+1","floor":48.0},{"not_picked":["Feed","Whirlwind","Pommel Strike"],"picked":"SKIP","floor":48.0}],"player_experience":440837,"relics_obtained":[{"floor":6.0,"key":"Bronze Scales"},{"floor":8.0,"key":"Gambling Chip"},{"floor":9.0,"key":"Ancient Tea Set"},{"floor":19.0,"key":"Nilry\u0027s Codex"},{"floor":26.0,"key":"MawBank"},{"floor":27.0,"key":"Mercury Hourglass"},{"floor":30.0,"key":"Prayer Wheel"},{"floor":43.0,"key":"Bag of Marbles"}],"event_choices":[{"damage_healed":0.0,"max_hp_gain":0.0,"max_hp_loss":0.0,"gold_gain":75.0,"event_name":"World of Goop","player_choice":"Gather Gold","floor":2.0,"gold_loss":0.0,"damage_taken":11.0},{"damage_healed":0.0,"max_hp_gain":0.0,"max_hp_loss":0.0,"gold_gain":0.0,"event_name":"Scrap Ooze","player_choice":"Success","floor":3.0,"gold_loss":0.0,"damage_taken":11.0,"relics_obtained":["Potion Belt"]},{"damage_healed":0.0,"max_hp_gain":5.0,"max_hp_loss":0.0,"gold_gain":0.0,"event_name":"Big Fish","player_choice":"Donut","floor":4.0,"gold_loss":0.0,"damage_taken":0.0},{"damage_healed":0.0,"max_hp_gain":0.0,"max_hp_loss":0.0,"gold_gain":0.0,"event_name":"Cursed Tome","player_choice":"Obtained Book","floor":19.0,"gold_loss":0.0,"damage_taken":21.0},{"damage_healed":0.0,"max_hp_gain":0.0,"max_hp_loss":0.0,"gold_gain":0.0,"event_name":"Beggar","player_choice":"Ignored","floor":20.0,"gold_loss":0.0,"damage_taken":0.0},{"damage_healed":0.0,"max_hp_gain":0.0,"max_hp_loss":0.0,"gold_gain":0.0,"event_name":"WeMeetAgain","player_choice":"Gave Potion","floor":21.0,"gold_loss":0.0,"damage_taken":0.0,"relics_obtained":["Blue Candle"]},{"damage_healed":0.0,"max_hp_gain":0.0,"max_hp_loss":0.0,"gold_gain":0.0,"event_name":"Drug Dealer","player_choice":"Inject Mutagens","floor":24.0,"gold_loss":0.0,"damage_taken":0.0,"relics_obtained":["MutagenicStrength"]},{"damage_healed":0.0,"max_hp_gain":0.0,"max_hp_loss":0.0,"gold_gain":50.0,"event_name":"Nest","player_choice":"Stole From Cult","floor":25.0,"gold_loss":0.0,"damage_taken":0.0},{"damage_healed":0.0,"max_hp_gain":0.0,"max_hp_loss":0.0,"gold_gain":0.0,"event_name":"Tomb of Lord Red Mask","player_choice":"Ignored","floor":38.0,"gold_loss":0.0,"damage_taken":0.0},{"damage_healed":0.0,"max_hp_gain":0.0,"max_hp_loss":0.0,"gold_gain":0.0,"event_name":"Duplicator","player_choice":"Copied","floor":39.0,"gold_loss":0.0,"damage_taken":0.0,"cards_obtained":["Bludgeon"]},{"damage_healed":0.0,"max_hp_gain":0.0,"max_hp_loss":0.0,"gold_gain":0.0,"event_name":"Mysterious Sphere","player_choice":"Ignored","floor":42.0,"gold_loss":0.0,"damage_taken":0.0},{"damage_healed":0.0,"max_hp_gain":0.0,"max_hp_loss":0.0,"gold_gain":0.0,"event_name":"Designer","player_choice":"Upgrade","floor":46.0,"gold_loss":50.0,"damage_taken":0.0,"cards_upgraded":["Inflame"]}],"is_beta":false,"boss_relics":[{"not_picked":["Fusion Hammer","Black Star"],"picked":"Snecko Eye"},{"not_picked":["Busted Crown","Pandora\u0027s Box"],"picked":"Lizard Tail"}],"items_purged_floors":[],"is_endless":false,"potions_floor_spawned":[1,5,8,13,22,28,35,47,48],"ascension_level":20}