{"gold_per_floor":[110,185,185,204,224,224,236,236,262,279,279],"floor_reached":11,"playtime":656,"items_purged":[],"score":130,"play_id":"53866cc0-bf94-4322-9c7e-8ae4e8f37ca8","local_time":"20190106212650","is_ascension_mode":true,"campfire_choices":[{"data":"Beam Cell","floor":6,"key":"SMITH"},{"floor":8,"key":"REST"}],"neow_cost":"NONE","seed_source_timestamp":29917075145817,"circlet_count":0,"master_deck":["AscendersBane","Strike_B","Strike_B","Strike_B","Strike_B","Defend_B","Defend_B","Defend_B","Defend_B","Zap","Dualcast","Cold Snap","Coolheaded","Beam Cell+1","Sweeping Beam","Go for the Eyes","Leap"],"relics":["Cracked Core","Lantern"],"potions_floor_usage":[5,7,7,11],"damage_taken":[{"damage":8,"enemies":"Jaw Worm","floor":1,"turns":4},{"damage":2,"enemies":"Cultist","floor":4,"turns":3},{"damage":7,"enemies":"Small Slimes","floor":5,"turns":2},{"damage":21,"enemies":"Exordium Thugs","floor":7,"turns":4},{"damage":0,"enemies":"Looter","floor":10,"turns":3},{"damage":39,"enemies":"Gremlin Nob","floor":11,"turns":4}],"seed_played":"-4365796928672297877","potions_obtained":[{"floor":1,"key":"FearPotion"},{"floor":3,"key":"Energy Potion"},{"floor":4,"key":"Explosive Potion"},{"floor":5,"key":"Poison Potion"},{"floor":10,"key":"Block Potion"}],"is_trial":false,"path_per_floor":["M","?","?","M","M","R","M","R","T","M","E"],"character_chosen":"DEFECT","items_purchased":[],"campfire_rested":1,"item_purchase_floors":[],"current_hp_per_floor":[56,45,45,43,36,36,15,36,36,36,0],"gold":279,"neow_bonus":"THREE_CARDS","is_prod":false,"is_daily":false,"chose_seed":false,"campfire_upgraded":1,"win_rate":0,"timestamp":1546806410,"path_taken":["M","?","?","?","M","R","M","R","T","M","E"],"build_version":"2019-01-03v4","purchased_purges":0,"victory":false,"max_hp_per_floor":[71,71,71,71,71,71,71,71,71,71,71],"card_choices":[{"not_picked":["Redo","Stack"],"picked":"Cold Snap","floor":0},{"not_picked":["Rip and Tear","Doom and Gloom"],"picked":"Coolheaded","floor":1},{"not_picked":["Leap","Storm"],"picked":"Beam Cell","floor":4},{"not_picked":["Go for the Eyes","Compile Driver"],"picked":"Sweeping Beam","floor":5},{"not_picked":["Skim","Streamline"],"picked":"Go for the Eyes","floor":7},{"not_picked":["Stack","Barrage"],"picked":"Leap","floor":10}],"player_experience":883647,"relics_obtained":[{"floor":9,"key":"Lantern"}],"event_choices":[{"damage_healed":0,"gold_gain":75,"player_choice":"Gather Gold","damage_taken":11,"max_hp_gain":0,"max_hp_loss":0,"event_name":"World of Goop","floor":2,"gold_loss":0},{"damage_healed":0,"gold_gain":0,"player_choice":"Got Potions","damage_taken":0,"max_hp_gain":0,"max_hp_loss":0,"event_name":"Lab","floor":3,"gold_loss":0}],"is_beta":true,"boss_relics":[],"items_purged_floors":[],"is_endless":false,"potions_floor_spawned":[1,4,5,10],"killed_by":"Gremlin Nob","ascension_level":20}