{"gold_per_floor":[117,135,155,76,76,76,106,106,106,281,281,295,295,311,311,412,412,426,90,119,133,152,152,152,152,178,178],"floor_reached":27,"playtime":2689,"items_purged":[],"score":222,"play_id":"81e09f6e-8504-4c70-a5c2-43ef915ae9c2","local_time":"20181213213748","is_ascension_mode":true,"campfire_choices":[{"data":"Infinite Blades","floor":6,"key":"SMITH"},{"data":"Underhanded Strike","floor":13,"key":"SMITH"},{"floor":15,"key":"REST"},{"floor":23,"key":"REST"},{"floor":25,"key":"REST"}],"neow_cost":"NONE","seed_source_timestamp":9089491270166,"circlet_count":0,"master_deck":["Defend_G","Defend_G","Defend_G","Defend_G","Defend_G","Strike_G","Strike_G","Strike_G","Strike_G","Strike_G","Survivor","Neutralize","Infinite Blades+1","Noxious Fumes","Tactician+1","Expertise","Accuracy","Underhanded Strike+1","Die Die Die","Dramatic Entrance","Backflip+1","Underhanded Strike"],"relics":["HoveringKite","StoneCalendar","Mummified Hand","Runic Pyramid","Darkstone Periapt","Red Mask","Centennial Puzzle"],"potions_floor_usage":[2,7,14,22],"damage_taken":[{"damage":0,"enemies":"Small Slimes","floor":1,"turns":7},{"damage":0,"enemies":"Jaw Worm","floor":2,"turns":7},{"damage":0,"enemies":"2 Louse","floor":3,"turns":3},{"damage":27,"enemies":"Gremlin Nob","floor":7,"turns":5},{"damage":12,"enemies":"2 Fungi Beasts","floor":12,"turns":3},{"damage":23,"enemies":"Gremlin Gang","floor":14,"turns":7},{"damage":37,"enemies":"The Guardian","floor":16,"turns":14},{"damage":7,"enemies":"Chosen","floor":18,"turns":6},{"damage":25,"enemies":"Masked Bandits","floor":20,"turns":4},{"damage":2,"enemies":"Shell Parasite","floor":21,"turns":7},{"damage":27,"enemies":"Shelled Parasite and Fungi","floor":22,"turns":7},{"damage":52,"enemies":"Book of Stabbing","floor":27,"turns":6}],"seed_played":"5395408209400443388","potions_obtained":[{"floor":1,"key":"Dexterity Potion"},{"floor":3,"key":"SneckoOil"},{"floor":12,"key":"SteroidPotion"},{"floor":21,"key":"Weak Potion"},{"floor":22,"key":"Energy Potion"}],"is_trial":false,"path_per_floor":["M","M","M","$","?","R","E","?","T","?","?","M","R","M","R","B",null,"M","$","?","M","M","R","?","R","T","E"],"character_chosen":"THE_SILENT","items_purchased":["Expertise","Darkstone Periapt","Dramatic Entrance"],"campfire_rested":3,"item_purchase_floors":[4,19,19],"current_hp_per_floor":[70,70,70,70,70,70,43,43,43,43,66,54,54,31,52,15,70,63,63,38,36,9,30,30,51,51,0],"gold":178,"neow_bonus":"BOSS_RELIC","is_prod":false,"is_daily":false,"chose_seed":false,"campfire_upgraded":2,"win_rate":0,"timestamp":1544749668,"path_taken":["M","M","M","$","?","R","E","?","T","?","?","M","R","M","R","BOSS","M","$","?","M","M","R","?","R","T","E"],"build_version":"2018-12-13","purchased_purges":0,"victory":false,"max_hp_per_floor":[70,70,70,70,70,70,70,70,70,70,70,70,70,70,70,70,70,70,70,70,70,70,70,70,70,70,70],"card_choices":[{"not_picked":["Deflect","Choke"],"picked":"Infinite Blades","floor":1},{"not_picked":["Flying Knee","Bane"],"picked":"Noxious Fumes","floor":2},{"not_picked":["Acrobatics","Noxious Fumes"],"picked":"Tactician","floor":3},{"not_picked":["Malaise","Escape Plan"],"picked":"Accuracy","floor":7},{"not_picked":["Footwork","Deflect"],"picked":"Underhanded Strike","floor":12},{"not_picked":["Flechettes","Escape Plan","Well Laid Plans"],"picked":"SKIP","floor":14},{"not_picked":["Malaise","Phantasmal Killer"],"picked":"Die Die Die","floor":16},{"not_picked":["Dagger Throw","Outmaneuver","Sucker Punch"],"picked":"SKIP","floor":18},{"not_picked":["Dagger Spray","Blur"],"picked":"Backflip+1","floor":20},{"not_picked":["Choke","Poisoned Stab","Endless Agony"],"picked":"SKIP","floor":21},{"not_picked":["Poisoned Stab","All Out Attack"],"picked":"Underhanded Strike","floor":22}],"player_experience":505638,"relics_obtained":[{"floor":7,"key":"StoneCalendar"},{"floor":9,"key":"Mummified Hand"},{"floor":20,"key":"Red Mask"},{"floor":26,"key":"Centennial Puzzle"}],"event_choices":[{"damage_healed":0,"gold_gain":0,"player_choice":"Grow","damage_taken":0,"max_hp_gain":0,"max_hp_loss":0,"event_name":"Living Wall","floor":5,"gold_loss":0,"cards_upgraded":["Tactician"]},{"damage_healed":0,"gold_gain":0,"player_choice":"Ignored","damage_taken":0,"max_hp_gain":0,"max_hp_loss":0,"event_name":"Golden Wing","floor":8,"gold_loss":0},{"damage_healed":0,"gold_gain":175,"player_choice":"AGREE","damage_taken":0,"max_hp_gain":0,"max_hp_loss":0,"event_name":"Liars Game","floor":10,"gold_loss":0,"cards_obtained":["Doubt"]},{"damage_healed":23,"gold_gain":0,"player_choice":"Banana","damage_taken":0,"max_hp_gain":0,"max_hp_loss":0,"event_name":"Big Fish","floor":11,"gold_loss":0},{"damage_healed":0,"gold_gain":0,"player_choice":"Fought Bandits","damage_taken":0,"max_hp_gain":0,"max_hp_loss":0,"event_name":"Masked Bandits","floor":20,"gold_loss":0},{"cards_removed":["Doubt"],"damage_healed":0,"gold_gain":0,"player_choice":"Purged","damage_taken":0,"max_hp_gain":0,"max_hp_loss":0,"event_name":"Purifier","floor":24,"gold_loss":0}],"is_beta":true,"boss_relics":[{"not_picked":["Astrolabe","Tiny House"],"picked":"Runic Pyramid"}],"items_purged_floors":[],"is_endless":false,"potions_floor_spawned":[1,3,12,21,22],"killed_by":"Book of Stabbing","ascension_level":1}