{"gold_per_floor":[17,28,43,118,134,134,150,161,188,188,214,231,231,251,251,328,328,345,235,252,262,282,282,308,308,358,35,50,50,50,84,84,159,159,173,187,239,64,0,0,0,13,40,54,54,54,85,85,85,85,85,85,85,30,59,59],"floor_reached":56,"playtime":2554,"items_purged":["Barrage","Rebound"],"score":2163,"play_id":"bae51e3a-57be-47e2-b497-6135572df089","local_time":"20190110001518","is_ascension_mode":true,"campfire_choices":[{"data":"Loop","floor":6.0,"key":"SMITH"},{"data":"Go for the Eyes","floor":10.0,"key":"SMITH"},{"data":"Steam","floor":13.0,"key":"SMITH"},{"data":"Zap","floor":15.0,"key":"SMITH"},{"data":"Fission","floor":23.0,"key":"SMITH"},{"data":"White Noise","floor":25.0,"key":"SMITH"},{"data":"Hologram","floor":30.0,"key":"SMITH"},{"data":"Thunder Strike","floor":32.0,"key":"SMITH"},{"data":"Defragment","floor":40.0,"key":"SMITH"},{"floor":46.0,"key":"REST"},{"floor":49.0,"key":"RECALL"},{"data":"Force Field","floor":53,"key":"SMITH"}],"neow_cost":"NO_GOLD","seed_source_timestamp":9366151749135,"circlet_count":0,"master_deck":["AscendersBane","Zap+1","Dualcast","Storm+1","Rebound","Loop+1","Storm","Go for the Eyes+1","Heatsinks","Force Field+1","Steam+1","Ball Lightning","Fission+1","Electrodynamics","Conserve Battery","Steam Power","All For One","Steam","White Noise+1","Loop+1","Hologram+1","Thunder Strike+1","Heatsinks","Echo Form","Stack+1","Turbo","Steam+1","Defragment+1","Force Field","Steam+1","Steam+1"],"special_seed":0,"relics":["Cracked Core","FossilizedHelix","Bronze Scales","Centennial Puzzle","Pandora\u0027s Box","Bag of Preparation","Orichalcum","Omamori","Nuclear Battery","Girya","Red Mask","Anchor","Boot","Bottled Tornado"],"potions_floor_usage":[51,55],"damage_taken":[{"damage":2.0,"enemies":"Jaw Worm","floor":1.0,"turns":4.0},{"damage":0.0,"enemies":"2 Louse","floor":2.0,"turns":3.0},{"damage":0.0,"enemies":"Cultist","floor":3.0,"turns":3.0},{"damage":0.0,"enemies":"3 Louse","floor":5.0,"turns":2.0},{"damage":4.0,"enemies":"Red Slaver","floor":7.0,"turns":3.0},{"damage":3.0,"enemies":"Large Slime","floor":8.0,"turns":4.0},{"damage":0.0,"enemies":"Lagavulin","floor":11.0,"turns":5.0},{"damage":4.0,"enemies":"2 Fungi Beasts","floor":12.0,"turns":3.0},{"damage":11.0,"enemies":"Looter","floor":14.0,"turns":3.0},{"damage":6.0,"enemies":"The Guardian","floor":16.0,"turns":7.0},{"damage":0.0,"enemies":"Spheric Guardian","floor":18.0,"turns":3.0},{"damage":0.0,"enemies":"Shell Parasite","floor":20.0,"turns":3.0},{"damage":0.0,"enemies":"Centurion and Healer","floor":21.0,"turns":4.0},{"damage":0.0,"enemies":"Snake Plant","floor":22.0,"turns":3.0},{"damage":0.0,"enemies":"Gremlin Leader","floor":24.0,"turns":4.0},{"damage":6.0,"enemies":"Snecko","floor":28.0,"turns":4.0},{"damage":0.0,"enemies":"Slavers","floor":31.0,"turns":3.0},{"damage":15.0,"enemies":"Collector","floor":33.0,"turns":5.0},{"damage":20.0,"enemies":"3 Darklings","floor":35.0,"turns":2.0},{"damage":11.0,"enemies":"3 Shapes","floor":36.0,"turns":2.0},{"damage":0.0,"enemies":"2 Orb Walkers","floor":37.0,"turns":2.0},{"damage":0.0,"enemies":"Jaw Worm Horde","floor":42.0,"turns":2.0},{"damage":0.0,"enemies":"3 Darklings","floor":44.0,"turns":2.0},{"damage":0.0,"enemies":"Reptomancer","floor":47.0,"turns":3.0},{"damage":0.0,"enemies":"Donu and Deca","floor":50.0,"turns":5.0},{"damage":47,"enemies":"Time Eater","floor":51,"turns":10},{"damage":10,"enemies":"Shield and Spear","floor":55,"turns":4},{"damage":59,"enemies":"The Heart","floor":56,"turns":2}],"seed_played":"-6921385795789160927","potions_obtained":[{"floor":3.0,"key":"Explosive Potion"},{"floor":5.0,"key":"Swift Potion"},{"floor":11.0,"key":"EssenceOfSteel"},{"floor":12.0,"key":"Energy Potion"},{"floor":14.0,"key":"PowerPotion"},{"floor":16.0,"key":"Energy Potion"},{"floor":20.0,"key":"Swift Potion"},{"floor":24.0,"key":"Weak Potion"},{"floor":28.0,"key":"PowerPotion"},{"floor":35.0,"key":"FearPotion"},{"floor":44.0,"key":"EssenceOfSteel"},{"floor":47.0,"key":"EssenceOfSteel"}],"is_trial":false,"path_per_floor":["M","M","M","?","M","R","M","M","T","R","E","M","R","M","R","B",null,"M","?","M","M","M","R","E","R","T","$","M","?","R","E","R","B",null,"M","M","?","$","?","R","?","M","T","M","T","R","E","?","R","B","B",null,"R","$","E","B"],"character_chosen":"DEFECT","items_purchased":["Thunder Strike","Heatsinks","Defragment","Block Potion"],"campfire_rested":1,"item_purchase_floors":[27,27,38,54],"current_hp_per_floor":[62,62,62,51,51,51,47,44,44,44,44,40,40,29,29,23,59,59,59,59,59,59,59,59,59,59,59,53,53,53,53,53,38,63,43,32,32,32,32,32,32,32,32,32,32,53,53,71,71,71,24,59,59,59,49,0],"gold":59,"neow_bonus":"ONE_RARE_RELIC","is_prod":false,"is_daily":false,"chose_seed":false,"campfire_upgraded":10,"win_rate":0,"timestamp":1547075718,"path_taken":["M","M","M","?","M","R","M","M","T","R","E","M","R","M","R","BOSS","M","?","M","M","?","R","E","R","T","$","M","?","R","E","R","BOSS","M","M","?","$","?","R","?","M","T","M","?","R","E","?","R","BOSS","BOSS","R","$","E","BOSS"],"build_version":"2019-01-08","purchased_purges":2,"victory":false,"max_hp_per_floor":[71,71,71,71,71,71,71,71,71,71,71,71,71,71,71,71,71,71,71,71,71,71,71,71,71,71,71,71,71,71,71,71,71,71,71,71,71,71,71,71,71,71,71,71,71,71,71,71,71,71,71,71,71,71,71,71],"card_choices":[{"not_picked":["Leap","Skim"],"picked":"Storm","floor":1.0},{"not_picked":["Coolheaded","Streamline"],"picked":"Rebound","floor":2.0},{"not_picked":["Glacier","Lockon"],"picked":"Loop","floor":3.0},{"not_picked":["Stack","Rebound"],"picked":"Storm","floor":5.0},{"not_picked":["Barrage","Rebound"],"picked":"Go for the Eyes","floor":7.0},{"not_picked":["Aggregate","Rebound"],"picked":"Heatsinks","floor":8.0},{"not_picked":["Lockon","BootSequence"],"picked":"Force Field","floor":11.0},{"not_picked":["Melter","Beam Cell"],"picked":"Steam","floor":12.0},{"not_picked":["FTL","Steam"],"picked":"Ball Lightning","floor":14.0},{"not_picked":["Multi-Cast","Seek"],"picked":"Fission","floor":16.0},{"not_picked":["Turbo","Aggregate"],"picked":"Steam","floor":18.0},{"not_picked":["Redo","Reinforced Body"],"picked":"Reprogram+1","floor":20.0},{"not_picked":["Redo","Leap"],"picked":"White Noise","floor":21.0},{"not_picked":["Leap","Doom and Gloom"],"picked":"Loop+1","floor":22.0},{"not_picked":["Genetic Algorithm","Fusion"],"picked":"Hologram","floor":24.0},{"not_picked":["Tempest","Blizzard","Rebound"],"picked":"SKIP","floor":28.0},{"not_picked":["Gash","Genetic Algorithm","Barrage"],"picked":"SKIP","floor":31.0},{"not_picked":["Thunder Strike","Meteor Strike"],"picked":"Echo Form","floor":33.0},{"not_picked":["Beam Cell","Gash"],"picked":"Stack+1","floor":35.0},{"not_picked":["Chill","Redo"],"picked":"Turbo","floor":36.0},{"not_picked":["Lockon","Rip and Tear"],"picked":"Steam+1","floor":37.0},{"not_picked":["Cold Snap","Barrage","Hologram"],"picked":"SKIP","floor":42.0},{"not_picked":["Go for the Eyes","Beam Cell"],"picked":"Force Field","floor":44.0},{"not_picked":["Redo","Sunder"],"picked":"Steam+1","floor":47.0},{"not_picked":["Amplify","Sunder"],"picked":"Steam+1","floor":55}],"player_experience":888391,"relics_obtained":[{"floor":9.0,"key":"Bronze Scales"},{"floor":11.0,"key":"Centennial Puzzle"},{"floor":24.0,"key":"Bag of Preparation"},{"floor":26.0,"key":"Orichalcum"},{"floor":31.0,"key":"Omamori"},{"floor":37.0,"key":"Girya"},{"floor":45.0,"key":"Anchor"},{"floor":47.0,"key":"Boot"},{"floor":55,"key":"Bottled Tornado"}],"event_choices":[{"damage_healed":0.0,"max_hp_gain":0.0,"max_hp_loss":0.0,"gold_gain":75.0,"event_name":"World of Goop","player_choice":"Gather Gold","floor":4.0,"gold_loss":0.0,"damage_taken":11.0},{"cards_removed":["Hyperbeam"],"damage_healed":0.0,"max_hp_gain":0.0,"max_hp_loss":0.0,"gold_gain":0.0,"event_name":"Designer","player_choice":"Upgrade and Remove","floor":19.0,"gold_loss":110.0,"damage_taken":0.0,"cards_upgraded":["Storm"]},{"cards_removed":["Melter"],"damage_healed":0.0,"max_hp_gain":0.0,"max_hp_loss":0.0,"gold_gain":0.0,"event_name":"Purifier","player_choice":"Purged","floor":29.0,"gold_loss":0.0,"damage_taken":0.0},{"damage_healed":0.0,"max_hp_gain":0.0,"max_hp_loss":0.0,"gold_gain":0.0,"event_name":"Mysterious Sphere","player_choice":"Fight","floor":37.0,"gold_loss":0.0,"damage_taken":0.0},{"damage_healed":0.0,"max_hp_gain":0.0,"max_hp_loss":0.0,"gold_gain":0.0,"event_name":"Tomb of Lord Red Mask","player_choice":"Paid","floor":39.0,"gold_loss":64.0,"damage_taken":0.0,"relics_obtained":["Red Mask"]},{"cards_removed":["Reprogram"],"damage_healed":0.0,"max_hp_gain":0.0,"max_hp_loss":0.0,"gold_gain":0.0,"event_name":"Falling","player_choice":"Removed Skill","floor":41.0,"gold_loss":0.0,"damage_taken":0.0},{"damage_healed":18.0,"max_hp_gain":0.0,"max_hp_loss":0.0,"gold_gain":0.0,"event_name":"MindBloom","player_choice":"Heal","floor":48.0,"gold_loss":0.0,"damage_taken":0.0,"cards_obtained":["Doubt"]}],"is_beta":true,"boss_relics":[{"not_picked":["FrozenCore","Fusion Hammer"],"picked":"Pandora\u0027s Box"},{"not_picked":["Orrery","Astrolabe"],"picked":"Nuclear Battery"}],"items_purged_floors":[27,38],"is_endless":false,"potions_floor_spawned":[3,5,11,12,14,16,20,21,24,28,35,44,47],"killed_by":"The Heart","ascension_level":20}