{"gold_per_floor":[109,259,259,259,273,273,308,308,333,333,357,372,372,18,18,111,111,125,145,8,0,21,21,44,62,111,111,21,34,34,34,34,128,128,142,142,163,63,63,63],"floor_reached":40,"playtime":1492,"items_purged":["Doubt","Strike_R"],"score":818,"play_id":"9a9b5110-a0d2-49cd-b308-657fe71f10bc","local_time":"20181226214622","is_ascension_mode":true,"campfire_choices":[{"data":"Uppercut","floor":6.0,"key":"SMITH"},{"data":"Anger","floor":8.0,"key":"SMITH"},{"floor":10.0,"key":"REST"},{"data":"Bash","floor":13.0,"key":"SMITH"},{"data":"Flame Barrier","floor":15.0,"key":"SMITH"},{"data":"Armaments","floor":23.0,"key":"SMITH"},{"floor":27.0,"key":"REST"},{"floor":32.0,"key":"REST"}],"neow_cost":"NONE","seed_source_timestamp":0,"circlet_count":0,"master_deck":["AscendersBane","Strike_R","Strike_R","Strike_R","Strike_R","Defend_R","Defend_R","Defend_R","Defend_R","Bash+1","Uppercut+1","Anger+1","Brutality","Evolve","Inflame","Mayhem","Flame Barrier+1","Immolate","Clothesline+1","Feel No Pain","Metallicize","Armaments+1","Havoc+1","Flame Barrier","Spot Weakness","Reaper","Armaments+1","True Grit","PanicButton","Flash of Steel","Master of Strategy","Metamorphosis"],"special_seed":0,"relics":["Burning Blood","Golden Idol","Gambling Chip","Du-Vu Doll","Lantern","Mark of Pain","Bag of Preparation","Sozu"],"potions_floor_usage":[40],"damage_taken":[{"damage":9.0,"enemies":"2 Louse","floor":1.0,"turns":2.0},{"damage":7.0,"enemies":"Small Slimes","floor":5.0,"turns":3.0},{"damage":0.0,"enemies":"Gremlin Nob","floor":7.0,"turns":2.0},{"damage":2.0,"enemies":"Jaw Worm","floor":11.0,"turns":3.0},{"damage":1.0,"enemies":"Large Slime","floor":12.0,"turns":2.0},{"damage":35.0,"enemies":"Hexaghost","floor":16.0,"turns":8.0},{"damage":21.0,"enemies":"Shell Parasite","floor":18.0,"turns":5.0},{"damage":12.0,"enemies":"3 Byrds","floor":19.0,"turns":4.0},{"damage":12.0,"enemies":"Sentry and Sphere","floor":22.0,"turns":4.0},{"damage":33.0,"enemies":"Snake Plant","floor":24.0,"turns":4.0},{"damage":12.0,"enemies":"Centurion and Healer","floor":25.0,"turns":7.0},{"damage":10.0,"enemies":"Shelled Parasite and Fungi","floor":29.0,"turns":5.0},{"damage":55.0,"enemies":"Collector","floor":33.0,"turns":8.0},{"damage":16.0,"enemies":"3 Shapes","floor":35.0,"turns":7.0},{"damage":2.0,"enemies":"Orb Walker","floor":37.0,"turns":3.0},{"damage":63,"enemies":"Reptomancer","floor":40,"turns":3}],"seed_played":"-6265978544695729974","potions_obtained":[{"floor":1.0,"key":"AttackPotion"},{"floor":16.0,"key":"Weak Potion"},{"floor":18.0,"key":"Explosive Potion"},{"floor":24.0,"key":"GamblersBrew"},{"floor":25.0,"key":"Block Potion"}],"is_trial":false,"path_per_floor":["M","?","?","?","M","R","E","R","T","R","M","M","R","$","R","B",null,"M","M","$","?","M","R","M","M","T","R","$","M","?","?","R","B",null,"?","M","$","?"],"character_chosen":"IRONCLAD","items_purchased":["Mayhem","Flame Barrier","Metallicize","Flame Barrier","Fire Potion","PanicButton"],"campfire_rested":3,"item_purchase_floors":[14,14,20,28,28,38],"current_hp_per_floor":[72,72,44,33,32,32,38,38,38,62,66,71,71,71,71,42,72,57,51,51,51,45,45,18,12,12,36,36,32,32,32,56,7,63,53,53,69,69,59,0],"gold":63,"neow_bonus":"TEN_PERCENT_HP_BONUS","is_prod":false,"is_daily":false,"chose_seed":false,"campfire_upgraded":5,"win_rate":0,"timestamp":1545857182,"path_taken":["M","?","?","?","M","R","E","R","T","R","M","M","R","$","R","BOSS","M","M","$","?","M","R","M","M","T","R","$","M","?","?","R","BOSS","M","?","M","$","?","E"],"build_version":"2018-12-25","purchased_purges":2,"victory":false,"max_hp_per_floor":[82,82,82,82,82,82,82,82,82,82,82,82,82,82,82,82,82,82,82,82,82,82,82,82,82,82,82,82,82,82,82,82,82,82,82,82,82,82,82,82],"card_choices":[{"not_picked":["Warcry","Sword Boomerang"],"picked":"Uppercut","floor":1.0},{"not_picked":["Havoc","Warcry"],"picked":"Anger","floor":5.0},{"not_picked":["Clash","Body Slam"],"picked":"Brutality","floor":7.0},{"not_picked":["Anger","Sever Soul"],"picked":"Evolve","floor":11.0},{"not_picked":["Havoc","Combust"],"picked":"Inflame","floor":12.0},{"not_picked":["Bludgeon","Exhume"],"picked":"Immolate","floor":16.0},{"not_picked":["Burning Pact","Havoc"],"picked":"Clothesline+1","floor":18.0},{"not_picked":["Wild Strike","Exhume"],"picked":"Feel No Pain","floor":19.0},{"not_picked":["Pommel Strike","Warcry"],"picked":"Armaments","floor":22.0},{"not_picked":["True Grit","Heavy Blade"],"picked":"Havoc+1","floor":24.0},{"not_picked":["Flex","Cleave","Pommel Strike"],"picked":"SKIP","floor":25.0},{"not_picked":["Burning Pact","Clothesline"],"picked":"Spot Weakness","floor":29.0},{"not_picked":["Impervious","Demon Form"],"picked":"Reaper","floor":33.0},{"not_picked":["Pommel Strike","Sword Boomerang"],"picked":"Armaments+1","floor":35.0},{"not_picked":["Reckless Charge","Flex"],"picked":"True Grit","floor":37.0},{"not_picked":["Good Instincts","Purity"],"picked":"Flash of Steel","floor":39.0},{"not_picked":["Blind","Swift Strike"],"picked":"Master of Strategy","floor":39.0},{"not_picked":["Trip","Good Instincts"],"picked":"Metamorphosis","floor":39.0}],"player_experience":865053,"relics_obtained":[{"floor":7.0,"key":"Du-Vu Doll"},{"floor":9.0,"key":"Lantern"},{"floor":26.0,"key":"Bag of Preparation"}],"event_choices":[{"damage_healed":0.0,"max_hp_gain":0.0,"max_hp_loss":0.0,"gold_gain":150.0,"event_name":"Liars Game","player_choice":"AGREE","floor":2.0,"gold_loss":0.0,"damage_taken":0.0,"cards_obtained":["Doubt"]},{"damage_healed":0.0,"max_hp_gain":0.0,"max_hp_loss":0.0,"gold_gain":0.0,"event_name":"Golden Idol","player_choice":"Take Damage","floor":3.0,"gold_loss":0.0,"damage_taken":28.0,"relics_obtained":["Golden Idol"]},{"damage_healed":0.0,"max_hp_gain":0.0,"max_hp_loss":0.0,"gold_gain":0.0,"event_name":"Scrap Ooze","player_choice":"Success","floor":4.0,"gold_loss":0.0,"damage_taken":11.0,"relics_obtained":["Gambling Chip"]},{"damage_healed":0.0,"max_hp_gain":0.0,"max_hp_loss":0.0,"gold_gain":0.0,"event_name":"Masked Bandits","player_choice":"Paid Fearfully","floor":21.0,"gold_loss":8.0,"damage_taken":0.0},{"damage_healed":0.0,"max_hp_gain":0.0,"max_hp_loss":0.0,"gold_gain":0.0,"event_name":"Vampires","player_choice":"Ignored","floor":30.0,"gold_loss":0.0,"damage_taken":0.0},{"damage_healed":0.0,"max_hp_gain":0.0,"max_hp_loss":0.0,"gold_gain":0.0,"event_name":"Beggar","player_choice":"Ignored","floor":31.0,"gold_loss":0.0,"damage_taken":0.0},{"damage_healed":0.0,"max_hp_gain":0.0,"max_hp_loss":0.0,"gold_gain":0.0,"event_name":"Tomb of Lord Red Mask","player_choice":"Ignored","floor":36.0,"gold_loss":0.0,"damage_taken":0.0},{"damage_healed":0.0,"max_hp_gain":0.0,"max_hp_loss":0.0,"gold_gain":0.0,"event_name":"SensoryStone","player_choice":"Memory 3","floor":39.0,"gold_loss":0.0,"damage_taken":10.0}],"is_beta":true,"boss_relics":[{"not_picked":["Empty Cage","Runic Cube"],"picked":"Mark of Pain"},{"not_picked":["Tiny House","Velvet Choker"],"picked":"Sozu"}],"items_purged_floors":[14,20],"is_endless":false,"potions_floor_spawned":[1,16,18,24,25],"killed_by":"Reptomancer","ascension_level":20}