{"gold_per_floor":[116,66,82,92,110,135,135,135,135,153,179,193,208,3,3,106,106,123,123,3,21,33,33],"floor_reached":23,"playtime":1567,"items_purged":["Strike_R"],"score":226,"play_id":"7c695e5c-d005-40f3-8375-d0c5430cd8a5","local_time":"20190127164533","is_ascension_mode":true,"campfire_choices":[{"data":"Pommel Strike","floor":7,"key":"SMITH"},{"data":"Bash","floor":15,"key":"SMITH"}],"neow_cost":"NONE","seed_source_timestamp":10547231762390,"circlet_count":0,"master_deck":["Strike_R","Strike_R","Strike_R","Defend_R","Defend_R","Defend_R+1","Defend_R+1","Bash+1","Iron Wave","Pommel Strike+1","Seeing Red","Demon Form","Bash","Iron Wave","Heavy Blade","Dual Wield","Feed","Sword Boomerang","RitualDagger","Double Tap","Madness","Shrug It Off"],"relics":["Burning Blood","Omamori","War Paint","Bottled Tornado","FossilizedHelix","Membership Card","Black Star"],"potions_floor_usage":[6,10,11,12,22,22],"damage_taken":[{"damage":4,"enemies":"Small Slimes","floor":1,"turns":4},{"damage":0,"enemies":"Cultist","floor":3,"turns":4},{"damage":0,"enemies":"2 Louse","floor":4,"turns":3},{"damage":17,"enemies":"Exordium Thugs","floor":5,"turns":6},{"damage":34,"enemies":"Gremlin Nob","floor":6,"turns":5},{"damage":10,"enemies":"Red Slaver","floor":10,"turns":4},{"damage":5,"enemies":"3 Sentries","floor":11,"turns":11},{"damage":0,"enemies":"Gremlin Gang","floor":12,"turns":5},{"damage":6,"enemies":"3 Louse","floor":13,"turns":3},{"damage":19,"enemies":"The Guardian","floor":16,"turns":8},{"damage":44,"enemies":"3 Byrds","floor":18,"turns":7},{"damage":18,"enemies":"2 Thieves","floor":21,"turns":5},{"damage":14,"enemies":"Centurion and Healer","floor":22,"turns":5},{"damage":35,"enemies":"Slavers","floor":23,"turns":4}],"seed_played":"-236770076315466661","potions_obtained":[{"floor":1,"key":"SpeedPotion"},{"floor":5,"key":"BloodPotion"},{"floor":6,"key":"FearPotion"},{"floor":10,"key":"Fruit Juice"},{"floor":11,"key":"Block Potion"},{"floor":16,"key":"EssenceOfSteel"},{"floor":21,"key":"Energy Potion"},{"floor":22,"key":"Dexterity Potion"}],"is_trial":false,"path_per_floor":["M","?","M","M","M","E","R","?","T","M","E","M","M","$","R","B",null,"M","?","$","M","M","E"],"character_chosen":"IRONCLAD","items_purchased":["Membership Card","Double Tap","Madness"],"campfire_rested":0,"item_purchase_floors":[14,20,20],"current_hp_per_floor":[80,80,80,80,69,49,49,49,49,50,51,57,57,57,57,44,85,50,44,44,32,24,0],"gold":33,"neow_bonus":"RANDOM_COMMON_RELIC","is_prod":false,"is_daily":false,"chose_seed":false,"campfire_upgraded":2,"win_rate":0,"timestamp":1548607533,"path_taken":["M","?","M","M","M","E","R","?","T","M","E","M","?","$","R","BOSS","M","?","?","M","M","E"],"build_version":"2019-01-23","purchased_purges":1,"victory":false,"max_hp_per_floor":[80,80,80,80,80,80,80,80,80,85,85,85,85,85,85,85,85,88,88,88,88,88,88],"card_choices":[{"not_picked":["Second Wind","Cleave"],"picked":"Iron Wave","floor":1},{"not_picked":["Combust","Headbutt"],"picked":"Pommel Strike","floor":3},{"not_picked":["Bloodletting","Cleave","Clothesline"],"picked":"SKIP","floor":4},{"not_picked":["Perfected Strike","Sentinel"],"picked":"Seeing Red","floor":5},{"not_picked":["Bludgeon","Burning Pact","Corruption"],"picked":"SKIP","floor":6},{"not_picked":["Spot Weakness","Hemokinesis"],"picked":"Iron Wave","floor":10},{"not_picked":["Spot Weakness","Perfected Strike"],"picked":"Heavy Blade","floor":11},{"not_picked":["Warcry","Havoc"],"picked":"Dual Wield","floor":12},{"not_picked":["Perfected Strike","Wild Strike","Warcry"],"picked":"SKIP","floor":13},{"not_picked":["Limit Break","Impervious"],"picked":"Feed","floor":16},{"not_picked":["Dropkick+1","Corruption+1"],"picked":"Sword Boomerang","floor":18},{"not_picked":["Iron Wave","Havoc","Armaments"],"picked":"SKIP","floor":21},{"not_picked":["Havoc","Juggernaut"],"picked":"Shrug It Off","floor":22}],"player_experience":138341,"relics_obtained":[{"floor":6,"key":"War Paint"},{"floor":9,"key":"Bottled Tornado"},{"floor":11,"key":"FossilizedHelix"}],"event_choices":[{"cards_removed":["Strike_R"],"damage_healed":0,"gold_gain":0,"player_choice":"Card Removal","damage_taken":0,"max_hp_gain":0,"max_hp_loss":0,"event_name":"The Cleric","floor":2,"gold_loss":50},{"damage_healed":0,"gold_gain":0,"player_choice":"2 cards matched","damage_taken":0,"max_hp_gain":0,"max_hp_loss":0,"event_name":"Match and Keep!","floor":8,"gold_loss":0,"cards_obtained":["Demon Form","Bash"]},{"damage_healed":0,"gold_gain":0,"player_choice":"Joined the Cult","damage_taken":6,"max_hp_gain":0,"max_hp_loss":0,"event_name":"Nest","floor":19,"gold_loss":0,"cards_obtained":["RitualDagger"]}],"is_beta":false,"boss_relics":[{"not_picked":["Pandora\u0027s Box","Ectoplasm"],"picked":"Black Star"}],"items_purged_floors":[20],"is_endless":false,"potions_floor_spawned":[1,5,6,10,11,16,21,22],"killed_by":"Slavers","ascension_level":2}