{"gold_per_floor":[117,117,135,210,226,226,244,244,244,269,280,280,280,38,38,117,117,136,186,186,202,202,233,244,244,244,244,263,294,294,305,305,379,379,391,691,405,417,38,38,53,53,76,93,93,106,121,138,138,138],"floor_reached":51,"playtime":3104,"items_purged":["Strike_G"],"score":1175,"play_id":"f6f4d5e3-aa97-4579-968f-799527f32a28","local_time":"20190224122252","is_ascension_mode":true,"campfire_choices":[{"data":"Cloak And Dagger","floor":6,"key":"SMITH"},{"data":"Quick Slash","floor":8,"key":"SMITH"},{"floor":13,"key":"REST"},{"data":"Noxious Fumes","floor":15,"key":"SMITH"},{"floor":25,"key":"REST"},{"data":"Cloak And Dagger","floor":27,"key":"SMITH"},{"data":"Cloak And Dagger","floor":30,"key":"SMITH"},{"floor":32,"key":"REST"},{"data":"After Image","floor":40,"key":"SMITH"},{"floor":42,"key":"REST"},{"floor":45,"key":"REST"},{"floor":49,"key":"REST"}],"neow_cost":"NONE","seed_source_timestamp":507949950911537,"circlet_count":0,"master_deck":["AscendersBane","Defend_G+1","Defend_G","Defend_G","Defend_G","Defend_G","Strike_G","Strike_G+1","Survivor","Neutralize","Quick Slash+1","Poisoned Stab","Cloak And Dagger+1","PiercingWail","Leg Sweep","Noxious Fumes+1","Corpse Explosion","Dagger Throw+1","Backflip","Cloak And Dagger+1","Well Laid Plans","Backflip","Cloak And Dagger+1","Dagger Spray+1","After Image+1","Blur","Noxious Fumes","Backflip","Footwork","Escape Plan"],"relics":["Ring of the Snake","Bronze Scales","Pear","Ginger","Vajra","WristBlade","Pantograph","The Courier","Bag of Marbles","Empty Cage","Centennial Puzzle","Sling","Kunai"],"potions_floor_usage":[16,23,24,29,33,50,50],"damage_taken":[{"damage":2,"enemies":"2 Louse","floor":1,"turns":2},{"damage":0,"enemies":"Jaw Worm","floor":3,"turns":4},{"damage":0,"enemies":"Cultist","floor":5,"turns":3},{"damage":0,"enemies":"2 Fungi Beasts","floor":7,"turns":3},{"damage":29,"enemies":"Gremlin Nob","floor":10,"turns":5},{"damage":3,"enemies":"Looter","floor":11,"turns":3},{"damage":4,"enemies":"The Guardian","floor":16,"turns":11},{"damage":0,"enemies":"Chosen","floor":18,"turns":5},{"damage":4,"enemies":"Shell Parasite","floor":21,"turns":7},{"damage":31,"enemies":"Slavers","floor":23,"turns":3},{"damage":9,"enemies":"Snecko","floor":24,"turns":5},{"damage":10,"enemies":"3 Cultists","floor":28,"turns":3},{"damage":9,"enemies":"Book of Stabbing","floor":29,"turns":6},{"damage":25,"enemies":"Centurion and Healer","floor":31,"turns":3},{"damage":45,"enemies":"Collector","floor":33,"turns":11},{"damage":8,"enemies":"3 Darklings","floor":35,"turns":4},{"damage":5,"enemies":"3 Shapes","floor":38,"turns":2},{"damage":18,"enemies":"3 Darklings","floor":41,"turns":6},{"damage":7,"enemies":"4 Shapes","floor":44,"turns":6},{"damage":5,"enemies":"Maw","floor":46,"turns":8},{"damage":12,"enemies":"Sphere and 2 Shapes","floor":47,"turns":7},{"damage":17,"enemies":"3 Darklings","floor":48,"turns":5},{"damage":70,"enemies":"Time Eater","floor":50,"turns":15}],"seed_played":"8589565354510926409","potions_obtained":[{"floor":3,"key":"SkillPotion"},{"floor":10,"key":"Swift Potion"},{"floor":16,"key":"Regen Potion"},{"floor":21,"key":"GhostInAJar"},{"floor":23,"key":"Block Potion"},{"floor":28,"key":"Energy Potion"},{"floor":29,"key":"Energy Potion"},{"floor":35,"key":"Strength Potion"}],"is_trial":false,"path_per_floor":["M","?","M","?","M","R","M","R","T","E","M","?","R","$","R","B",null,"M","?","?","M","?","E","M","R","T","R","M","E","R","M","R","B",null,"M","?","$","M","$","R","M","R","T","M","R","M","M","M","R","B",null],"character_chosen":"THE_SILENT","items_purchased":["Noxious Fumes","Vajra","Blur","Noxious Fumes","Centennial Puzzle","Sling","Kunai"],"campfire_rested":6,"item_purchase_floors":[14,14,37,37,37,39,39],"current_hp_per_floor":[57,57,57,46,46,46,46,46,56,27,24,1,23,23,23,19,62,62,62,62,58,58,36,27,49,49,49,39,30,30,5,27,7,59,51,51,51,46,46,46,28,50,50,43,65,60,48,31,53,6],"gold":138,"neow_bonus":"RANDOM_COMMON_RELIC","is_prod":false,"is_daily":false,"chose_seed":false,"campfire_upgraded":6,"win_rate":0,"timestamp":1551039772,"path_taken":["M","?","M","?","M","R","M","R","T","E","M","?","R","$","R","BOSS","M","?","?","?","?","E","M","R","T","R","M","E","R","M","R","BOSS","M","?","?","?","$","R","M","R","T","M","R","M","M","M","R","BOSS"],"build_version":"2019-01-23","purchased_purges":1,"victory":true,"max_hp_per_floor":[66,66,66,66,66,66,66,66,76,76,76,76,76,76,76,76,76,76,76,76,76,76,76,76,76,76,76,76,76,76,76,76,76,76,76,76,76,76,76,76,76,76,76,76,76,76,76,76,76,76],"card_choices":[{"not_picked":["Bane","Underhanded Strike"],"picked":"Quick Slash","floor":1},{"not_picked":["Blade Dance","Heel Hook"],"picked":"Poisoned Stab","floor":3},{"not_picked":["Deflect","Infinite Blades"],"picked":"Cloak And Dagger","floor":5},{"not_picked":["Storm of Steel","Acrobatics"],"picked":"PiercingWail","floor":7},{"not_picked":["Prepared","Quick Slash","Phantasmal Killer"],"picked":"SKIP","floor":10},{"not_picked":["Bane","Dodge and Roll"],"picked":"Leg Sweep","floor":11},{"not_picked":["Phantasmal Killer","Doppelganger"],"picked":"Corpse Explosion","floor":16},{"not_picked":["Sucker Punch","Outmaneuver"],"picked":"Dagger Throw+1","floor":18},{"not_picked":["Poisoned Stab","Blade Dance"],"picked":"Backflip","floor":21},{"not_picked":["Dagger Spray","Dodge and Roll"],"picked":"Well Laid Plans","floor":23},{"not_picked":["Deflect","Backstab"],"picked":"Backflip","floor":24},{"not_picked":["Venomology","Acrobatics"],"picked":"Cloak And Dagger","floor":28},{"not_picked":["Terror","Finisher","Eviscerate"],"picked":"SKIP","floor":29},{"not_picked":["Terror","Finisher","Eviscerate"],"picked":"SKIP","floor":29},{"not_picked":["Flying Knee","Quick Slash"],"picked":"Dagger Spray+1","floor":31},{"not_picked":["Night Terror","Glass Knife"],"picked":"After Image","floor":33},{"not_picked":["Crippling Poison","Prepared","Flying Knee"],"picked":"SKIP","floor":35},{"not_picked":["Dagger Spray","Terror"],"picked":"Backflip","floor":38},{"not_picked":["Poisoned Stab","Dagger Throw"],"picked":"Footwork","floor":41},{"not_picked":["Dagger Spray","Flying Knee"],"picked":"Escape Plan","floor":44},{"not_picked":["Finisher","Underhanded Strike+1","PiercingWail"],"picked":"SKIP","floor":46},{"not_picked":["Bane","Blade Dance","Prepared"],"picked":"SKIP","floor":47},{"not_picked":["Quick Slash","Heel Hook+1","Deadly Poison"],"picked":"SKIP","floor":48}],"player_experience":240598,"relics_obtained":[{"floor":9,"key":"Pear"},{"floor":10,"key":"Ginger"},{"floor":23,"key":"Pantograph"},{"floor":26,"key":"The Courier"},{"floor":29,"key":"Bag of Marbles"}],"event_choices":[{"damage_healed":0,"gold_gain":0,"player_choice":"Ignored","damage_taken":0,"max_hp_gain":0,"max_hp_loss":0,"event_name":"Liars Game","floor":2,"gold_loss":0},{"damage_healed":0,"gold_gain":75,"player_choice":"Gather Gold","damage_taken":11,"max_hp_gain":0,"max_hp_loss":0,"event_name":"World of Goop","floor":4,"gold_loss":0},{"damage_healed":0,"gold_gain":0,"player_choice":"Entered Light","damage_taken":23,"max_hp_gain":0,"max_hp_loss":0,"event_name":"Shining Light","floor":12,"gold_loss":0,"cards_upgraded":["Strike_G","Defend_G"]},{"damage_healed":0,"gold_gain":50,"player_choice":"Stole From Cult","damage_taken":0,"max_hp_gain":0,"max_hp_loss":0,"event_name":"Nest","floor":19,"gold_loss":0},{"damage_healed":0,"gold_gain":0,"player_choice":"0 cards matched","damage_taken":0,"max_hp_gain":0,"max_hp_loss":0,"event_name":"Match and Keep!","floor":20,"gold_loss":0,"cards_obtained":[]},{"damage_healed":0,"gold_gain":0,"player_choice":"Read","damage_taken":0,"max_hp_gain":0,"max_hp_loss":0,"event_name":"The Library","floor":22,"gold_loss":0,"cards_obtained":["Cloak And Dagger"]},{"damage_healed":0,"gold_gain":300,"player_choice":"Gold","damage_taken":0,"max_hp_gain":0,"max_hp_loss":0,"event_name":"Wheel of Change","floor":36,"gold_loss":0}],"is_beta":false,"boss_relics":[{"not_picked":["Busted Crown","Runic Pyramid"],"picked":"WristBlade"},{"not_picked":["White Beast Statue","Tiny House"],"picked":"Empty Cage"}],"items_purged_floors":[37],"is_endless":false,"potions_floor_spawned":[3,10,16,21,23,28,29,35,46],"ascension_level":16}