{"path_per_floor":["M","?","M","?","?","R","M","M","T","E","$","M","E","?","R"],"character_chosen":"IRONCLAD","items_purchased":["Bloodletting"],"gold_per_floor":[116,116,131,306,306,306,321,337,362,389,242,261,286,286,286,286],"floor_reached":16,"campfire_rested":1,"playtime":501,"current_hp_per_floor":[80,80,80,80,80,80,78,69,69,55,55,49,34,34,58,0],"items_purged":["Doubt"],"gold":286,"score":121,"play_id":"aea83eaa-ae07-437e-a77d-00ef69b1b7a3","local_time":"20180429110341","is_prod":false,"is_daily":false,"chose_seed":false,"is_ascension_mode":true,"campfire_upgraded":1,"timestamp":1525014221,"path_taken":["M","?","M","?","?","R","M","M","T","E","$","M","E","?","R","BOSS"],"build_version":"2018-04-28v2","seed_source_timestamp":70607915580714,"purchased_purges":1,"victory":false,"master_deck":["Strike_R","Strike_R","Strike_R","Strike_R","Defend_R","Defend_R","Defend_R","Defend_R","Bash+1","Warcry+1","Thunderclap","Pommel Strike","Brutality","Bloodletting","Infernal Blade","Feed+1"],"max_hp_per_floor":[80,80,80,80,80,80,80,80,80,80,80,80,80,80,80,80],"relics":["Burning Blood","Bag of Marbles","Art of War","Vajra"],"card_choices":[{"not_picked":["Heavy Blade","Reckless Charge"],"picked":"Warcry","floor":1},{"not_picked":["Sword Boomerang","Clothesline"],"picked":"Thunderclap","floor":7},{"not_picked":["Sentinel","Thunderclap"],"picked":"Pommel Strike","floor":8},{"not_picked":["Clash","Spot Weakness"],"picked":"Brutality","floor":10},{"not_picked":["Thunderclap","Sever Soul"],"picked":"Infernal Blade","floor":12},{"not_picked":["Pommel Strike","Anger"],"picked":"Feed","floor":13}],"player_experience":118585,"potions_floor_usage":[13,16,16],"damage_taken":[{"damage":1,"enemies":"Cultist","floor":1,"turns":3},{"damage":0,"enemies":"Small Slimes","floor":3,"turns":5},{"damage":8,"enemies":"Jaw Worm","floor":7,"turns":4},{"damage":15,"enemies":"3 Louse","floor":8,"turns":4},{"damage":20,"enemies":"Gremlin Nob","floor":10,"turns":4},{"damage":12,"enemies":"2 Fungi Beasts","floor":12,"turns":3},{"damage":21,"enemies":"3 Sentries","floor":13,"turns":6},{"damage":62,"enemies":"The Guardian","floor":16,"turns":8}],"event_choices":[{"event_name":"Upgrade Shrine","player_choice":"Upgraded","floor":2,"damage_taken":0},{"event_name":"Liars Game","player_choice":"agreed","floor":4,"damage_taken":0},{"event_name":"Bonfire Elementals","player_choice":"BASIC","floor":5,"damage_taken":0},{"event_name":"Living Wall","player_choice":"Grow","floor":14,"damage_taken":0}],"boss_relics":[],"potions_floor_spawned":[3,8,10,13],"seed_played":"8632396845938018758","killed_by":"The Guardian","ascension_level":2,"is_trial":false}