{"path_per_floor":["M","?","?","M","M","E","M","R","T","E","?","R","$","M","R","B",null,"M","M","$","?"],"character_chosen":"THE_SILENT","items_purchased":["Vajra","Snake Skull","Singing Bowl"],"gold_per_floor":[119,194,194,209,222,249,269,269,269,304,304,304,5,21,21,120,120,140,154,10,10,10],"floor_reached":22,"campfire_rested":3,"playtime":2011,"current_hp_per_floor":[68,57,57,56,51,37,17,38,38,10,10,31,31,31,52,1,70,53,35,35,35,0],"items_purged":[],"gold":10,"score":204,"play_id":"fdd7edb0-9c6b-48c8-8ed2-6e401358ecec","local_time":"20180407032905","is_prod":false,"is_daily":false,"is_ascension_mode":true,"campfire_upgraded":0,"timestamp":1523080745,"path_taken":["M","?","?","M","?","E","M","R","T","E","?","R","$","M","R","BOSS","M","M","$","?","M"],"build_version":"2018-04-05v2","purchased_purges":0,"victory":false,"master_deck":["Defend_G","Defend_G","Defend_G","Defend_G","Strike_G","Strike_G","Strike_G","Strike_G","Strike_G","Survivor","Neutralize","Distraction","Sucker Punch","Flying Knee","Envenom","Backflip","Blur","Adrenaline","Dodge and Roll"],"max_hp_per_floor":[70,70,70,70,70,70,70,70,70,70,70,70,70,70,70,70,70,70,70,70,70,70],"relics":["Ring of the Snake","Molten Egg 2","The Specimen","Girya","Vajra","Snake Skull","Lizard Tail","Singing Bowl"],"card_choices":[{"not_picked":["Heel Hook","Eviscerate"],"picked":"Distraction","floor":1},{"not_picked":["Slice","Tools of the Trade"],"picked":"Sucker Punch","floor":4},{"not_picked":["Reflex","Acrobatics"],"picked":"Flying Knee","floor":5},{"not_picked":["Deadly Poison","Flying Knee"],"picked":"Envenom","floor":6},{"not_picked":["Outmaneuver","Bane"],"picked":"Backflip","floor":7},{"not_picked":["Blade Dance","Cloak And Dagger"],"picked":"Blur","floor":10},{"not_picked":["Doppelganger","A Thousand Cuts"],"picked":"Adrenaline","floor":16},{"not_picked":["Backflip","Sucker Punch"],"picked":"Dodge and Roll","floor":18}],"player_experience":313158,"potions_floor_usage":[5,6,14,14,16,16,19],"damage_taken":[{"damage":2,"enemies":"Small Slimes","floor":1,"turns":5},{"damage":1,"enemies":"Cultist","floor":4,"turns":5},{"damage":5,"enemies":"2 Louse","floor":5,"turns":3},{"damage":29,"enemies":"Lagavulin","floor":6,"turns":6},{"damage":20,"enemies":"Lots of Slimes","floor":7,"turns":6},{"damage":28,"enemies":"Gremlin Nob","floor":10,"turns":5},{"damage":0,"enemies":"Red Slaver","floor":14,"turns":1},{"damage":51,"enemies":"The Guardian","floor":16,"turns":17},{"damage":17,"enemies":"Chosen","floor":18,"turns":6},{"damage":18,"enemies":"3 Byrds","floor":19,"turns":5},{"damage":74,"enemies":"Sentry and Sphere","floor":22,"turns":19}],"event_choices":[{"event_name":"World of Goop","player_choice":"Gather Gold","floor":2,"damage_taken":0},{"event_name":"Wheel of Change","player_choice":"Card Removal","floor":3,"damage_taken":0},{"event_name":"The Lab","player_choice":"Got Potions","floor":11,"damage_taken":0},{"event_name":"Drug Dealer","player_choice":"Ignored","floor":21,"damage_taken":0}],"boss_relics":[{"not_picked":["Eternal Feather","Ectoplasm"],"picked":"Lizard Tail"}],"potions_floor_spawned":[1,4,14,16],"seed_played":"-6572795476696094513","killed_by":"Sentry and Sphere","ascension_level":1,"is_trial":false}