{"path_per_floor":["M","M","$","M","M","R","?","$","T","$","M","$","R","M","R","B",null,"M","?","$","?","M","R","M","E","T"],"character_chosen":"IRONCLAD","items_purchased":["Flex","Pummel","Dexterity Potion","Inflame"],"gold_per_floor":[119,132,78,90,101,101,101,101,101,34,49,0,0,20,20,115,115,132,132,64,64,76,76,91,121,167,167],"floor_reached":27,"campfire_rested":2,"playtime":786,"current_hp_per_floor":[74,73,73,73,70,70,70,70,70,70,67,67,67,64,80,32,80,78,78,78,78,61,80,53,9,9,0],"items_purged":[],"gold":167,"score":223,"play_id":"3bf9d919-1512-4c37-84f3-84611b9a239f","local_time":"20180417235059","is_prod":false,"is_daily":false,"chose_seed":false,"is_ascension_mode":false,"campfire_upgraded":2,"timestamp":1524018059,"path_taken":["M","?","$","M","M","R","?","$","T","$","M","?","R","M","R","BOSS","M","?","$","?","M","R","M","E","T","M"],"build_version":"2018-04-12","seed_source_timestamp":517094302721574,"purchased_purges":0,"victory":false,"master_deck":["Strike_R","Strike_R","Strike_R","Strike_R","Defend_R","Defend_R","Defend_R","Defend_R","Bash+1","Cleave","Body Slam","Flex+1","Flex","True Grit+1","Pummel","Heavy Blade","Limit Break","Iron Wave+1","Evolve","Inflame","Heavy Blade","Impervious"],"max_hp_per_floor":[80,80,80,80,80,80,80,80,80,80,80,80,80,80,80,80,80,80,80,80,80,80,80,80,80,80,80],"relics":["Velvet Choker"],"card_choices":[{"not_picked":["Reckless Charge","Warcry"],"picked":"Cleave","floor":1},{"not_picked":["Armaments","Searing Blow"],"picked":"Body Slam","floor":2},{"not_picked":["Cleave","Seeing Red"],"picked":"Flex","floor":4},{"not_picked":["Anger","Flex"],"picked":"True Grit","floor":5},{"not_picked":["Thunderclap","Brutality"],"picked":"Heavy Blade","floor":14},{"not_picked":["Barricade","Fiend Fire"],"picked":"Limit Break","floor":16},{"not_picked":["Shrug It Off","Sword Boomerang"],"picked":"Iron Wave","floor":18},{"not_picked":["Ghostly Armor","Blood for Blood"],"picked":"Heavy Blade","floor":22},{"not_picked":["Uppercut","Flame Barrier"],"picked":"Impervious","floor":25}],"player_experience":350257,"potions_floor_usage":[11,16,16,18,22,24,24],"damage_taken":[{"damage":6,"enemies":"Cultist","floor":1,"turns":3},{"damage":1,"enemies":"Jaw Worm","floor":2,"turns":3},{"damage":0,"enemies":"Small Slimes","floor":4,"turns":2},{"damage":3,"enemies":"Exordium Wildlife","floor":5,"turns":3},{"damage":3,"enemies":"Exordium Thugs","floor":11,"turns":3},{"damage":3,"enemies":"Red Slaver","floor":14,"turns":2},{"damage":48,"enemies":"Hexaghost","floor":16,"turns":9},{"damage":2,"enemies":"Chosen","floor":18,"turns":5},{"damage":17,"enemies":"3 Byrds","floor":22,"turns":6},{"damage":27,"enemies":"Sentry and Sphere","floor":24,"turns":4},{"damage":44,"enemies":"Book of Stabbing","floor":25,"turns":5},{"damage":17,"enemies":"Centurion and Healer","floor":27,"turns":2}],"event_choices":[{"event_name":"Living Wall","player_choice":"Grow","floor":7,"damage_taken":0},{"event_name":"Transmorgrifier","player_choice":"Transform","floor":19,"damage_taken":0},{"event_name":"Drug Dealer","player_choice":"Ignored","floor":21,"damage_taken":0}],"boss_relics":[{"not_picked":["Eternal Feather","Runic Cube","Cursed Key"]}],"potions_floor_spawned":[2,5,11,16,18,22],"seed_played":"7804879028114922161","killed_by":"Centurion and Healer","ascension_level":0,"is_trial":false}