{"gold_per_floor":[212,163,163,182,197,197,222,237,264,237,237,247,278,278,278,398,398,418,436,177,195,195,239,239,364,364,364,377,377,377,377,377,377],"floor_reached":33,"playtime":3426,"items_purged":[],"score":398,"play_id":"1a8495f1-e144-42de-9a21-6025b75a6c4c","local_time":"20190212150100","is_ascension_mode":true,"campfire_choices":[{"data":"Footwork","floor":6,"key":"SMITH"},{"floor":11,"key":"REST"},{"floor":15,"key":"REST"},{"floor":24,"key":"REST"},{"floor":27,"key":"REST"},{"floor":29,"key":"REST"},{"floor":32,"key":"REST"}],"neow_cost":"NONE","seed_source_timestamp":251788837971627,"circlet_count":0,"master_deck":["Defend_G","Defend_G","Defend_G+1","Defend_G","Defend_G","Strike_G","Strike_G","Strike_G","Strike_G","Strike_G","Survivor+1","Neutralize","Skewer","Dodge and Roll","Footwork+1","Backflip","Slice","Blade Dance","Cloak And Dagger","Cloak And Dagger","After Image","Sucker Punch","Cloak And Dagger","Caltrops+1","Dagger Throw+1","Escape Plan","Accuracy","Terror+1","Madness","Deflect"],"relics":["Ring of the Snake","Bag of Marbles","War Paint","Lantern","Golden Idol","Sozu","Singing Bowl","Dream Catcher","Pocketwatch","The Courier","Bottled Tornado"],"potions_floor_usage":[7,13,13,16,31],"damage_taken":[{"damage":0,"enemies":"Jaw Worm","floor":1,"turns":6},{"damage":0,"enemies":"Small Slimes","floor":4,"turns":3},{"damage":0,"enemies":"2 Louse","floor":5,"turns":3},{"damage":18,"enemies":"Lagavulin","floor":7,"turns":15},{"damage":4,"enemies":"2 Fungi Beasts","floor":8,"turns":5},{"damage":3,"enemies":"Exordium Thugs","floor":10,"turns":8},{"damage":1,"enemies":"3 Louse","floor":12,"turns":5},{"damage":14,"enemies":"3 Sentries","floor":13,"turns":15},{"damage":32,"enemies":"Slime Boss","floor":16,"turns":19},{"damage":0,"enemies":"Shell Parasite","floor":18,"turns":8},{"damage":14,"enemies":"Chosen","floor":19,"turns":6},{"damage":1,"enemies":"Shelled Parasite and Fungi","floor":21,"turns":11},{"damage":37,"enemies":"Slavers","floor":23,"turns":8},{"damage":1,"enemies":"Colosseum Slavers","floor":25,"turns":5},{"damage":0,"enemies":"Colosseum Nobs","floor":25,"turns":7},{"damage":0,"enemies":"Centurion and Healer","floor":28,"turns":7},{"damage":52,"enemies":"Gremlin Leader","floor":31,"turns":12},{"damage":23,"enemies":"Automaton","floor":33,"turns":14}],"seed_played":"-6018501012847045749","potions_obtained":[{"floor":8,"key":"SmokeBomb"},{"floor":10,"key":"SkillPotion"},{"floor":12,"key":"EssenceOfSteel"},{"floor":13,"key":"SteroidPotion"}],"is_trial":false,"path_per_floor":["M","$","?","M","M","R","E","M","T","M","R","M","E","?","R","B",null,"M","M","$","M","?","E","R","?","T","R","M","R","?","E","R","B"],"character_chosen":"THE_SILENT","items_purchased":["Block Potion","Singing Bowl"],"campfire_rested":6,"item_purchase_floors":[2,20],"current_hp_per_floor":[63,63,63,63,63,63,45,41,41,38,59,58,44,44,63,31,57,57,43,43,42,42,5,26,25,25,45,47,67,55,3,23,0],"gold":377,"neow_bonus":"HUNDRED_GOLD","is_prod":false,"is_daily":false,"chose_seed":false,"campfire_upgraded":1,"win_rate":0,"timestamp":1549980060,"path_taken":["M","$","?","M","M","R","E","M","T","M","R","M","E","?","R","BOSS","M","M","$","M","?","E","R","?","T","R","M","R","?","E","R","BOSS"],"build_version":"2019-01-23","purchased_purges":0,"victory":false,"max_hp_per_floor":[70,70,70,70,70,70,70,70,70,70,70,70,70,65,65,65,65,65,65,65,65,65,65,67,67,67,67,69,69,69,69,69,69],"card_choices":[{"not_picked":["Underhanded Strike","Choke"],"picked":"Skewer","floor":1},{"not_picked":["Heel Hook","Well Laid Plans"],"picked":"Dodge and Roll","floor":4},{"not_picked":["Dash","All Out Attack"],"picked":"Footwork","floor":5},{"not_picked":["Dodge and Roll","Reflex"],"picked":"Backflip","floor":7},{"not_picked":["Heel Hook","PiercingWail"],"picked":"Slice","floor":8},{"not_picked":["PiercingWail","Deadly Poison"],"picked":"Blade Dance","floor":10},{"not_picked":["Dagger Throw","Crippling Poison"],"picked":"Cloak And Dagger","floor":12},{"not_picked":["Unload","PiercingWail"],"picked":"Cloak And Dagger","floor":13},{"not_picked":["Phantasmal Killer","Adrenaline"],"picked":"After Image","floor":16},{"not_picked":["Outmaneuver+1","Backflip"],"picked":"Sucker Punch","floor":18},{"not_picked":["Reflex","Underhanded Strike"],"picked":"Cloak And Dagger","floor":19},{"not_picked":["Endless Agony","Flying Knee"],"picked":"Caltrops+1","floor":21},{"not_picked":["Bouncing Flask","Backflip"],"picked":"Dagger Throw+1","floor":23},{"not_picked":["Riddle With Holes","Flechettes","Blur"],"picked":"Singing Bowl","floor":24},{"not_picked":["Expertise","Acrobatics"],"picked":"Escape Plan","floor":25},{"not_picked":["Blade Dance","Acrobatics"],"picked":"Accuracy","floor":27},{"not_picked":["Flying Knee","PiercingWail","Blade Dance"],"picked":"Singing Bowl","floor":28},{"not_picked":["Expertise","Flechettes"],"picked":"Terror+1","floor":29},{"not_picked":["Bouncing Flask","PiercingWail"],"picked":"Deflect","floor":32}],"player_experience":452640,"relics_obtained":[{"floor":7,"key":"Bag of Marbles"},{"floor":9,"key":"War Paint"},{"floor":13,"key":"Lantern"},{"floor":23,"key":"Dream Catcher"},{"floor":25,"key":"Pocketwatch"},{"floor":25,"key":"The Courier"},{"floor":26,"key":"Bottled Tornado"}],"event_choices":[{"damage_healed":0,"gold_gain":0,"player_choice":"Leave","damage_taken":0,"max_hp_gain":0,"max_hp_loss":0,"event_name":"The Cleric","floor":3,"gold_loss":0},{"damage_healed":0,"gold_gain":0,"player_choice":"Lose Max HP","damage_taken":0,"relics_obtained":["Golden Idol"],"max_hp_gain":0,"max_hp_loss":5,"event_name":"Golden Idol","floor":14,"gold_loss":0},{"damage_healed":0,"gold_gain":0,"player_choice":"Ignored","damage_taken":0,"max_hp_gain":0,"max_hp_loss":0,"event_name":"Beggar","floor":22,"gold_loss":0},{"damage_healed":0,"gold_gain":0,"player_choice":"Fight","damage_taken":0,"max_hp_gain":0,"max_hp_loss":0,"event_name":"Colosseum","floor":25,"gold_loss":0},{"damage_healed":0,"gold_gain":0,"player_choice":"Fought Nobs","damage_taken":0,"max_hp_gain":0,"max_hp_loss":0,"event_name":"Colosseum","floor":25,"gold_loss":0},{"damage_healed":0,"gold_gain":0,"player_choice":"CARD ","damage_taken":12,"max_hp_gain":0,"max_hp_loss":0,"event_name":"Knowing Skull","floor":30,"potions_obtained":[],"gold_loss":0,"cards_obtained":["Madness"]}],"is_beta":false,"boss_relics":[{"not_picked":["Runic Pyramid","Philosopher\u0027s Stone"],"picked":"Sozu"}],"items_purged_floors":[],"is_endless":false,"potions_floor_spawned":[8,10,12,13,18,25,25,28],"killed_by":"Automaton","ascension_level":7}