{"gold_per_floor":[117,133,58,2,21,21,55,71,98,98,98,111,111,125,125,196,196,213,232,248,173,373,373,387,387,387,416,435,452,26,42,42,42],"floor_reached":33,"playtime":1646,"items_purged":["Strike_G"],"score":542,"play_id":"047a1cff-4672-45d9-a1e6-77806b55f4a2","local_time":"20190117210907","is_ascension_mode":true,"campfire_choices":[{"data":"Neutralize","floor":6.0,"key":"SMITH"},{"floor":11.0,"key":"REST"},{"data":"Cloak And Dagger","floor":15.0,"key":"SMITH"},{"floor":23,"key":"REST"},{"floor":25,"key":"REST"},{"floor":32,"key":"REST"}],"neow_cost":"TEN_PERCENT_HP_LOSS","seed_source_timestamp":4172928775851,"circlet_count":0,"master_deck":["AscendersBane","Defend_G","Defend_G","Defend_G+1","Defend_G","Defend_G","Strike_G+1","Strike_G+1","Survivor","Neutralize+1","Burst","Flying Knee","Flying Knee","Backflip","A Thousand Cuts+1","Cloak And Dagger+1","Infinite Blades","Dodge and Roll","Die Die Die","Blade Dance+1","Dash","Dodge and Roll+1","All Out Attack","Wraith Form v2","Bouncing Flask+1","Adrenaline"],"special_seed":0,"relics":["Ring of the Snake","Whetstone","Centennial Puzzle","Pantograph","Philosopher\u0027s Stone","Ornamental Fan","Orichalcum","War Paint"],"potions_floor_usage":[20,24,33,33],"damage_taken":[{"damage":1.0,"enemies":"Cultist","floor":1.0,"turns":5.0},{"damage":2.0,"enemies":"2 Louse","floor":2.0,"turns":3.0},{"damage":17.0,"enemies":"Jaw Worm","floor":5.0,"turns":6.0},{"damage":29.0,"enemies":"Gremlin Nob","floor":7.0,"turns":4.0},{"damage":9.0,"enemies":"Exordium Thugs","floor":8.0,"turns":7.0},{"damage":3.0,"enemies":"Exordium Wildlife","floor":12.0,"turns":4.0},{"damage":4.0,"enemies":"Gremlin Gang","floor":14.0,"turns":5.0},{"damage":20.0,"enemies":"Hexaghost","floor":16.0,"turns":11.0},{"damage":15.0,"enemies":"2 Thieves","floor":18.0,"turns":4.0},{"damage":23.0,"enemies":"Shell Parasite","floor":19.0,"turns":4.0},{"damage":9,"enemies":"Snecko","floor":20,"turns":5},{"damage":2,"enemies":"Centurion and Healer","floor":24,"turns":7},{"damage":3,"enemies":"Gremlin Leader","floor":27,"turns":7},{"damage":8,"enemies":"Snake Plant","floor":28,"turns":4},{"damage":4,"enemies":"3 Cultists","floor":29,"turns":3},{"damage":19,"enemies":"Centurion and Healer","floor":31,"turns":3},{"damage":57,"enemies":"Champ","floor":33,"turns":12}],"seed_played":"-7862027145712900718","potions_obtained":[{"floor":5.0,"key":"FearPotion"},{"floor":12.0,"key":"EssenceOfSteel"},{"floor":14.0,"key":"Weak Potion"},{"floor":18.0,"key":"Fire Potion"},{"floor":20,"key":"Fruit Juice"},{"floor":27,"key":"Explosive Potion"},{"floor":29,"key":"Poison Potion"}],"is_trial":false,"path_per_floor":["M","M","?","$","M","R","E","M","T","?","R","M","T","M","R","B",null,"M","M","M","?","?","R","M","R","T","E","M","M","$","M","R","B"],"character_chosen":"THE_SILENT","items_purchased":["Explosive Potion","Adrenaline","War Paint"],"campfire_rested":4,"item_purchase_floors":[4,30,30],"current_hp_per_floor":[58,56,56,56,39,39,10,1,1,1,19,16,16,12,12,17,49,34,11,7,7,7,26,24,43,43,40,32,28,28,9,28,0],"gold":42,"neow_bonus":"THREE_RARE_CARDS","is_prod":false,"is_daily":false,"chose_seed":false,"campfire_upgraded":2,"win_rate":0,"timestamp":1547755747,"path_taken":["M","M","?","$","M","R","E","M","T","?","R","M","?","M","R","BOSS","M","M","M","?","?","R","M","R","T","E","M","M","$","M","R","BOSS"],"build_version":"2019-01-16","purchased_purges":1,"victory":false,"max_hp_per_floor":[60,60,60,60,60,60,60,60,60,60,60,60,60,60,60,60,60,60,60,65,65,65,65,65,65,65,65,65,65,65,65,65,65],"card_choices":[{"not_picked":["Storm of Steel","Night Terror"],"picked":"Burst","floor":0.0},{"not_picked":["Reflex","Prepared"],"picked":"Flying Knee","floor":1.0},{"not_picked":["Poisoned Stab","Dagger Throw"],"picked":"Flying Knee","floor":2.0},{"not_picked":["Bane","Deflect"],"picked":"Backflip","floor":5.0},{"not_picked":["Poisoned Stab","Reflex"],"picked":"A Thousand Cuts","floor":7.0},{"not_picked":["Flying Knee","Outmaneuver"],"picked":"Cloak And Dagger","floor":8.0},{"not_picked":["Blur","Deflect"],"picked":"Infinite Blades","floor":12.0},{"not_picked":["Bane","Distraction"],"picked":"Dodge and Roll","floor":14.0},{"not_picked":["Burst","A Thousand Cuts"],"picked":"Die Die Die","floor":16.0},{"not_picked":["Underhanded Strike","Escape Plan"],"picked":"Blade Dance","floor":18.0},{"not_picked":["Tactician","Dagger Throw"],"picked":"Dash","floor":19.0},{"not_picked":["Concentrate+1","Dagger Spray"],"picked":"Dodge and Roll+1","floor":20},{"not_picked":["Bouncing Flask","Underhanded Strike"],"picked":"All Out Attack","floor":24},{"not_picked":["Heel Hook","Accuracy"],"picked":"Wraith Form v2","floor":27},{"not_picked":["Quick Slash","Terror"],"picked":"Bouncing Flask+1","floor":28},{"not_picked":["Dagger Spray","All Out Attack","Dagger Throw"],"picked":"SKIP","floor":29},{"not_picked":["Dagger Throw","Cloak And Dagger","Poisoned Stab"],"picked":"SKIP","floor":31}],"player_experience":894052,"relics_obtained":[{"floor":7.0,"key":"Whetstone"},{"floor":9.0,"key":"Centennial Puzzle"},{"floor":13.0,"key":"Pantograph"},{"floor":26,"key":"Ornamental Fan"},{"floor":27,"key":"Orichalcum"}],"event_choices":[{"cards_removed":["Strike_G"],"damage_healed":0.0,"max_hp_gain":0.0,"max_hp_loss":0.0,"gold_gain":0.0,"event_name":"The Cleric","player_choice":"Card Removal","floor":3.0,"gold_loss":75.0,"damage_taken":0.0},{"damage_healed":0.0,"max_hp_gain":0.0,"max_hp_loss":0.0,"gold_gain":0.0,"event_name":"Living Wall","player_choice":"Grow","floor":10.0,"gold_loss":0.0,"damage_taken":0.0,"cards_upgraded":["A Thousand Cuts"]},{"cards_removed":["Strike_G"],"damage_healed":0,"gold_gain":0,"player_choice":"Gave Gold","damage_taken":0,"max_hp_gain":0,"max_hp_loss":0,"event_name":"Beggar","floor":21,"gold_loss":75},{"damage_healed":0,"gold_gain":250,"player_choice":"Bet on Owner","damage_taken":0,"max_hp_gain":0,"max_hp_loss":0,"event_name":"The Joust","floor":22,"gold_loss":50}],"is_beta":true,"boss_relics":[{"not_picked":["Runic Pyramid","Eternal Feather"],"picked":"Philosopher\u0027s Stone"}],"items_purged_floors":[30],"is_endless":false,"potions_floor_spawned":[5,12,14,18,20,27,29,31],"killed_by":"Champ","ascension_level":20}