{"gold_per_floor":[109,109,120,133,151,151,178,178,225,235,245,265,281,313,313,418,418,428,447,447,463,480,480,506,506,587,620,634,668,680,693,693,693],"floor_reached":33,"playtime":2519,"items_purged":[],"score":325,"play_id":"afb1009e-bbe6-4005-9de7-e9e32c98d86f","local_time":"20190121184318","is_ascension_mode":false,"campfire_choices":[{"data":"Shrug It Off","floor":6,"key":"SMITH"},{"data":"Spot Weakness","floor":15,"key":"SMITH"},{"floor":23,"key":"REST"},{"floor":25,"key":"REST"},{"floor":32,"key":"REST"}],"neow_cost":"NONE","seed_source_timestamp":1051823345543,"circlet_count":0,"master_deck":["Strike_R","Strike_R","Strike_R","Strike_R","Defend_R","Defend_R","Defend_R","Defend_R+1","Bash","Cleave","Shrug It Off+1","Cleave","Flex+1","Disarm","Shrug It Off","Spot Weakness+1","Shrug It Off","Double Tap","Reaper","Heavy Blade","Disarm","Infernal Blade","Spot Weakness+1","Feed","Pommel Strike","Clash","Feed","Thunderclap"],"relics":["Lizard Tail","Self Forming Clay","War Paint","Orichalcum","Mummified Hand","Sozu","NlothsMask","Happy Flower","Anchor","Kunai"],"potions_floor_usage":[10,16,16],"damage_taken":[{"damage":5,"enemies":"2 Louse","floor":1,"turns":3},{"damage":1,"enemies":"Cultist","floor":3,"turns":4},{"damage":2,"enemies":"Jaw Worm","floor":4,"turns":5},{"damage":2,"enemies":"Lots of Slimes","floor":5,"turns":2},{"damage":32,"enemies":"Gremlin Nob","floor":7,"turns":5},{"damage":13,"enemies":"Exordium Wildlife","floor":10,"turns":5},{"damage":8,"enemies":"Gremlin Gang","floor":11,"turns":5},{"damage":2,"enemies":"Looter","floor":12,"turns":3},{"damage":1,"enemies":"Exordium Thugs","floor":13,"turns":4},{"damage":16,"enemies":"3 Sentries","floor":14,"turns":5},{"damage":13,"enemies":"The Guardian","floor":16,"turns":13},{"damage":17,"enemies":"2 Thieves","floor":18,"turns":5},{"damage":21,"enemies":"Chosen","floor":19,"turns":8},{"damage":0,"enemies":"Centurion and Healer","floor":21,"turns":8},{"damage":31,"enemies":"Sentry and Sphere","floor":22,"turns":6},{"damage":24,"enemies":"Gremlin Leader","floor":24,"turns":6},{"damage":33,"enemies":"Slavers","floor":27,"turns":8},{"damage":11,"enemies":"3 Cultists","floor":28,"turns":5},{"damage":26,"enemies":"Book of Stabbing","floor":29,"turns":6},{"damage":6,"enemies":"Cultist and Chosen","floor":30,"turns":7},{"damage":9,"enemies":"Snecko","floor":31,"turns":4},{"damage":64,"enemies":"Champ","floor":33,"turns":10}],"seed_played":"-8812020166768008961","potions_obtained":[{"floor":1,"key":"Swift Potion"},{"floor":7,"key":"SteroidPotion"},{"floor":13,"key":"LiquidBronze"},{"floor":14,"key":"Energy Potion"}],"is_trial":false,"path_per_floor":["M","?","M","M","M","R","E","?","T","M","M","M","M","E","R","B",null,"M","M","?","M","M","R","E","R","T","E","M","E","M","M","R","B"],"character_chosen":"IRONCLAD","items_purchased":[],"campfire_rested":3,"item_purchase_floors":[],"current_hp_per_floor":[75,75,74,72,70,70,38,38,38,25,17,15,14,40,40,27,80,63,42,42,46,15,39,33,57,57,33,64,38,32,23,47,0],"gold":693,"neow_bonus":"BOSS_RELIC","is_prod":false,"is_daily":false,"chose_seed":false,"campfire_upgraded":2,"win_rate":0,"timestamp":1548096198,"path_taken":["M","?","M","?","M","R","E","?","T","?","M","M","M","E","R","BOSS","M","M","?","M","M","R","E","R","T","E","M","E","M","M","R","BOSS"],"build_version":"2019-01-17v2","purchased_purges":0,"victory":false,"max_hp_per_floor":[80,80,80,80,80,80,80,80,80,80,80,80,80,80,80,80,80,80,80,80,80,80,80,80,80,80,80,80,80,80,80,80,80],"card_choices":[{"not_picked":["Sentinel","Uppercut"],"picked":"Cleave","floor":1},{"not_picked":["Flex","True Grit"],"picked":"Shrug It Off","floor":3},{"not_picked":["True Grit","Body Slam"],"picked":"Cleave","floor":4},{"not_picked":["Wild Strike","Perfected Strike"],"picked":"Flex","floor":5},{"not_picked":["Pommel Strike","Corruption"],"picked":"Disarm","floor":7},{"not_picked":["Anger","Wild Strike"],"picked":"Shrug It Off","floor":10},{"not_picked":["Flex","Blood for Blood"],"picked":"Spot Weakness","floor":11},{"not_picked":["Second Wind","Bloodletting"],"picked":"Shrug It Off","floor":12},{"not_picked":["Havoc","Wild Strike"],"picked":"Double Tap","floor":13},{"not_picked":["Perfected Strike","Iron Wave","Whirlwind"],"picked":"SKIP","floor":14},{"not_picked":["Brutality","Immolate"],"picked":"Reaper","floor":16},{"not_picked":["Anger","Body Slam+1"],"picked":"Heavy Blade","floor":18},{"not_picked":["Seeing Red+1","Second Wind+1"],"picked":"Disarm","floor":19},{"not_picked":["Power Through","Clash"],"picked":"Infernal Blade","floor":21},{"not_picked":["Wild Strike","Flex"],"picked":"Spot Weakness+1","floor":22},{"not_picked":["Combust","Corruption"],"picked":"Feed","floor":24},{"not_picked":["Searing Blow","Clothesline+1"],"picked":"Pommel Strike","floor":27},{"not_picked":["Cleave","True Grit"],"picked":"Clash","floor":28},{"not_picked":["Dual Wield","Body Slam"],"picked":"Feed","floor":29},{"not_picked":["Blood for Blood+1","Shrug It Off+1"],"picked":"Thunderclap","floor":30},{"not_picked":["Uppercut","Combust+1","Blood for Blood"],"picked":"SKIP","floor":31}],"player_experience":113526,"relics_obtained":[{"floor":7,"key":"Self Forming Clay"},{"floor":9,"key":"Orichalcum"},{"floor":14,"key":"Mummified Hand"},{"floor":24,"key":"Happy Flower"},{"floor":27,"key":"Anchor"},{"floor":29,"key":"Kunai"}],"event_choices":[{"cards_removed":["Strike_R"],"damage_healed":0,"gold_gain":0,"player_choice":"Offered Basic","damage_taken":0,"max_hp_gain":0,"max_hp_loss":0,"event_name":"Bonfire Elementals","floor":2,"gold_loss":0},{"damage_healed":0,"gold_gain":0,"player_choice":"Gave Potion","damage_taken":0,"relics_obtained":["War Paint"],"max_hp_gain":0,"max_hp_loss":0,"event_name":"WeMeetAgain","floor":8,"gold_loss":0},{"damage_healed":0,"gold_gain":0,"player_choice":"Trade","damage_taken":0,"relics_obtained":["NlothsMask"],"max_hp_gain":0,"max_hp_loss":0,"event_name":"FaceTrader","floor":20,"gold_loss":0}],"is_beta":false,"boss_relics":[{"not_picked":["White Beast Statue","Tiny House"],"picked":"Sozu"}],"items_purged_floors":[],"is_endless":false,"potions_floor_spawned":[1,7,13,14,19,28,29],"killed_by":"Champ","ascension_level":0}