{"path_per_floor":["M","?","$","M","?","E","R","E","T","?","M","$","$","M","R","B",null,"M","$","?","M","M","R","$","M","T","M","M","M","M","$","R"],"character_chosen":"IRONCLAD","items_purchased":["Inflame","Whirlwind","Dual Wield","Flame Barrier","Apotheosis","Dramatic Entrance"],"gold_per_floor":[109,109,33,53,53,92,92,133,133,308,326,142,70,84,84,210,210,230,230,230,215,239,239,239,258,258,278,301,325,346,106,106,106],"floor_reached":33,"campfire_rested":3,"playtime":1619,"current_hp_per_floor":[82,82,82,82,62,66,82,69,83,83,89,89,89,82,82,79,98,73,73,73,66,24,55,55,46,46,54,62,50,46,46,79,0],"items_purged":["Doubt"],"gold":106,"score":322,"play_id":"3cc0b45b-9064-444c-a937-71158663eb7e","local_time":"20180403011720","is_prod":false,"is_daily":false,"is_ascension_mode":true,"campfire_upgraded":1,"timestamp":1522727240,"path_taken":["M","?","$","M","?","E","R","E","T","?","?","?","$","?","R","BOSS","M","$","?","M","M","R","?","M","T","M","M","?","?","$","R","BOSS"],"build_version":"2018-03-29v2","purchased_purges":3,"victory":false,"master_deck":["Strike_R","Strike_R","Strike_R","Strike_R","Strike_R","Defend_R","Defend_R","Defend_R","Defend_R","Bash+1","Inflame","Dropkick","Infernal Blade+1","Heavy Blade","Flame Barrier","Whirlwind","Dual Wield","Flame Barrier","Impervious","Shrug It Off","Bludgeon","Apotheosis","Dramatic Entrance"],"max_hp_per_floor":[82,82,82,82,82,82,82,82,96,96,96,96,96,98,98,98,98,100,100,100,102,104,104,104,104,104,106,108,108,110,110,110,110],"relics":["Burning Blood","Singing Bowl","Golden Idol","Bottled Tornado","Vajra","Mango","Mark of Pain","The Courier"],"card_choices":[{"not_picked":["Disarm","Headbutt"],"picked":"Dropkick","floor":4},{"not_picked":["Barricade","Berserk"],"picked":"Infernal Blade","floor":6},{"not_picked":["Power Through","Anger"],"picked":"Heavy Blade","floor":8},{"not_picked":["Headbutt","Havoc"],"picked":"Flame Barrier","floor":11},{"not_picked":["Offering","Double Tap"],"picked":"Impervious","floor":16},{"not_picked":["Inflame","Pommel Strike"],"picked":"Shrug It Off","floor":25},{"not_picked":["Battle Trance","Twin Strike"],"picked":"Bludgeon","floor":29}],"player_experience":295284,"potions_floor_usage":[6,8,22,22,27,28,29,33],"damage_taken":[{"damage":6,"enemies":"Jaw Worm","floor":1,"turns":3},{"damage":0,"enemies":"Small Slimes","floor":4,"turns":4},{"damage":2,"enemies":"Gremlin Nob","floor":6,"turns":3},{"damage":19,"enemies":"3 Sentries","floor":8,"turns":6},{"damage":0,"enemies":"Cultist","floor":11,"turns":2},{"damage":15,"enemies":"Looter","floor":14,"turns":3},{"damage":9,"enemies":"Slime Boss","floor":16,"turns":10},{"damage":33,"enemies":"Chosen","floor":18,"turns":6},{"damage":15,"enemies":"2 Thieves","floor":21,"turns":4},{"damage":50,"enemies":"3 Cultists","floor":22,"turns":7},{"damage":15,"enemies":"Centurion and Healer","floor":25,"turns":5},{"damage":0,"enemies":"Snecko","floor":27,"turns":3},{"damage":0,"enemies":"3 Cultists","floor":28,"turns":3},{"damage":18,"enemies":"Sentry and Sphere","floor":29,"turns":6},{"damage":12,"enemies":"Snecko","floor":30,"turns":6},{"damage":89,"enemies":"Champ","floor":33,"turns":9}],"event_choices":[{"event_name":"Living Wall","player_choice":"Grow","floor":2,"damage_taken":0},{"event_name":"Golden Idol","player_choice":"Take Damage","floor":5,"damage_taken":0},{"event_name":"Liars Game","player_choice":"agreed","floor":10,"damage_taken":0},{"event_name":"Ghosts","player_choice":"Ignored","floor":20,"damage_taken":0}],"boss_relics":[{"not_picked":["Runic Dome","Eternal Feather"],"picked":"Mark of Pain"}],"potions_floor_spawned":[1,6,11,16,25,27,28,30],"seed_played":"5643371303036174202","killed_by":"Champ","ascension_level":1,"is_trial":false}