{"path_per_floor":["M","T","?","M","?","R","M","R","T","?","M","M","?","$","R","B",null,"M","?","?","M","?","R","M","R","T","M","R","?","$","M","R"],"character_chosen":"DEFECT","items_purchased":["Genetic Algorithm","Thunder Strike","Magnetism"],"gold_per_floor":[114,161,161,181,181,181,191,191,217,217,237,253,253,44,44,165,165,188,188,148,171,171,171,185,185,185,206,206,206,28,51,51,51],"floor_reached":33,"campfire_rested":4,"playtime":1343,"current_hp_per_floor":[74,74,74,71,71,71,58,58,58,58,51,43,43,43,65,34,75,59,59,59,48,48,70,69,69,69,40,62,62,62,37,59,0],"items_purged":[],"gold":51,"score":235,"play_id":"be860025-f980-4a40-a43f-bd8908bed53f","local_time":"20180502025943","is_prod":false,"is_daily":false,"chose_seed":false,"is_ascension_mode":false,"campfire_upgraded":3,"timestamp":1525238983,"path_taken":["M","?","?","M","?","R","M","R","T","?","M","M","?","$","R","BOSS","M","?","?","M","?","R","M","R","T","M","R","?","$","M","R","BOSS"],"build_version":"2018-05-01","seed_source_timestamp":601449800989607,"purchased_purges":0,"victory":false,"master_deck":["Strike_B","Strike_B","Strike_B","Defend_B","Defend_B","Defend_B","Zap+1","Dualcast","Storm+1","Melter","Scrape+1","Leap","Genetic Algorithm","Thunder Strike","Coolheaded+1","Amplify+1","Rip and Tear+1","Reprieve+1","Reprogram","Gash","Buffer","Magnetism","Defragment+1"],"max_hp_per_floor":[75,75,75,75,75,75,75,75,75,75,75,75,75,75,75,75,75,75,75,75,75,75,75,75,75,75,75,75,75,75,75,75,75],"relics":["Cracked Core","Dream Catcher","Juzu Bracelet","Vajra","Ancient Tea Set","Golden Idol","Nloth\u0027s Gift","Orichalcum","Prayer Wheel"],"card_choices":[{"not_picked":["Streamline","Stack"],"picked":"Storm","floor":1},{"not_picked":["Stack","Capacitor"],"picked":"Melter","floor":4},{"not_picked":["Meteor Strike","Rebound"],"picked":"Scrape","floor":7},{"not_picked":["Skim","Beam Cell"],"picked":"Leap","floor":12},{"not_picked":["Rebound","Beam Cell"],"picked":"Axe Kick","floor":15},{"not_picked":["Capacitor","Rip and Tear"],"picked":"Reprieve","floor":21},{"not_picked":["Turbo","Flux Capacitor"],"picked":"Reprogram","floor":23},{"not_picked":["Hologram","Ball Lightning"],"picked":"Gash","floor":27},{"not_picked":["Stack","Rebound"],"picked":"Buffer","floor":28},{"not_picked":["Barrage","Melter"],"picked":"Defragment","floor":32}],"player_experience":384311,"potions_floor_usage":[11,18,18,21,21,24,27,27,31],"damage_taken":[{"damage":1,"enemies":"Cultist","floor":1,"turns":3},{"damage":3,"enemies":"Small Slimes","floor":4,"turns":3},{"damage":13,"enemies":"Jaw Worm","floor":7,"turns":3},{"damage":7,"enemies":"Blue Slaver","floor":11,"turns":2},{"damage":8,"enemies":"3 Louse","floor":12,"turns":2},{"damage":31,"enemies":"Slime Boss","floor":16,"turns":9},{"damage":16,"enemies":"Chosen","floor":18,"turns":5},{"damage":11,"enemies":"Shell Parasite","floor":21,"turns":5},{"damage":1,"enemies":"Snecko","floor":24,"turns":5},{"damage":29,"enemies":"Snake Plant","floor":27,"turns":4},{"damage":25,"enemies":"Centurion and Healer","floor":31,"turns":5},{"damage":65,"enemies":"Collector","floor":33,"turns":5}],"event_choices":[{"event_name":"Living Wall","player_choice":"Grow","floor":3,"damage_taken":0},{"event_name":"Big Fish","player_choice":"Box","floor":5,"damage_taken":0},{"event_name":"Golden Idol","player_choice":"Take Wound","floor":10,"damage_taken":0},{"event_name":"Fountain of Cleansing","player_choice":"Removed Curse","floor":13,"damage_taken":0},{"event_name":"N\u0027loth","player_choice":"Traded a Astrolabe","floor":19,"damage_taken":0},{"event_name":"The Woman in Blue","player_choice":"Bought 3 Potions","floor":20,"damage_taken":0},{"event_name":"The Mausoleum","player_choice":"Yes","floor":22,"damage_taken":0},{"event_name":"Drug Dealer","player_choice":"Ignored","floor":29,"damage_taken":0}],"boss_relics":[{"not_picked":["Ectoplasm","Pandora\u0027s Box"],"picked":"Astrolabe"}],"potions_floor_spawned":[7,12,16,21,24,27],"seed_played":"2650018838919270644","killed_by":"Collector","ascension_level":0,"is_trial":false}