{"gold_per_floor":[111,61,14,25,43,43,68,102,180,180,190,204,204,215,215,315,315,326,326,340,42,42,42,42],"floor_reached":24,"playtime":1422,"items_purged":[],"score":241,"play_id":"ca22e97d-1ea3-47f0-ad97-3e4d8eae90d3","local_time":"20190126212948","is_ascension_mode":true,"campfire_choices":[{"data":"Chaos","floor":6,"key":"SMITH"},{"floor":10,"key":"REST"},{"floor":15,"key":"REST"},{"data":"Amplify","floor":23,"key":"SMITH"}],"neow_cost":"NONE","seed_source_timestamp":34474827009564,"circlet_count":0,"master_deck":["Defend_B","Defend_B","Defend_B","Defend_B","Zap","Dualcast","Rebound","Coolheaded","Chaos+1","Beam Cell","Consume","Tempest","Cold Snap","Sunder","Barrage","Amplify+1","Barrage","Writhe","Seek","Hello World","Redo","Bite","Bite","Bite","Bite","Bite"],"relics":["Eternal Feather","WingedGreaves","Oddly Smooth Stone","Pear","Black Star","Mango","HandDrill"],"potions_floor_usage":[8,16],"damage_taken":[{"damage":10,"enemies":"Jaw Worm","floor":1,"turns":6},{"damage":0,"enemies":"Cultist","floor":4,"turns":5},{"damage":11,"enemies":"2 Louse","floor":5,"turns":2},{"damage":23,"enemies":"Lagavulin","floor":7,"turns":9},{"damage":24,"enemies":"3 Sentries","floor":8,"turns":9},{"damage":12,"enemies":"Blue Slaver","floor":11,"turns":3},{"damage":30,"enemies":"Lots of Slimes","floor":12,"turns":5},{"damage":2,"enemies":"Looter","floor":14,"turns":3},{"damage":28,"enemies":"The Guardian","floor":16,"turns":10},{"damage":15,"enemies":"Shell Parasite","floor":18,"turns":7},{"damage":26,"enemies":"3 Byrds","floor":20,"turns":6},{"damage":90,"enemies":"Gremlin Leader","floor":24,"turns":8}],"seed_played":"3529029418241700893","potions_obtained":[{"floor":4,"key":"Block Potion"},{"floor":5,"key":"Energy Potion"},{"floor":8,"key":"Poison Potion"},{"floor":11,"key":"Fire Potion"},{"floor":20,"key":"Regen Potion"}],"is_trial":false,"path_per_floor":["M","?","$","M","M","R","E","E","T","R","M","M","?","M","R","B",null,"M","?","M","$","?","R","E"],"character_chosen":"DEFECT","items_purchased":["Coolheaded","HandDrill","Hello World","Redo"],"campfire_rested":2,"item_purchase_floors":[3,21,21,21],"current_hp_per_floor":[65,65,65,65,54,60,37,13,23,57,45,15,15,13,47,19,85,70,84,58,58,58,69,0],"gold":42,"neow_bonus":"BOSS_RELIC","is_prod":false,"is_daily":false,"chose_seed":false,"campfire_upgraded":2,"win_rate":0,"timestamp":1548538188,"path_taken":["M","?","$","M","M","R","E","E","T","R","M","M","?","M","R","BOSS","M","?","M","$","?","R","E"],"build_version":"2019-01-23","purchased_purges":0,"victory":false,"max_hp_per_floor":[75,75,75,75,75,75,75,75,85,85,85,85,85,85,85,85,85,85,99,99,99,69,69,69],"card_choices":[{"not_picked":["Sweeping Beam","Doom and Gloom"],"picked":"Rebound","floor":1},{"not_picked":["Sweeping Beam","Rebound"],"picked":"Chaos","floor":4},{"not_picked":["Steam Power","Turbo"],"picked":"Beam Cell","floor":5},{"not_picked":["Rainbow","Barrage"],"picked":"Consume","floor":7},{"not_picked":["Gash","Force Field"],"picked":"Tempest","floor":8},{"not_picked":["Go for the Eyes","Leap"],"picked":"Cold Snap","floor":11},{"not_picked":["Redo","Stack"],"picked":"Sunder","floor":12},{"not_picked":["Sweeping Beam","Leap"],"picked":"Barrage","floor":14},{"not_picked":["Biased Cognition","Reboot"],"picked":"Amplify","floor":16},{"not_picked":["Stack","Rebound+1"],"picked":"Barrage","floor":18},{"not_picked":["Hologram+1","Sweeping Beam"],"picked":"Seek","floor":20}],"player_experience":136074,"relics_obtained":[{"floor":7,"key":"WingedGreaves"},{"floor":8,"key":"Oddly Smooth Stone"},{"floor":9,"key":"Pear"}],"event_choices":[{"cards_removed":["Strike_B"],"damage_healed":0,"gold_gain":0,"player_choice":"Card Removal","damage_taken":0,"max_hp_gain":0,"max_hp_loss":0,"event_name":"The Cleric","floor":2,"gold_loss":50},{"cards_removed":["Strike_B"],"damage_healed":0,"gold_gain":0,"player_choice":"Card Removal","damage_taken":0,"max_hp_gain":0,"max_hp_loss":0,"event_name":"Wheel of Change","floor":13,"gold_loss":0},{"damage_healed":0,"gold_gain":0,"player_choice":"Opened","damage_taken":0,"relics_obtained":["Mango"],"max_hp_gain":0,"max_hp_loss":0,"event_name":"The Mausoleum","floor":19,"gold_loss":0,"cards_obtained":["Writhe"]},{"damage_healed":0,"gold_gain":0,"player_choice":"Became a vampire","damage_taken":0,"max_hp_gain":0,"max_hp_loss":30,"event_name":"Vampires","floor":22,"gold_loss":0,"cards_obtained":["Bite","Bite","Bite","Bite","Bite"]}],"is_beta":false,"boss_relics":[{"not_picked":["Snecko Eye","Fusion Hammer"],"picked":"Black Star"}],"items_purged_floors":[],"is_endless":false,"potions_floor_spawned":[4,5,8,11,20],"killed_by":"Gremlin Leader","ascension_level":1}