{"path_per_floor":["M","?","M","$","?","R","M","R","T","R","$","M","M","M","R","B",null,"M","M","$","M","?","R","M","R","T","M","M","T","$","$","R","B",null,"M","?","M"],"character_chosen":"IRONCLAD","items_purchased":["Whirlwind","Kunai"],"gold_per_floor":[113,113,130,59,59,59,73,73,73,73,73,91,101,119,119,224,224,243,260,260,275,275,275,292,292,315,333,345,400,85,85,85,181,181,195,0,15,15],"floor_reached":38,"campfire_rested":0,"playtime":11526,"current_hp_per_floor":[88,88,88,88,81,81,87,87,87,87,87,78,84,87,87,91,91,91,90,90,91,91,91,91,91,91,91,91,91,91,91,91,45,91,87,87,60,0],"items_purged":["Pain"],"gold":15,"score":439,"play_id":"7ba8436d-37ef-423b-b54f-0d62f4e7179f","local_time":"20180402023935","is_prod":false,"is_daily":false,"is_ascension_mode":true,"campfire_upgraded":7,"timestamp":1522645775,"path_taken":["M","?","?","$","?","R","M","R","T","R","$","M","M","M","R","BOSS","M","M","$","?","?","R","M","R","T","M","M","?","?","$","R","BOSS","M","?","?","M"],"build_version":"2018-03-29v2","purchased_purges":1,"victory":false,"master_deck":["Strike_R","Strike_R","Strike_R","Strike_R","Defend_R","Defend_R","Defend_R","Defend_R","Bash+1","Inflame+1","Whirlwind+1","Shrug It Off+1","Dropkick+1","Infernal Blade+1","Exhume","Anger+1","Clash+1","Limit Break+1","Injury","Armaments+1","True Grit+1"],"max_hp_per_floor":[88,88,88,88,88,88,88,88,88,88,88,88,88,88,88,91,91,91,91,91,91,91,91,91,91,91,91,91,91,91,91,91,91,91,91,91,91,91],"relics":["Burning Blood","Bag of Preparation","Sundial","Cursed Key","Bronze Scales","Tiny Chest","Kunai","Runic Cube","Red Mask"],"card_choices":[{"not_picked":["Combust","True Grit"],"picked":"Fire Breathing","floor":1},{"not_picked":["Bloodletting","Havoc"],"picked":"Shrug It Off","floor":12},{"not_picked":["Thunderclap","Clothesline"],"picked":"Dropkick","floor":13},{"not_picked":["Shockwave","Rage"],"picked":"Infernal Blade","floor":14},{"not_picked":["Double Tap","Brutality"],"picked":"Exhume","floor":16},{"not_picked":["Dropkick","Spot Weakness"],"picked":"Anger","floor":18},{"not_picked":["Cleave","Havoc"],"picked":"Clash","floor":19},{"not_picked":["Anger","Pummel"],"picked":"Limit Break","floor":28},{"not_picked":["Havoc","Spot Weakness"],"picked":"Armaments","floor":35},{"not_picked":["Shockwave","Twin Strike"],"picked":"True Grit","floor":37}],"player_experience":275337,"potions_floor_usage":[13,14,33,33,33],"damage_taken":[{"damage":5,"enemies":"Jaw Worm","floor":1,"turns":4},{"damage":5,"enemies":"Cultist","floor":3,"turns":4},{"damage":0,"enemies":"Small Slimes","floor":7,"turns":2},{"damage":15,"enemies":"Looter","floor":12,"turns":3},{"damage":0,"enemies":"Large Slime","floor":13,"turns":4},{"damage":15,"enemies":"Gremlin Gang","floor":14,"turns":5},{"damage":0,"enemies":"Slime Boss","floor":16,"turns":7},{"damage":0,"enemies":"Chosen","floor":18,"turns":4},{"damage":7,"enemies":"2 Thieves","floor":19,"turns":2},{"damage":0,"enemies":"Chosen and Byrds","floor":21,"turns":4},{"damage":1,"enemies":"3 Cultists","floor":24,"turns":3},{"damage":6,"enemies":"Centurion and Healer","floor":27,"turns":3},{"damage":6,"enemies":"Sentry and Sphere","floor":28,"turns":3},{"damage":52,"enemies":"Automaton","floor":33,"turns":8},{"damage":10,"enemies":"3 Shapes","floor":35,"turns":3},{"damage":33,"enemies":"3 Darklings","floor":37,"turns":3},{"damage":64,"enemies":"Maw","floor":38,"turns":6}],"event_choices":[{"event_name":"Living Wall","player_choice":"Change","floor":2,"damage_taken":0},{"event_name":"Scrap Ooze","player_choice":"success","floor":5,"damage_taken":7},{"event_name":"Bonfire Elementals","player_choice":"UNCOMMON","floor":22,"damage_taken":0},{"event_name":"Tomb of Lord Red Mask","player_choice":"Paid","floor":36,"damage_taken":0}],"boss_relics":[{"not_picked":["Black Star","Black Blood"],"picked":"Cursed Key"},{"not_picked":["Pandora\u0027s Box","Eternal Feather"],"picked":"Runic Cube"}],"potions_floor_spawned":[1,13,16,18,28],"seed_played":"-2718703790588960541","killed_by":"Maw","ascension_level":1,"is_trial":false}