{"gold_per_floor":[110,110,126,143,108,137,137,137,137,137,151,151,161,175,175,270,270,282,6,6,25,25,25,41,41,41,67,84,9,19,38,38,137,137,151,151,151,167,16,16,16,16,16,28,28,53,53,63,63,63],"floor_reached":50,"playtime":3584,"items_purged":["Strike_G"],"score":787,"play_id":"d1de86bc-12b8-4133-b9e2-c9308f3f028d","local_time":"20190118132103","is_ascension_mode":true,"campfire_choices":[{"floor":7,"key":"REST"},{"data":"Neutralize","floor":10,"key":"SMITH"},{"floor":15,"key":"REST"},{"data":"Wraith Form v2","floor":23,"key":"SMITH"},{"data":"Crippling Poison","floor":25,"key":"SMITH"},{"floor":32,"key":"REST"},{"data":"Footwork","floor":40,"key":"SMITH"},{"floor":45,"key":"REST"},{"floor":47,"key":"DIG"},{"floor":49,"key":"REST"}],"neow_cost":"NONE","seed_source_timestamp":4042430307182,"circlet_count":0,"master_deck":["AscendersBane","Defend_G","Defend_G","Defend_G+1","Defend_G","Defend_G","Survivor+1","Neutralize+1","Backflip","Dagger Spray","Dagger Spray+1","Crippling Poison+1","Expertise","Wraith Form v2+1","Crippling Poison","Well Laid Plans","Envenom","Doppelganger+1","Noxious Fumes","Skewer","Footwork+1","Backstab","Leg Sweep","Tools of the Trade","Blade Dance+1","Backflip","Blur"],"special_seed":0,"relics":["HoveringKite","Shovel","Ninja Scroll","Snecko Eye","Membership Card","Smiling Mask","Dodecahedron","War Paint","WristBlade","Tingsha","Gremlin Horn","The Courier","Mercury Hourglass"],"potions_floor_usage":[6,6,16,24,33,48,50],"damage_taken":[{"damage":16.0,"enemies":"Jaw Worm","floor":1.0,"turns":6.0},{"damage":3,"enemies":"2 Louse","floor":3,"turns":5},{"damage":0,"enemies":"Cultist","floor":4,"turns":4},{"damage":45,"enemies":"Gremlin Nob","floor":6,"turns":6},{"damage":1,"enemies":"3 Louse","floor":11,"turns":3},{"damage":4,"enemies":"Looter","floor":13,"turns":4},{"damage":6,"enemies":"Blue Slaver","floor":14,"turns":4},{"damage":18,"enemies":"The Guardian","floor":16,"turns":15},{"damage":1,"enemies":"Spheric Guardian","floor":18,"turns":5},{"damage":6,"enemies":"Chosen","floor":21,"turns":5},{"damage":6,"enemies":"Centurion and Healer","floor":24,"turns":6},{"damage":5,"enemies":"Gremlin Leader","floor":27,"turns":6},{"damage":9,"enemies":"Shelled Parasite and Fungi","floor":28,"turns":5},{"damage":8,"enemies":"Cultist and Chosen","floor":30,"turns":6},{"damage":0,"enemies":"Snake Plant","floor":31,"turns":3},{"damage":27,"enemies":"Collector","floor":33,"turns":8},{"damage":3,"enemies":"Orb Walker","floor":35,"turns":4},{"damage":1,"enemies":"3 Shapes","floor":38,"turns":8},{"damage":15,"enemies":"3 Darklings","floor":44,"turns":3},{"damage":34,"enemies":"Giant Head","floor":46,"turns":11},{"damage":8,"enemies":"Spire Growth","floor":48,"turns":5},{"damage":57,"enemies":"Time Eater","floor":50,"turns":3}],"seed_played":"789455144338787783","potions_obtained":[{"floor":3,"key":"EntropicBrew"},{"floor":4,"key":"Ancient Potion"},{"floor":18,"key":"GamblersBrew"},{"floor":21,"key":"Strength Potion"},{"floor":27,"key":"GamblersBrew"},{"floor":35,"key":"Poison Potion"},{"floor":48,"key":"FearPotion"}],"is_trial":false,"path_per_floor":["M","?","M","M","?","E","R","?","T","R","M","?","M","M","R","B",null,"M","$","?","M","?","R","M","R","T","E","M","?","M","M","R","B",null,"M","?","?","M","$","R","?","$","T","M","R","E","R","M","R","B"],"character_chosen":"THE_SILENT","items_purchased":["Membership Card","Well Laid Plans","Tingsha"],"campfire_rested":5,"item_purchase_floors":[19,19,39],"current_hp_per_floor":[47,47,44,44,61,16,37,37,37,37,36,22,18,12,33,15,56,55,55,55,49,49,49,43,43,43,38,29,29,21,21,42,15,56,53,53,53,52,52,52,52,52,52,37,56,22,22,14,33,0],"gold":63,"neow_bonus":"BOSS_RELIC","is_prod":false,"is_daily":false,"chose_seed":false,"campfire_upgraded":4,"win_rate":0,"timestamp":1547814063,"path_taken":["M","?","M","M","?","E","R","?","T","R","?","?","M","M","R","BOSS","M","$","?","M","?","R","M","R","T","E","M","?","M","M","R","BOSS","M","?","?","M","?","R","?","$","T","M","R","E","R","M","R","BOSS"],"build_version":"2019-01-17v2","purchased_purges":1,"victory":false,"max_hp_per_floor":[70,70,70,70,70,70,70,70,70,70,70,70,70,70,70,70,70,70,70,70,70,70,70,70,70,70,70,70,70,70,70,70,70,70,70,70,66,66,66,66,66,66,66,66,66,66,66,66,66,66],"card_choices":[{"not_picked":["Blade Dance","Bane"],"picked":"Backflip","floor":1.0},{"not_picked":["Endless Agony","Outmaneuver"],"picked":"Dagger Spray","floor":3},{"not_picked":["Caltrops","Blade Dance"],"picked":"Dagger Spray","floor":4},{"not_picked":["Blade Dance","Outmaneuver","Flying Knee"],"picked":"SKIP","floor":6},{"not_picked":["Poisoned Stab","Backflip"],"picked":"Crippling Poison","floor":11},{"not_picked":["Infinite Blades","PiercingWail","Bane"],"picked":"SKIP","floor":13},{"not_picked":["Backstab","Dodge and Roll"],"picked":"Expertise","floor":14},{"not_picked":["Malaise","A Thousand Cuts"],"picked":"Wraith Form v2","floor":16},{"not_picked":["PiercingWail","Endless Agony"],"picked":"Crippling Poison","floor":18},{"not_picked":["Deadly Poison","Blade Dance"],"picked":"Noxious Fumes","floor":21},{"not_picked":["Poisoned Stab","Noxious Fumes","Dodge and Roll"],"picked":"SKIP","floor":24},{"not_picked":["Blade Dance","Crippling Poison"],"picked":"Skewer","floor":27},{"not_picked":["Bane","Choke"],"picked":"Footwork","floor":28},{"not_picked":["Setup","Flying Knee"],"picked":"Backstab","floor":30},{"not_picked":["Bane","Blade Dance"],"picked":"Leg Sweep","floor":31},{"not_picked":["Burst","Adrenaline"],"picked":"Tools of the Trade","floor":33},{"not_picked":["Deadly Poison+1","Expertise"],"picked":"Blade Dance+1","floor":35},{"not_picked":["PiercingWail","Sucker Punch","Poisoned Stab"],"picked":"SKIP","floor":38},{"not_picked":["Outmaneuver","Die Die Die","Poisoned Stab"],"picked":"SKIP","floor":44},{"not_picked":["PiercingWail","Masterful Stab"],"picked":"Backflip","floor":46},{"not_picked":["Expertise","Escape Plan"],"picked":"Blur","floor":48}],"player_experience":357076,"relics_obtained":[{"floor":6,"key":"Shovel"},{"floor":9,"key":"Ninja Scroll"},{"floor":26,"key":"Dodecahedron"},{"floor":27,"key":"War Paint"},{"floor":43,"key":"Gremlin Horn"},{"floor":46,"key":"The Courier"},{"floor":47,"key":"Mercury Hourglass"}],"event_choices":[{"damage_healed":0.0,"max_hp_gain":0.0,"max_hp_loss":0.0,"gold_gain":0.0,"event_name":"Golden Wing","player_choice":"Ignored","floor":2.0,"gold_loss":0.0,"damage_taken":0.0},{"damage_healed":17,"gold_gain":0,"player_choice":"Healed","damage_taken":0,"max_hp_gain":0,"max_hp_loss":0,"event_name":"The Cleric","floor":5,"gold_loss":35},{"cards_removed":["Strike_G"],"damage_healed":0,"gold_gain":0,"player_choice":"Offered Basic","damage_taken":0,"max_hp_gain":0,"max_hp_loss":0,"event_name":"Bonfire Elementals","floor":8,"gold_loss":0},{"damage_healed":0,"gold_gain":0,"player_choice":"Entered Light","damage_taken":14,"max_hp_gain":0,"max_hp_loss":0,"event_name":"Shining Light","floor":12,"gold_loss":0,"cards_upgraded":["Survivor","Dagger Spray"]},{"damage_healed":0,"gold_gain":0,"cards_transformed":["Strike_G","Strike_G"],"player_choice":"Became Test Subject","damage_taken":0,"max_hp_gain":0,"max_hp_loss":0,"event_name":"Drug Dealer","floor":20,"gold_loss":0,"cards_obtained":["Envenom","Doppelganger"]},{"damage_healed":0,"gold_gain":0,"player_choice":"Opened","damage_taken":0,"relics_obtained":["Smiling Mask"],"max_hp_gain":0,"max_hp_loss":0,"event_name":"The Mausoleum","floor":22,"gold_loss":0},{"cards_removed":["Strike_G"],"damage_healed":0,"gold_gain":0,"player_choice":"Gave Gold","damage_taken":0,"max_hp_gain":0,"max_hp_loss":0,"event_name":"Beggar","floor":29,"gold_loss":75},{"damage_healed":0,"gold_gain":0,"player_choice":"Ignored","damage_taken":0,"max_hp_gain":0,"max_hp_loss":0,"event_name":"Mysterious Sphere","floor":36,"gold_loss":0},{"damage_healed":0,"gold_gain":0,"player_choice":"Max HP","damage_taken":0,"max_hp_gain":0,"max_hp_loss":4,"event_name":"Winding Halls","floor":37,"gold_loss":0},{"damage_healed":0,"gold_gain":0,"player_choice":"0 cards matched","damage_taken":0,"max_hp_gain":0,"max_hp_loss":0,"event_name":"Match and Keep!","floor":41,"gold_loss":0,"cards_obtained":[]}],"is_beta":false,"boss_relics":[{"not_picked":["Philosopher\u0027s Stone","Tiny House"],"picked":"Snecko Eye"},{"not_picked":["Empty Cage","Calling Bell"],"picked":"WristBlade"}],"items_purged_floors":[19],"is_endless":false,"potions_floor_spawned":[3,4,6,18,21,27,31,35,48],"killed_by":"Time Eater","ascension_level":12}