{"path_per_floor":["M","?","?","?","T","R","?","R","T","M","E","$","M","M","R","B",null,"M","M","?","$","M","R","?","$","T","M","R","M","$","M","R","B",null,"M","?","?","?","$","R","E","$","T","$","R","M","?","M","R"],"character_chosen":"THE_SILENT","items_purchased":["Apotheosis","Toolbox","Blood Vial","Tough Bandages","Purity","Energy Potion","Dexterity Potion"],"gold_per_floor":[144,144,144,204,229,229,229,229,279,324,414,129,174,219,219,519,519,564,609,609,109,154,154,154,29,29,74,74,119,119,164,164,464,464,509,509,509,509,5,5,95,95,120,20,20,65,65,110,110,110],"floor_reached":50,"campfire_rested":9,"playtime":2900,"current_hp_per_floor":[69,62,62,62,62,70,80,80,80,58,45,45,45,45,69,63,80,72,60,60,60,50,80,80,80,80,80,80,52,52,57,80,38,94,64,64,52,52,52,94,84,84,84,84,94,93,93,94,94,0],"items_purged":["Reflex","Regret","Decay","Pain"],"gold":110,"score":566,"play_id":"1a2afea9-3039-485a-9473-ba0290007ca1","local_time":"20180329031632","daily_mods":["Diverse","Midas","Insanity"],"is_prod":false,"is_daily":true,"is_ascension_mode":false,"campfire_upgraded":0,"timestamp":1522302392,"path_taken":["M","?","?","?","?","R","?","R","T","M","E","$","M","M","R","BOSS","M","?","?","?","M","R","?","$","T","?","R","M","$","M","R","BOSS","M","?","?","?","$","R","E","$","T","$","R","M","?","M","R","BOSS"],"build_version":"2018-03-22v2","purchased_purges":4,"victory":false,"master_deck":["Adrenaline","Accuracy","Eviscerate","Calculated Gamble","Masterful Stab","Crippling Poison","Catalyst","Doppelganger","Terror","Tactician","Doppelganger","Blade Dance","After Image","Catalyst","Deflect","Well Laid Plans","Burst","Venomology","Tools of the Trade","Envenom","After Image","Bane","Sucker Punch","Phantasmal Killer","Predator","Catalyst","A Thousand Cuts","Quick Slash","Escape Plan","Infinite Blades","Outmaneuver","After Image","Dodge and Roll","Backflip+1","Night Terror","Outmaneuver","Flying Knee","Dagger Spray","Survivor","Heel Hook","Expertise","Crippling Poison","Adrenaline+1","Phantasmal Killer","Survivor","Dagger Throw","Dagger Throw","Uppercut","Pummel","Apotheosis","PiercingWail","Backstab","Corpse Explosion","Noxious Fumes+1","Acrobatics+1","Writhe","Decay","Concentrate+1","Madness","Madness","Purity","Blur+1","Outmaneuver+1","Glass Knife"],"max_hp_per_floor":[70,70,70,70,70,70,80,80,80,80,80,80,80,80,80,80,80,80,80,80,80,80,80,80,80,80,80,80,80,80,80,80,80,94,94,94,94,94,94,94,94,94,94,94,94,94,94,94,94,94],"relics":["Ring of the Snake","Dodecahedron","Oddly Smooth Stone","War Paint","Bag of Marbles","Bronze Scales","Eternal Feather","Toolbox","Blood Vial","Dead Branch","Calling Bell","Vajra","Mango","Dream Catcher","Tough Bandages","Kunai","Juzu Bracelet"],"card_choices":[{"not_picked":["Bane","Skewer"],"picked":"PiercingWail","floor":13},{"not_picked":["Infinite Blades","Blade Dance"],"picked":"Backstab","floor":14},{"not_picked":["Glass Knife","Venomology"],"picked":"Corpse Explosion","floor":16},{"not_picked":["Accuracy","Caltrops"],"picked":"Noxious Fumes","floor":18},{"not_picked":["Outmaneuver","Expertise"],"picked":"Acrobatics","floor":22},{"not_picked":["Accuracy","Flying Knee"],"picked":"Concentrate","floor":35},{"not_picked":["Setup","Malaise"],"picked":"Blur","floor":41},{"not_picked":["Well Laid Plans","Bane"],"picked":"Outmaneuver","floor":45},{"not_picked":["Terror","Concentrate"],"picked":"Glass Knife","floor":49}],"player_experience":259468,"potions_floor_usage":[11,19,19,22,31,31,33,33,33,35,41,41,41,50,50,50],"damage_taken":[{"damage":1,"enemies":"Cultist","floor":1,"turns":3},{"damage":22,"enemies":"2 Louse","floor":10,"turns":4},{"damage":13,"enemies":"3 Sentries","floor":11,"turns":6},{"damage":0,"enemies":"Small Slimes","floor":13,"turns":1},{"damage":0,"enemies":"Exordium Wildlife","floor":14,"turns":2},{"damage":6,"enemies":"The Guardian","floor":16,"turns":10},{"damage":8,"enemies":"Shell Parasite","floor":18,"turns":5},{"damage":21,"enemies":"Chosen","floor":19,"turns":4},{"damage":12,"enemies":"Centurion and Healer","floor":22,"turns":6},{"damage":0,"enemies":"Snecko","floor":27,"turns":2},{"damage":28,"enemies":"Snake Plant","floor":29,"turns":5},{"damage":0,"enemies":"3 Cultists","floor":31,"turns":3},{"damage":42,"enemies":"Collector","floor":33,"turns":8},{"damage":30,"enemies":"3 Darklings","floor":35,"turns":4},{"damage":10,"enemies":"Nemesis","floor":41,"turns":3},{"damage":1,"enemies":"Orb Walker","floor":46,"turns":2},{"damage":0,"enemies":"Maw","floor":48,"turns":6},{"damage":118,"enemies":"Time Eater","floor":50,"turns":8}],"event_choices":[{"event_name":"Scrap Ooze","player_choice":"success","floor":2,"damage_taken":7},{"event_name":"Big Fish","player_choice":"Box","floor":3,"damage_taken":0},{"event_name":"Golden Wing","player_choice":"Gained Gold","floor":4,"damage_taken":0},{"event_name":"Bonfire Elementals","player_choice":"RARE","floor":7,"damage_taken":0},{"event_name":"Vampires","player_choice":"Ignored","floor":20,"damage_taken":0},{"event_name":"Wheel of Change","player_choice":"Curse","floor":24,"damage_taken":0},{"event_name":"Tomb of Lord Red Mask","player_choice":"Ignored","floor":36,"damage_taken":0},{"event_name":"Winding Halls","player_choice":"Embrace Madness","floor":37,"damage_taken":0},{"event_name":"Mysterious Sphere","player_choice":"Ignore","floor":38,"damage_taken":0}],"boss_relics":[{"not_picked":["Black Star","Question Card"],"picked":"Eternal Feather"},{"not_picked":["Tiny House","Velvet Choker"],"picked":"Calling Bell"}],"potions_floor_spawned":[10,11,22,29,31,33,35,41,48],"seed_played":"-5446097650958542841","killed_by":"Time Eater","ascension_level":0,"is_trial":false}