{"gold_per_floor":[116,132,132,142,142,167,167,185,212,212,37,62,79,94,94,195,195,167,167,40,40,53,53,88,88,88,106,106,131,131,156,156,251,251,267,30,44,55,71,98,98,110,135,135],"floor_reached":44,"playtime":7888,"items_purged":["Parasite","Defend_G"],"score":533,"play_id":"5eae9197-4a3e-4b44-914c-2493ab6e89b8","local_time":"20190111193615","is_ascension_mode":false,"campfire_choices":[{"data":"Footwork","floor":10.0,"key":"SMITH"},{"data":"Footwork","floor":15.0,"key":"SMITH"},{"floor":23.0,"key":"REST"},{"floor":25.0,"key":"REST"},{"floor":28.0,"key":"REST"},{"floor":30.0,"key":"REST"},{"floor":32.0,"key":"REST"}],"neow_cost":"NONE","seed_source_timestamp":0,"circlet_count":0,"master_deck":["Defend_G","Defend_G","Defend_G","Defend_G+1","Strike_G","Strike_G","Survivor+1","Neutralize","Malaise+1","Deadly Poison+1","Poisoned Stab","Sucker Punch","Distraction","Footwork+1","Footwork+1","Expertise","Prepared","Blade Dance","Bullet Time","Infinite Blades","Terror","Reflex","Prepared","Well Laid Plans","Flying Knee","Acrobatics","Backflip+1","Backflip","Bouncing Flask","Adrenaline","Acrobatics+1","Tools of the Trade","Escape Plan+1","Flying Knee","Prepared","Dramatic Entrance","Backflip+1"],"special_seed":0,"relics":["Ring of the Serpent","War Paint","Blood Vial","Regal Pillow","Sozu","Bag of Marbles","Paper Crane","Omamori","Vajra","Anchor"],"potions_floor_usage":[],"damage_taken":[{"damage":0.0,"enemies":"2 Louse","floor":1.0,"turns":4.0},{"damage":0.0,"enemies":"Small Slimes","floor":2.0,"turns":4.0},{"damage":0.0,"enemies":"Cultist","floor":4.0,"turns":4.0},{"damage":11.0,"enemies":"Lagavulin","floor":6.0,"turns":8.0},{"damage":6.0,"enemies":"Exordium Thugs","floor":8.0,"turns":6.0},{"damage":10.0,"enemies":"3 Sentries","floor":12.0,"turns":11.0},{"damage":0.0,"enemies":"3 Louse","floor":13.0,"turns":5.0},{"damage":4.0,"enemies":"Large Slime","floor":14.0,"turns":6.0},{"damage":13.0,"enemies":"The Guardian","floor":16.0,"turns":11.0},{"damage":20.0,"enemies":"2 Thieves","floor":18.0,"turns":5.0},{"damage":0.0,"enemies":"Spheric Guardian","floor":22.0,"turns":6.0},{"damage":43.0,"enemies":"Gremlin Leader","floor":24.0,"turns":10.0},{"damage":45.0,"enemies":"Cultist and Chosen","floor":27.0,"turns":12.0},{"damage":8.0,"enemies":"Book of Stabbing","floor":29.0,"turns":8.0},{"damage":27.0,"enemies":"Gremlin Leader","floor":31.0,"turns":11.0},{"damage":3.0,"enemies":"Champ","floor":33.0,"turns":12.0},{"damage":17.0,"enemies":"Orb Walker","floor":35.0,"turns":5.0},{"damage":11.0,"enemies":"3 Shapes","floor":37.0,"turns":6.0},{"damage":0.0,"enemies":"Spire Growth","floor":38.0,"turns":6.0},{"damage":0.0,"enemies":"Maw","floor":39.0,"turns":7.0},{"damage":8,"enemies":"Nemesis","floor":40,"turns":9},{"damage":13,"enemies":"Transient","floor":42,"turns":5},{"damage":44,"enemies":"Reptomancer","floor":44,"turns":8}],"seed_played":"-1094719748049707557","potions_obtained":[{"floor":2.0,"key":"FearPotion"},{"floor":6.0,"key":"Block Potion"},{"floor":12.0,"key":"LiquidBronze"},{"floor":13.0,"key":"Ancient Potion"},{"floor":14.0,"key":"EssenceOfSteel"}],"is_trial":false,"path_per_floor":["M","M","?","M","?","E","?","M","T","R","$","E","M","M","R","B",null,"M","?","$","?","M","R","E","R","T","M","R","E","R","E","R","B",null,"M","$","M","M","M","E","?","M","T","E"],"character_chosen":"THE_SILENT","items_purchased":["Footwork","Underhanded Strike","Prepared","Well Laid Plans","Tools of the Trade"],"campfire_rested":5,"item_purchase_floors":[11,11,20,20,36],"current_hp_per_floor":[70,70,56,56,56,45,62,56,56,56,56,48,50,48,48,37,67,47,47,47,47,49,67,24,59,59,16,51,45,67,40,67,64,67,50,50,41,43,45,39,39,28,28,0],"gold":135,"neow_bonus":"ONE_RANDOM_RARE_CARD","is_prod":false,"is_daily":false,"chose_seed":false,"campfire_upgraded":2,"win_rate":0,"timestamp":1547235375,"path_taken":["M","M","?","M","?","E","?","M","T","R","$","E","M","M","R","BOSS","M","?","$","?","M","R","E","R","T","M","R","E","R","E","R","BOSS","M","$","M","?","M","E","?","M","T","E"],"build_version":"2019-01-10","purchased_purges":2,"victory":false,"max_hp_per_floor":[70,70,70,70,70,70,70,70,70,70,67,67,67,67,67,67,67,67,67,67,67,67,67,67,67,67,67,67,67,67,67,67,67,67,67,67,67,67,67,67,67,67,67,67],"card_choices":[{"not_picked":["Dagger Spray","Blade Dance"],"picked":"Deadly Poison","floor":1.0},{"not_picked":["Distraction","Outmaneuver"],"picked":"Poisoned Stab","floor":2.0},{"not_picked":["Finisher","PiercingWail"],"picked":"Sucker Punch","floor":4.0},{"not_picked":["Dagger Spray","Slice"],"picked":"Distraction","floor":6.0},{"not_picked":["Skewer","Slice"],"picked":"Footwork","floor":8.0},{"not_picked":["Bane","Burst"],"picked":"Expertise","floor":12.0},{"not_picked":["Dagger Spray","Calculated Gamble"],"picked":"Prepared","floor":13.0},{"not_picked":["Finisher","Outmaneuver"],"picked":"Blade Dance","floor":14.0},{"not_picked":["Night Terror","Doppelganger"],"picked":"Bullet Time","floor":16.0},{"not_picked":["Flying Knee","Masterful Stab"],"picked":"Infinite Blades","floor":18.0},{"not_picked":["Bane","Reflex"],"picked":"Flying Knee","floor":22.0},{"not_picked":["Finisher","Dagger Throw"],"picked":"Acrobatics","floor":24.0},{"not_picked":["Distraction","Terror"],"picked":"Backflip+1","floor":27.0},{"not_picked":["Predator","Flying Knee"],"picked":"Backflip","floor":29.0},{"not_picked":["Blade Dance","Sucker Punch"],"picked":"Bouncing Flask","floor":31.0},{"not_picked":["Doppelganger","Glass Knife"],"picked":"Adrenaline","floor":33.0},{"not_picked":["Slice","Bouncing Flask+1"],"picked":"Acrobatics+1","floor":35.0},{"not_picked":["Quick Slash+1","Dagger Spray+1"],"picked":"Escape Plan+1","floor":37.0},{"not_picked":["Wraith Form v2","Predator","Dodge and Roll"],"picked":"SKIP","floor":38.0},{"not_picked":["Dagger Throw+1","Caltrops+1"],"picked":"Flying Knee","floor":39.0},{"not_picked":["Leg Sweep+1","Acrobatics"],"picked":"Prepared","floor":40},{"not_picked":["Trip","HandOfGreed"],"picked":"Dramatic Entrance","floor":41},{"not_picked":["Dagger Spray+1","Slice+1"],"picked":"Backflip+1","floor":42}],"player_experience":52057,"relics_obtained":[{"floor":6.0,"key":"War Paint"},{"floor":9.0,"key":"Blood Vial"},{"floor":12.0,"key":"Regal Pillow"},{"floor":24.0,"key":"Bag of Marbles"},{"floor":29.0,"key":"Paper Crane"},{"floor":31.0,"key":"Omamori"},{"floor":40,"key":"Vajra"},{"floor":43,"key":"Anchor"}],"event_choices":[{"damage_healed":0.0,"max_hp_gain":0.0,"max_hp_loss":0.0,"gold_gain":0.0,"event_name":"Shining Light","player_choice":"Entered Light","floor":3.0,"gold_loss":0.0,"damage_taken":14.0,"cards_upgraded":["Deadly Poison","Survivor"]},{"cards_removed":["Strike_G"],"damage_healed":0.0,"max_hp_gain":0.0,"max_hp_loss":0.0,"gold_gain":0.0,"event_name":"Living Wall","player_choice":"Forget","floor":5.0,"gold_loss":0.0,"damage_taken":0.0},{"damage_healed":17.0,"max_hp_gain":0.0,"max_hp_loss":0.0,"gold_gain":0.0,"event_name":"Mushrooms","player_choice":"Healed and dodged fight","floor":7.0,"gold_loss":0.0,"damage_taken":0.0,"cards_obtained":["Parasite"]},{"damage_healed":0.0,"max_hp_gain":0.0,"max_hp_loss":0.0,"gold_gain":0.0,"cards_transformed":["Underhanded Strike","Strike_G"],"event_name":"Drug Dealer","player_choice":"Became Test Subject","floor":19.0,"gold_loss":0.0,"damage_taken":0.0,"cards_obtained":["Terror","Reflex"]},{"cards_removed":["Strike_G"],"damage_healed":0.0,"max_hp_gain":0.0,"max_hp_loss":0.0,"gold_gain":0.0,"event_name":"Purifier","player_choice":"Purged","floor":21.0,"gold_loss":0.0,"damage_taken":0.0},{"damage_healed":0,"gold_gain":0,"player_choice":"Memory 1","damage_taken":0,"max_hp_gain":0,"max_hp_loss":0,"event_name":"SensoryStone","floor":41,"gold_loss":0}],"is_beta":false,"boss_relics":[{"not_picked":["Eternal Feather","Coffee Dripper"],"picked":"Sozu"},{"not_picked":["Velvet Choker","Black Star"],"picked":"Ring of the Serpent"}],"items_purged_floors":[11,36],"is_endless":false,"potions_floor_spawned":[2,6,12,13,14,27,29,31,33,38,39,40,42],"killed_by":"Reptomancer","ascension_level":0}