{"path_per_floor":["M","$","?","M","$","E","R","M","T","R","$","?","M","?","R","B",null,"M","$","?","?","M","E","R","M","T","?","M","M","M","M","R","B",null,"M","?","M","M","$"],"character_chosen":"THE_SILENT","items_purchased":["Backstab","Dagger Spray","Whetstone","Art of War"],"gold_per_floor":[113,43,43,58,8,42,42,52,52,52,52,227,245,245,245,346,346,366,142,142,57,68,95,95,106,106,6,22,36,55,71,71,171,171,188,188,198,209,65,65],"floor_reached":40,"campfire_rested":4,"playtime":4874,"current_hp_per_floor":[70,70,80,79,79,12,36,36,36,60,60,60,60,60,60,48,80,71,71,71,71,72,53,78,76,76,76,64,58,31,18,44,24,90,87,87,69,30,30,0],"items_purged":["Regret"],"gold":65,"score":506,"play_id":"9a754a52-333a-4ce2-b753-b1291f206878","local_time":"20180404042628","is_prod":false,"is_daily":false,"is_ascension_mode":true,"campfire_upgraded":1,"timestamp":1522824988,"path_taken":["M","$","?","M","?","E","R","M","T","R","$","?","M","?","R","BOSS","M","$","?","?","M","E","R","?","T","?","M","M","M","?","R","BOSS","M","?","M","M","$","E"],"build_version":"2018-03-29v2","purchased_purges":3,"victory":false,"master_deck":["Defend_G","Defend_G+1","Defend_G","Defend_G","Defend_G+1","Strike_G+1","Strike_G","Strike_G","Strike_G+1","Strike_G","Survivor","Neutralize","Backstab","Backstab","Backflip","Dagger Spray","Cloak And Dagger","Noxious Fumes+1","Adrenaline","Escape Plan+1","Backstab","J.A.X.","PiercingWail","Noxious Fumes","Noxious Fumes+1","Caltrops"],"max_hp_per_floor":[70,70,80,80,80,80,80,80,80,80,80,80,80,80,80,80,80,80,80,80,80,82,84,84,84,84,84,84,86,88,88,88,90,90,90,90,92,94,94,94],"relics":["Ring of the Snake","Pear","War Paint","Thread and Needle","Lizard Tail","Whetstone","Singing Bowl","Bottled Lightning","Calipers","Eternal Feather","Art of War"],"card_choices":[{"not_picked":["Outmaneuver","Quick Slash"],"picked":"Backstab","floor":1},{"not_picked":["Sucker Punch","Flechettes"],"picked":"Backflip","floor":4},{"not_picked":["Bane","Deflect"],"picked":"Cloak And Dagger","floor":8},{"not_picked":["A Thousand Cuts","Infinite Blades"],"picked":"Noxious Fumes","floor":13},{"not_picked":["Burst","Venomology"],"picked":"Adrenaline","floor":16},{"not_picked":["Slice","Accuracy"],"picked":"Escape Plan","floor":18},{"not_picked":["Caltrops","Prepared"],"picked":"Poisoned Stab","floor":25},{"not_picked":["Poisoned Stab","Footwork"],"picked":"PiercingWail","floor":28},{"not_picked":["Burst","Blade Dance"],"picked":"Noxious Fumes","floor":31},{"not_picked":["Quick Slash","Deadly Poison"],"picked":"Noxious Fumes","floor":35}],"player_experience":305961,"potions_floor_usage":[6,23,23,28,29,31,33,38],"damage_taken":[{"damage":0,"enemies":"Cultist","floor":1,"turns":3},{"damage":1,"enemies":"Jaw Worm","floor":4,"turns":2},{"damage":67,"enemies":"Lagavulin","floor":6,"turns":12},{"damage":0,"enemies":"2 Louse","floor":8,"turns":2},{"damage":0,"enemies":"2 Fungi Beasts","floor":13,"turns":3},{"damage":12,"enemies":"The Guardian","floor":16,"turns":13},{"damage":9,"enemies":"Chosen","floor":18,"turns":6},{"damage":1,"enemies":"Shell Parasite","floor":22,"turns":6},{"damage":21,"enemies":"Book of Stabbing","floor":23,"turns":8},{"damage":2,"enemies":"Centurion and Healer","floor":25,"turns":8},{"damage":12,"enemies":"Snake Plant","floor":28,"turns":6},{"damage":8,"enemies":"3 Cultists","floor":29,"turns":6},{"damage":29,"enemies":"Chosen and Byrds","floor":30,"turns":7},{"damage":13,"enemies":"Slaver and Parasite","floor":31,"turns":8},{"damage":71,"enemies":"Collector","floor":33,"turns":11},{"damage":3,"enemies":"3 Darklings","floor":35,"turns":5},{"damage":20,"enemies":"Orb Walker","floor":37,"turns":5},{"damage":41,"enemies":"3 Darklings","floor":38,"turns":5},{"damage":46,"enemies":"2 Orb Walkers","floor":40,"turns":4}],"event_choices":[{"event_name":"Big Fish","player_choice":"Box","floor":3,"damage_taken":0},{"event_name":"Liars Game","player_choice":"agreed","floor":12,"damage_taken":0},{"event_name":"Living Wall","player_choice":"Forget","floor":14,"damage_taken":0},{"event_name":"The Library","player_choice":"Read","floor":20,"damage_taken":0},{"event_name":"Addict","player_choice":"Obtained Relic","floor":21,"damage_taken":0},{"event_name":"Drug Dealer","player_choice":"Got JAXXED","floor":27,"damage_taken":0},{"event_name":"Transmorgrifier","player_choice":"Transform","floor":36,"damage_taken":0}],"boss_relics":[{"not_picked":["Pandora\u0027s Box","Astrolabe"],"picked":"Lizard Tail"},{"not_picked":["White Beast Statue","Velvet Choker"],"picked":"Eternal Feather"}],"potions_floor_spawned":[4,6,8,18,23,28,31,37],"seed_played":"6669776452151113874","killed_by":"2 Orb Walkers","ascension_level":1,"is_trial":false}