{"path_per_floor":["M","?","M","?","?","R","E","?","T","M","R","M","R","M","R","B",null,"M","$","?","?","M","R","$","R","T","?","M","R","M","M","R","B",null,"M","$","M"],"character_chosen":"THE_SILENT","items_purchased":["Apotheosis","Kunai","Leg Sweep","Distraction"],"gold_per_floor":[117,87,98,98,98,98,128,79,79,90,90,110,110,127,127,226,226,242,41,41,291,308,308,50,50,50,50,70,70,85,96,96,192,192,208,106,123,123],"floor_reached":38,"campfire_rested":6,"playtime":2341,"current_hp_per_floor":[70,70,70,56,38,59,3,3,3,3,24,24,45,45,66,62,70,69,69,69,69,69,69,69,69,69,69,69,70,67,60,70,39,70,51,51,42,0],"items_purged":[],"gold":123,"score":393,"play_id":"6431c406-c151-494e-ac29-89ac39b6ef93","local_time":"20180417042549","is_prod":false,"is_daily":false,"chose_seed":false,"is_ascension_mode":true,"campfire_upgraded":2,"timestamp":1523948149,"path_taken":["M","?","M","?","?","R","E","?","T","M","R","M","R","M","R","BOSS","M","$","?","?","M","R","$","R","T","?","M","R","?","M","R","BOSS","M","$","M","M"],"build_version":"2018-04-12","seed_source_timestamp":445592233618053,"purchased_purges":1,"victory":false,"master_deck":["Survivor","Neutralize","PiercingWail","Terror","Caltrops+1","Crippling Poison","PiercingWail","Slice+1","Sucker Punch","Quick Slash","PiercingWail+1","Leg Sweep","Cloak And Dagger","Backflip","Cloak And Dagger","Dagger Throw","Venomology","Expertise","Poisoned Stab","Tools of the Trade","Flying Knee","Predator","Backflip","Backflip","Apotheosis+1","Dash","Regret","Dagger Spray","A Thousand Cuts","Escape Plan+1","Leg Sweep","Distraction","Footwork"],"max_hp_per_floor":[70,70,70,70,70,70,70,70,70,70,70,70,70,70,70,70,70,70,70,70,70,70,70,70,70,70,70,70,70,70,70,70,70,70,70,70,70,70],"relics":["Pandora\u0027s Box","Pen Nib","Bronze Scales","Dream Catcher","Orrery","Kunai","Ginger","Black Star"],"card_choices":[{"not_picked":["Choke","PiercingWail"],"picked":"Cloak And Dagger","floor":1},{"not_picked":["Cloak And Dagger","Bane"],"picked":"Backflip","floor":3},{"not_picked":["Bane","Footwork"],"picked":"Cloak And Dagger","floor":7},{"not_picked":["Outmaneuver","Finisher"],"picked":"Dagger Throw","floor":12},{"not_picked":["Flechettes","Prepared"],"picked":"Venomology","floor":13},{"not_picked":["Eviscerate","Cloak And Dagger"],"picked":"Expertise","floor":14},{"not_picked":["Slice","Flechettes"],"picked":"Poisoned Stab","floor":15},{"not_picked":["Doppelganger","A Thousand Cuts"],"picked":"Tools of the Trade","floor":16},{"not_picked":["Sucker Punch","PiercingWail"],"picked":"Flying Knee","floor":17},{"not_picked":["All Out Attack","Noxious Fumes"],"picked":"Predator","floor":17},{"not_picked":["Underhanded Strike","Predator"],"picked":"Backflip","floor":17},{"not_picked":["Heel Hook","Bouncing Flask"],"picked":"Backflip","floor":17},{"not_picked":["Terror","Night Terror"],"picked":"Dagger Spray","floor":29},{"not_picked":["Die Die Die","Doppelganger"],"picked":"A Thousand Cuts","floor":33},{"not_picked":["Quick Slash","Finisher"],"picked":"Escape Plan","floor":35},{"not_picked":["Reflex","Slice"],"picked":"Footwork","floor":37}],"player_experience":344462,"potions_floor_usage":[3,7,7,14,16,16,28,31,31,33,33,33,35,35,37,38],"damage_taken":[{"damage":0,"enemies":"Cultist","floor":1,"turns":3},{"damage":0,"enemies":"Jaw Worm","floor":3,"turns":4},{"damage":56,"enemies":"Gremlin Nob","floor":7,"turns":7},{"damage":0,"enemies":"Small Slimes","floor":10,"turns":4},{"damage":0,"enemies":"Looter","floor":12,"turns":3},{"damage":0,"enemies":"Blue Slaver","floor":14,"turns":3},{"damage":4,"enemies":"Hexaghost","floor":16,"turns":8},{"damage":1,"enemies":"3 Byrds","floor":18,"turns":3},{"damage":0,"enemies":"Shell Parasite","floor":22,"turns":5},{"damage":0,"enemies":"Chosen and Byrds","floor":28,"turns":5},{"damage":3,"enemies":"3 Cultists","floor":30,"turns":5},{"damage":10,"enemies":"Slaver and Parasite","floor":31,"turns":6},{"damage":61,"enemies":"Automaton","floor":33,"turns":14},{"damage":19,"enemies":"3 Shapes","floor":35,"turns":6},{"damage":24,"enemies":"Orb Walker","floor":37,"turns":7},{"damage":64,"enemies":"4 Shapes","floor":38,"turns":3}],"event_choices":[{"event_name":"The Woman in Blue","player_choice":"Bought 2 Potions","floor":2,"damage_taken":0},{"event_name":"Shining Light","player_choice":"Entered Light","floor":4,"damage_taken":0},{"event_name":"Scrap Ooze","player_choice":"success","floor":5,"damage_taken":18},{"event_name":"World of Goop","player_choice":"Left","floor":8,"damage_taken":0},{"event_name":"The Library","player_choice":"Read","floor":20,"damage_taken":0},{"event_name":"Golden Shrine","player_choice":"Desecrate","floor":21,"damage_taken":0},{"event_name":"Addict","player_choice":"Ignored","floor":27,"damage_taken":0}],"boss_relics":[{"not_picked":["Calling Bell","Ectoplasm"],"picked":"Orrery"},{"not_picked":["White Beast Statue","Philosopher\u0027s Stone"],"picked":"Black Star"}],"potions_floor_spawned":[1,10,12,14,28,33,35],"seed_played":"-8998015339849845906","killed_by":"4 Shapes","ascension_level":1,"is_trial":false}