{"gold_per_floor":[113,128,142,142,67,67,101,121,121,121,121],"floor_reached":11,"playtime":368,"items_purged":[],"score":146,"play_id":"65b5f679-ecd1-4c90-85d4-cac19cd90482","local_time":"20190202180356","is_ascension_mode":true,"campfire_choices":[{"data":"Sweeping Beam","floor":6.0,"key":"SMITH"},{"data":"Creative AI","floor":10,"key":"SMITH"}],"neow_cost":"PERCENT_DAMAGE","seed_source_timestamp":19149836037431,"circlet_count":0,"master_deck":["AscendersBane","Strike_B","Strike_B","Strike_B","Strike_B","Defend_B","Defend_B","Defend_B","Defend_B","Dualcast","Cold Snap","Sweeping Beam+1","Ball Lightning","Creative AI+1","Storm"],"special_seed":0,"relics":["Cracked Core","StoneCalendar","Golden Idol","FossilizedHelix","Sundial"],"potions_floor_usage":[7,11],"damage_taken":[{"damage":1.0,"enemies":"Cultist","floor":1.0,"turns":3.0},{"damage":6.0,"enemies":"2 Louse","floor":2.0,"turns":3.0},{"damage":12.0,"enemies":"Jaw Worm","floor":3.0,"turns":4.0},{"damage":7,"enemies":"3 Sentries","floor":7,"turns":6},{"damage":8,"enemies":"Blue Slaver","floor":8,"turns":3},{"damage":49,"enemies":"Gremlin Nob","floor":11,"turns":4}],"seed_played":"-8715825865095663607","potions_obtained":[{"floor":3.0,"key":"Fire Potion"},{"floor":8,"key":"Regen Potion"}],"is_trial":false,"path_per_floor":["M","M","M","?","?","R","E","M","T","R","E"],"character_chosen":"DEFECT","items_purchased":[],"campfire_rested":0,"item_purchase_floors":[],"current_hp_per_floor":[45,39,27,27,27,27,20,12,12,12,0],"gold":121,"neow_bonus":"ONE_RARE_RELIC","is_prod":false,"is_daily":false,"chose_seed":false,"campfire_upgraded":2,"win_rate":0,"timestamp":1549127036,"path_taken":["M","?","M","?","?","R","E","M","T","R","E"],"build_version":"2019-01-23","purchased_purges":0,"victory":false,"max_hp_per_floor":[71,71,71,64,64,64,64,64,64,64,64],"card_choices":[{"not_picked":["Sweeping Beam","Capacitor"],"picked":"Cold Snap","floor":1.0},{"not_picked":["Coolheaded","Rebound"],"picked":"Sweeping Beam","floor":2.0},{"not_picked":["Auto Shields","Rip and Tear"],"picked":"Ball Lightning","floor":3.0},{"not_picked":["Double Energy","Ball Lightning"],"picked":"Creative AI","floor":7},{"not_picked":["Beam Cell","Turbo"],"picked":"Storm","floor":8}],"player_experience":945571,"relics_obtained":[{"floor":7,"key":"FossilizedHelix"},{"floor":9,"key":"Sundial"}],"event_choices":[{"damage_healed":0.0,"max_hp_gain":0.0,"max_hp_loss":7.0,"gold_gain":0.0,"event_name":"Golden Idol","player_choice":"Lose Max HP","floor":4.0,"gold_loss":0.0,"damage_taken":0.0,"relics_obtained":["Golden Idol"]},{"cards_removed":["Zap"],"damage_healed":0.0,"max_hp_gain":0.0,"max_hp_loss":0.0,"gold_gain":0.0,"event_name":"The Cleric","player_choice":"Card Removal","floor":5.0,"gold_loss":75.0,"damage_taken":0.0}],"is_beta":true,"boss_relics":[],"items_purged_floors":[],"is_endless":false,"potions_floor_spawned":[3,8],"killed_by":"Gremlin Nob","ascension_level":20}