{"gold_per_floor":[118,129,44,119,133,133,55,83,130,130,176,71,21,36,36,138,138,157,169,186,38,38,38,38,58,104,104,121,121,141,151,151,256,256,272,372,391,82,92,92,103,103,103,3,3,3,15,40,40,40],"floor_reached":50,"playtime":5216,"items_purged":["Strike_B","Strike_B"],"score":432,"play_id":"e563d9d2-ed56-4893-8ad2-e36c78a49673","local_time":"20190224003642","is_ascension_mode":false,"campfire_choices":[{"floor":6,"key":"REST"},{"data":"Hello World","floor":10,"key":"SMITH"},{"data":"Defragment","floor":15,"key":"SMITH"},{"floor":23,"key":"REST"},{"floor":27,"key":"REST"},{"data":"Creative AI","floor":29,"key":"SMITH"},{"floor":32,"key":"REST"},{"floor":40,"key":"REST"},{"data":"White Noise","floor":42,"key":"SMITH"},{"floor":46,"key":"REST"},{"data":"Buffer","floor":49,"key":"SMITH"}],"neow_cost":"NONE","seed_source_timestamp":43770273734187,"circlet_count":0,"master_deck":["Strike_B","Defend_B","Defend_B","Defend_B","Zap","Dualcast+1","Sunder","Loop","Chill+1","Flash of Steel","Leap","Hello World+1","Defragment+1","Go for the Eyes","BootSequence","Gash","Creative AI+1","BootSequence","Sweeping Beam","Redo+1","Blizzard","Conserve Battery","Capacitor","Genetic Algorithm","Buffer+1","Streamline+1","White Noise+1","Go for the Eyes+1","Flash of Steel","Fusion+1","Madness","Madness"],"relics":["Cracked Core","Odd Mushroom","Strawberry","Juzu Bracelet","Philosopher\u0027s Stone","Happy Flower","Regal Pillow","White Beast Statue","Pocketwatch","War Paint","Potion Belt","Dream Catcher"],"potions_floor_usage":[16,28,33,36,36,50,50],"damage_taken":[{"damage":0,"enemies":"Cultist","floor":1,"turns":3},{"damage":0,"enemies":"2 Louse","floor":2,"turns":2},{"damage":1,"enemies":"Small Slimes","floor":5,"turns":3},{"damage":3,"enemies":"The Mushroom Lair","floor":8,"turns":5},{"damage":0,"enemies":"Looter","floor":14,"turns":3},{"damage":22,"enemies":"Hexaghost","floor":16,"turns":9},{"damage":0,"enemies":"3 Byrds","floor":18,"turns":6},{"damage":10,"enemies":"2 Thieves","floor":19,"turns":5},{"damage":40,"enemies":"Sentry and Sphere","floor":20,"turns":6},{"damage":12,"enemies":"Snake Plant","floor":25,"turns":5},{"damage":10,"enemies":"Snecko","floor":28,"turns":7},{"damage":2,"enemies":"Centurion and Healer","floor":30,"turns":8},{"damage":28,"enemies":"3 Cultists","floor":31,"turns":6},{"damage":10,"enemies":"Champ","floor":33,"turns":12},{"damage":2,"enemies":"3 Darklings","floor":35,"turns":8},{"damage":0,"enemies":"Mind Bloom Boss Battle","floor":36,"turns":9},{"damage":32,"enemies":"3 Shapes","floor":37,"turns":5},{"damage":14,"enemies":"Transient","floor":39,"turns":5},{"damage":4,"enemies":"Maw","floor":41,"turns":9},{"damage":2,"enemies":"4 Shapes","floor":47,"turns":6},{"damage":109,"enemies":"Awakened One","floor":50,"turns":7}],"seed_played":"5917414620670510913","potions_obtained":[{"floor":2,"key":"Energy Potion"},{"floor":5,"key":"Swift Potion"},{"floor":18,"key":"Block Potion"},{"floor":19,"key":"Energy Potion"},{"floor":24,"key":"FairyPotion"},{"floor":31,"key":"Dexterity Potion"},{"floor":35,"key":"SkillPotion"},{"floor":36,"key":"Dexterity Potion"},{"floor":37,"key":"Regen Potion"}],"is_trial":false,"path_per_floor":["M","M","$","?","M","R","$","?","T","R","T","$","?","M","R","B",null,"M","M","M","$","?","R","?","M","T","R","M","R","M","M","R","B",null,"M","?","M","$","M","R","M","R","T","$","?","R","M","T","R","B"],"character_chosen":"DEFECT","items_purchased":["Flash of Steel","Hello World","Go for the Eyes","BootSequence","Happy Flower","War Paint","Flash of Steel"],"campfire_rested":6,"item_purchase_floors":[3,7,12,12,21,38,38],"current_hp_per_floor":[75,75,75,64,63,75,75,72,79,79,79,79,79,79,79,57,82,82,72,32,32,32,56,56,44,44,82,72,72,70,42,81,71,82,80,80,48,48,34,73,69,69,69,69,59,82,80,80,80,0],"gold":40,"neow_bonus":"THREE_CARDS","is_prod":false,"is_daily":false,"chose_seed":false,"campfire_upgraded":5,"win_rate":0.0,"timestamp":1550965002,"path_taken":["M","M","?","?","M","R","$","?","T","R","?","?","?","M","R","BOSS","M","M","M","$","?","R","?","M","T","R","M","R","M","M","R","BOSS","M","?","M","$","M","R","M","R","T","$","?","R","M","?","R","BOSS"],"build_version":"2019-01-23","purchased_purges":2,"victory":false,"max_hp_per_floor":[75,75,75,75,75,75,75,75,82,82,82,82,82,82,82,82,82,82,82,82,82,82,82,82,82,82,82,82,82,82,82,82,82,82,82,82,82,82,82,82,82,82,82,82,82,82,82,82,82,82],"card_choices":[{"not_picked":["Reinforced Body","Hologram"],"picked":"Sunder","floor":0},{"not_picked":["Streamline","Capacitor"],"picked":"Loop","floor":1},{"not_picked":["Capacitor","Conserve Battery"],"picked":"Chill","floor":2},{"not_picked":["Barrage","Turbo"],"picked":"Leap","floor":5},{"not_picked":["Compile Driver","Hologram"],"picked":"Defragment","floor":8},{"not_picked":["Streamline","Conserve Battery"],"picked":"Gash","floor":14},{"not_picked":["Thunder Strike","Reboot"],"picked":"Creative AI","floor":16},{"not_picked":["Reinforced Body+1","Chaos"],"picked":"BootSequence","floor":18},{"not_picked":["Conserve Battery","Consume"],"picked":"Sweeping Beam","floor":19},{"not_picked":["Hello World","Loop"],"picked":"Redo+1","floor":20},{"not_picked":["Turbo","Hologram"],"picked":"Blizzard","floor":25},{"not_picked":["Force Field+1","Steam Power"],"picked":"Conserve Battery","floor":28},{"not_picked":["Barrage","Consume+1"],"picked":"Capacitor","floor":30},{"not_picked":["Chill+1","Streamline"],"picked":"Genetic Algorithm","floor":31},{"not_picked":["Thunder Strike","Reboot"],"picked":"Buffer","floor":33},{"not_picked":["Blizzard+1","Ball Lightning"],"picked":"Streamline+1","floor":35},{"not_picked":["Compile Driver+1","Force Field"],"picked":"White Noise","floor":36},{"not_picked":["Rebound+1","Doom and Gloom"],"picked":"Go for the Eyes+1","floor":37},{"not_picked":["Gash","Leap+1"],"picked":"Fusion+1","floor":39},{"not_picked":["Reboot","Beam Cell+1","Coolheaded"],"picked":"SKIP","floor":41},{"not_picked":["Static Discharge+1","Rebound+1","Stack+1"],"picked":"SKIP","floor":47}],"player_experience":37601,"relics_obtained":[{"floor":8,"key":"Odd Mushroom"},{"floor":9,"key":"Strawberry"},{"floor":11,"key":"Juzu Bracelet"},{"floor":26,"key":"Regal Pillow"},{"floor":36,"key":"Pocketwatch"},{"floor":43,"key":"Potion Belt"},{"floor":48,"key":"Dream Catcher"}],"event_choices":[{"damage_healed":0,"gold_gain":75,"player_choice":"Gather Gold","damage_taken":11,"max_hp_gain":0,"max_hp_loss":0,"event_name":"World of Goop","floor":4,"gold_loss":0},{"damage_healed":0,"gold_gain":0,"player_choice":"Fought Mushrooms","damage_taken":0,"max_hp_gain":0,"max_hp_loss":0,"event_name":"Mushrooms","floor":8,"gold_loss":0},{"cards_removed":["Defend_B"],"damage_healed":0,"gold_gain":0,"player_choice":"Card Removal","damage_taken":0,"max_hp_gain":0,"max_hp_loss":0,"event_name":"The Cleric","floor":13,"gold_loss":50},{"cards_removed":["Strike_B"],"damage_healed":0,"gold_gain":0,"player_choice":"Purged","damage_taken":0,"max_hp_gain":0,"max_hp_loss":0,"event_name":"Purifier","floor":22,"gold_loss":0},{"damage_healed":0,"gold_gain":0,"player_choice":"Got Potions","damage_taken":0,"max_hp_gain":0,"max_hp_loss":0,"event_name":"Lab","floor":24,"gold_loss":0},{"damage_healed":0,"gold_gain":0,"player_choice":"Fight","damage_taken":0,"max_hp_gain":0,"max_hp_loss":0,"event_name":"MindBloom","floor":36,"gold_loss":0},{"damage_healed":0,"gold_gain":0,"player_choice":"Embrace Madness","damage_taken":10,"max_hp_gain":0,"max_hp_loss":0,"event_name":"Winding Halls","floor":45,"gold_loss":0,"cards_obtained":["Madness","Madness"]}],"is_beta":false,"boss_relics":[{"not_picked":["Black Star","Snecko Eye"],"picked":"Philosopher\u0027s Stone"},{"not_picked":["Runic Dome","Orrery"],"picked":"White Beast Statue"}],"items_purged_floors":[38,44],"is_endless":false,"potions_floor_spawned":[2,5,18,19,20,31,35,36,37,39,41,47],"killed_by":"Awakened One","ascension_level":0}