{"path_per_floor":["M","M","?","?","M","R","M","?","T","M","M","$","$","M","R","B",null,"M","?","$","M","M","R","M","R","T","$","M","?","R","M","R"],"character_chosen":"IRONCLAD","items_purchased":["Apotheosis","Thread and Needle","Anger","Orichalcum","Regen Potion"],"gold_per_floor":[367,382,382,347,363,363,384,559,604,624,637,12,12,28,28,153,153,178,178,27,39,51,51,64,64,64,16,34,34,34,49,49,49],"floor_reached":33,"campfire_rested":1,"playtime":1153,"current_hp_per_floor":[41,39,39,59,53,77,64,64,71,72,78,78,78,80,80,53,87,77,77,77,70,80,80,74,74,74,74,84,84,84,87,87,0],"items_purged":["Doubt"],"gold":49,"score":253,"play_id":"b495cb45-2c9e-48ac-a360-051d66c5fff4","local_time":"20180401044927","is_prod":false,"is_daily":false,"is_ascension_mode":true,"campfire_upgraded":5,"timestamp":1522567167,"path_taken":["M","M","?","?","M","R","M","?","T","M","?","?","$","M","R","BOSS","M","?","$","?","M","R","M","R","T","$","M","?","R","M","R","BOSS"],"build_version":"2018-03-29v2","purchased_purges":2,"victory":false,"master_deck":["Strike_R","Strike_R","Strike_R","Strike_R","Strike_R","Defend_R","Defend_R","Defend_R","Defend_R","Bash","Flex+1","Clothesline","Injury","Perfected Strike","Uppercut","Thunderclap","Cleave+1","Apotheosis+1","Anger","Immolate","Perfected Strike+1","Inflame+1","Sword Boomerang+1","Infernal Blade+1"],"max_hp_per_floor":[80,80,80,80,80,80,80,80,87,87,87,87,87,87,87,87,87,87,87,87,87,87,87,87,87,87,87,87,87,87,87,87,87],"relics":["Burning Blood","Bloody Idol","Strawberry","Thread and Needle","Mark of Pain","Orichalcum","Blue Candle"],"card_choices":[{"not_picked":["Armaments","Carnage"],"picked":"Flex","floor":1},{"not_picked":["Sword Boomerang","Perfected Strike"],"picked":"Clothesline","floor":2},{"not_picked":["Armaments","Warcry"],"picked":"Perfected Strike","floor":5},{"not_picked":["Sentinel","Warcry"],"picked":"Uppercut","floor":7},{"not_picked":["Dual Wield","Double Tap"],"picked":"Thunderclap","floor":10},{"not_picked":["Clash","Rampage"],"picked":"Cleave","floor":11},{"not_picked":["Exhume","Berserk"],"picked":"Immolate","floor":16},{"not_picked":["Headbutt","Uppercut"],"picked":"Perfected Strike","floor":18},{"not_picked":["Headbutt","Clash"],"picked":"Inflame","floor":21},{"not_picked":["Pommel Strike","Cleave"],"picked":"Sword Boomerang","floor":24},{"not_picked":["Body Slam","Flex"],"picked":"Infernal Blade","floor":31}],"player_experience":272386,"potions_floor_usage":[10,11,14,14,16,33,33,33],"damage_taken":[{"damage":5,"enemies":"Jaw Worm","floor":1,"turns":5},{"damage":8,"enemies":"2 Louse","floor":2,"turns":2},{"damage":12,"enemies":"Small Slimes","floor":5,"turns":3},{"damage":19,"enemies":"Exordium Wildlife","floor":7,"turns":7},{"damage":11,"enemies":"Blue Slaver","floor":10,"turns":3},{"damage":0,"enemies":"2 Fungi Beasts","floor":11,"turns":2},{"damage":4,"enemies":"Exordium Thugs","floor":14,"turns":5},{"damage":33,"enemies":"Hexaghost","floor":16,"turns":7},{"damage":16,"enemies":"Chosen","floor":18,"turns":5},{"damage":18,"enemies":"3 Byrds","floor":21,"turns":6},{"damage":1,"enemies":"Centurion and Healer","floor":22,"turns":5},{"damage":17,"enemies":"Snake Plant","floor":24,"turns":4},{"damage":1,"enemies":"3 Cultists","floor":28,"turns":4},{"damage":6,"enemies":"Centurion and Healer","floor":31,"turns":4},{"damage":103,"enemies":"Automaton","floor":33,"turns":10}],"event_choices":[{"event_name":"Golden Idol","player_choice":"Take Wound","floor":3,"damage_taken":0},{"event_name":"The Cleric","player_choice":"Healed","floor":4,"damage_taken":0},{"event_name":"Liars Game","player_choice":"agreed","floor":8,"damage_taken":0},{"event_name":"Forgotten Altar","player_choice":"Gave Idol","floor":19,"damage_taken":0},{"event_name":"Beggar","player_choice":"Ignored","floor":29,"damage_taken":0}],"boss_relics":[{"not_picked":["White Beast Statue","Sozu"],"picked":"Mark of Pain"}],"potions_floor_spawned":[2,7,10,11,14,21,22,24,31],"seed_played":"6658763691916520733","killed_by":"Automaton","ascension_level":1,"is_trial":false}