{"gold_per_floor":[113,123,143,218,237,237,256,274,274,274,293,293,313,341,341,341],"floor_reached":16,"playtime":699,"items_purged":[],"score":207,"play_id":"f904d3bb-8cff-438c-9dd2-7b33443c6331","local_time":"20190222125639","is_ascension_mode":true,"campfire_choices":[{"data":"Zap","floor":6.0,"key":"SMITH"},{"floor":10.0,"key":"REST"},{"data":"Beam Cell","floor":12.0,"key":"SMITH"},{"floor":15.0,"key":"REST"}],"neow_cost":"NONE","seed_source_timestamp":8267819045880,"circlet_count":0,"master_deck":["AscendersBane","Strike_B","Strike_B","Strike_B","Strike_B","Defend_B","Defend_B","Defend_B","Defend_B","Zap+1","Dualcast","Beam Cell+1","Compile Driver","Gash","Leap","Core Surge","Sweeping Beam","Recycle","Conserve Battery","Ball Lightning"],"special_seed":0,"relics":["Cracked Core","Pear","Shuriken"],"potions_floor_usage":[],"damage_taken":[{"damage":1.0,"enemies":"Cultist","floor":1.0,"turns":3.0},{"damage":7.0,"enemies":"Jaw Worm","floor":2.0,"turns":3.0},{"damage":4.0,"enemies":"2 Louse","floor":3.0,"turns":3.0},{"damage":9.0,"enemies":"Red Slaver","floor":5.0,"turns":3.0},{"damage":11.0,"enemies":"Exordium Wildlife","floor":7.0,"turns":3.0},{"damage":12.0,"enemies":"Gremlin Gang","floor":8.0,"turns":3.0},{"damage":4.0,"enemies":"2 Fungi Beasts","floor":11.0,"turns":2.0},{"damage":16.0,"enemies":"3 Louse","floor":13.0,"turns":3.0},{"damage":16.0,"enemies":"3 Sentries","floor":14.0,"turns":6.0},{"damage":35,"enemies":"The Guardian","floor":16,"turns":6}],"seed_played":"8366434859556813615","potions_obtained":[{"floor":2.0,"key":"Poison Potion"},{"floor":3.0,"key":"Swift Potion"}],"is_trial":false,"path_per_floor":["M","M","M","?","M","R","M","M","T","R","M","R","M","E","R","B"],"character_chosen":"DEFECT","items_purchased":[],"campfire_rested":2,"item_purchase_floors":[],"current_hp_per_floor":[63,56,52,41,32,32,21,9,19,43,39,39,23,7,31,0],"gold":341,"neow_bonus":"THREE_CARDS","is_prod":false,"is_daily":false,"chose_seed":false,"campfire_upgraded":2,"win_rate":0,"timestamp":1550836599,"path_taken":["M","?","M","?","M","R","M","M","T","R","M","R","M","E","R","BOSS"],"build_version":"2019-01-23","purchased_purges":0,"victory":false,"max_hp_per_floor":[71,71,71,71,71,71,71,71,81,81,81,81,81,81,81,81],"card_choices":[{"not_picked":["Rebound","Steam"],"picked":"Beam Cell","floor":0.0},{"not_picked":["Barrage","Capacitor"],"picked":"Compile Driver","floor":1.0},{"not_picked":["Beam Cell","Consume"],"picked":"Gash","floor":2.0},{"not_picked":["Stack","Beam Cell"],"picked":"Leap","floor":3.0},{"not_picked":["Ball Lightning","White Noise"],"picked":"Core Surge","floor":5.0},{"not_picked":["Aggregate","Beam Cell","Blizzard"],"picked":"SKIP","floor":7.0},{"not_picked":["Scrape","Storm"],"picked":"Sweeping Beam","floor":8.0},{"not_picked":["Cold Snap","Skim"],"picked":"Recycle","floor":11.0},{"not_picked":["Chill","Gash"],"picked":"Conserve Battery","floor":13.0},{"not_picked":["Leap","Rip and Tear"],"picked":"Ball Lightning","floor":14.0}],"player_experience":464604,"relics_obtained":[{"floor":9.0,"key":"Pear"},{"floor":14.0,"key":"Shuriken"}],"event_choices":[{"damage_healed":0.0,"max_hp_gain":0.0,"max_hp_loss":0.0,"gold_gain":75.0,"event_name":"World of Goop","player_choice":"Gather Gold","floor":4.0,"gold_loss":0.0,"damage_taken":11.0}],"is_beta":false,"boss_relics":[],"items_purged_floors":[],"is_endless":false,"potions_floor_spawned":[2,3,11],"killed_by":"The Guardian","ascension_level":19}