{"path_per_floor":["M","$","?","$","?","R","E","M","T","?","$","M","M","?","R","B",null,"M","$","M","M"],"character_chosen":"THE_SILENT","items_purchased":["Accuracy","Backflip","Infinite Blades","Accuracy"],"gold_per_floor":[113,33,33,10,10,10,37,48,48,48,13,26,37,37,37,142,142,159,41,60,79],"floor_reached":22,"campfire_rested":1,"playtime":1566,"current_hp_per_floor":[70,70,70,70,56,70,55,54,54,54,54,54,53,53,53,45,70,55,55,41,23],"items_purged":["Injury"],"gold":79,"score":184,"play_id":"1cb553fa-5332-4ec5-b447-2ba042f65f04","local_time":"20180304015958","is_prod":false,"is_daily":false,"is_ascension_mode":false,"campfire_upgraded":1,"timestamp":1520141398,"path_taken":["M","$","?","$","?","R","E","M","T","?","?","M","?","?","R","BOSS","M","$","M","M","?"],"build_version":"2018-03-01-PROD1","purchased_purges":1,"victory":false,"master_deck":["Defend_G+1","Defend_G","Defend_G","Defend_G","Strike_G","Strike_G","Strike_G+1","Strike_G","Survivor","Neutralize","Dagger Spray","Accuracy+1","Backflip","Blade Dance","Burst","Infinite Blades","Cloak And Dagger","Endless Agony","Die Die Die","Injury","Parasite","Outmaneuver+1","Accuracy","Blade Dance"],"max_hp_per_floor":[70,70,70,70,70,70,70,70,70,70,70,70,70,70,70,70,70,70,70,70,70],"relics":["White Beast Statue","Orichalcum","Frozen Eye","Anchor","Calling Bell","Smiling Mask","Bag of Preparation","Mercury Hourglass"],"card_choices":[{"not_picked":["Dagger Throw","Slice"],"picked":"Dagger Spray"},{"not_picked":["Deadly Poison","Bane"],"picked":"Blade Dance"},{"not_picked":["Deflect","Prepared"],"picked":"Burst"},{"not_picked":["Dagger Throw","Predator"],"picked":"Cloak And Dagger"},{"not_picked":["Dagger Throw","Flying Knee"],"picked":"Endless Agony"},{"not_picked":["Bullet Time","Tools of the Trade"],"picked":"Die Die Die"},{"not_picked":["Poisoned Stab","Backflip"],"picked":"Outmaneuver"},{"not_picked":["Underhanded Strike","Poisoned Stab"],"picked":"Blade Dance"}],"player_experience":93032,"potions_floor_usage":[7,8,12,16,16,18,20,21,22],"damage_taken":[{"damage":0,"enemies":"Small Slimes","floor":1,"turns":4},{"damage":15,"enemies":"Gremlin Nob","floor":7,"turns":4},{"damage":1,"enemies":"Cultist","floor":8,"turns":3},{"damage":0,"enemies":"Jaw Worm","floor":12,"turns":3},{"damage":1,"enemies":"2 Fungi Beasts","floor":13,"turns":4},{"damage":8,"enemies":"Slime Boss","floor":16,"turns":7},{"damage":15,"enemies":"Chosen","floor":18,"turns":6},{"damage":14,"enemies":"Spheric Guardian","floor":20,"turns":4},{"damage":18,"enemies":"Snake Plant","floor":21,"turns":5},{"damage":34,"enemies":"Chosen and Byrds","floor":22,"turns":5}],"event_choices":[{"event_name":"Bonfire Elementals","player_choice":"BASIC","floor":3,"damage_taken":0},{"event_name":"Shining Light","player_choice":"Entered Light","floor":5,"damage_taken":0},{"event_name":"Purifier","player_choice":"One Purge","floor":10,"damage_taken":0},{"event_name":"Accursed Blacksmith","player_choice":"Rummage","floor":14,"damage_taken":0}],"boss_relics":[{"not_picked":["Orrery","Cursed Key"],"picked":"Calling Bell"}],"potions_floor_spawned":[1,7,8,12,13,16,18,20,21],"seed_played":"1373695818497150437","killed_by":"Chosen and Byrds","ascension_level":0,"is_trial":false}