{"gold_per_floor":[360,373,373,385,404,436,436,436,436,456,44,44,55,74,74,171,171,184,184,184,197,213,213,213],"floor_reached":24,"playtime":1474,"items_purged":[],"score":200,"play_id":"bf9f08de-a674-4acf-af03-8e3e6589721b","local_time":"20190122050228","is_ascension_mode":false,"campfire_choices":[{"floor":12,"key":"REST"},{"data":"Flex","floor":15,"key":"SMITH"},{"floor":23,"key":"REST"}],"neow_cost":"PERCENT_DAMAGE","seed_source_timestamp":378204503303683,"circlet_count":0,"master_deck":["Strike_R+1","Strike_R+1","Strike_R+1","Strike_R+1","Strike_R+1","Defend_R+1","Defend_R+1","Defend_R+1","Defend_R+1","Bash","Rage","Spot Weakness","Sever Soul","Flex+1","Cleave","Parasite","Shrug It Off+1","True Grit+1","Reaper","Rage+1","Demon Form","Shrug It Off+1"],"relics":["Burning Blood","Paper Frog","Ginger","Du-Vu Doll","Toxic Egg 2","Membership Card","Oddly Smooth Stone","Tiny Chest","Eternal Feather","Enchiridion"],"potions_floor_usage":[4,6,16,18,22],"damage_taken":[{"damage":1,"enemies":"Cultist","floor":1,"turns":3},{"damage":3,"enemies":"2 Louse","floor":2,"turns":3},{"damage":7,"enemies":"Jaw Worm","floor":4,"turns":3},{"damage":9,"enemies":"3 Louse","floor":5,"turns":5},{"damage":30,"enemies":"Lagavulin","floor":6,"turns":9},{"damage":3,"enemies":"2 Fungi Beasts","floor":10,"turns":3},{"damage":0,"enemies":"Large Slime","floor":13,"turns":4},{"damage":13,"enemies":"Red Slaver","floor":14,"turns":4},{"damage":37,"enemies":"Slime Boss","floor":16,"turns":15},{"damage":55,"enemies":"3 Byrds","floor":18,"turns":8},{"damage":13,"enemies":"Spheric Guardian","floor":21,"turns":8},{"damage":5,"enemies":"Snecko","floor":22,"turns":5},{"damage":65,"enemies":"Gremlin Leader","floor":24,"turns":8}],"seed_played":"-1148292838633010707","potions_obtained":[{"floor":1,"key":"EssenceOfSteel"},{"floor":5,"key":"Swift Potion"},{"floor":6,"key":"SpeedPotion"},{"floor":16,"key":"SkillPotion"},{"floor":21,"key":"Strength Potion"}],"is_trial":false,"path_per_floor":["M","?","?","T","?","?"],"character_chosen":"IRONCLAD","items_purchased":["Membership Card","Oddly Smooth Stone","Tiny Chest","True Grit+1","Reaper"],"campfire_rested":2,"item_purchase_floors":[11,11,11,11,11],"current_hp_per_floor":[61,64,46,45,42,18,38,38,38,41,41,65,80,73,73,66,80,41,41,25,18,19,55,0],"gold":213,"neow_bonus":"TWO_FIFTY_GOLD","is_prod":false,"is_daily":false,"chose_seed":false,"campfire_upgraded":1,"win_rate":0,"timestamp":1548145948,"path_taken":["M","?","?","M","M","E","?","?","T","M","$","R","M","M","R","BOSS","M","?","?","M","M","R","E"],"build_version":"2019-01-20","purchased_purges":0,"victory":false,"max_hp_per_floor":[80,80,80,80,80,80,80,80,80,80,80,80,80,80,80,80,80,80,80,80,80,80,80,80],"card_choices":[{"not_picked":["Wild Strike","Clash"],"picked":"Rage","floor":1},{"not_picked":["Armaments","Rage"],"picked":"Spot Weakness","floor":2},{"not_picked":["Reckless Charge","Bloodletting"],"picked":"Sever Soul","floor":4},{"not_picked":["Clothesline","True Grit"],"picked":"Flex","floor":5},{"not_picked":["Infernal Blade","True Grit"],"picked":"Cleave","floor":6},{"not_picked":["Twin Strike","True Grit+1"],"picked":"Shrug It Off+1","floor":10},{"not_picked":["Warcry+1","Shrug It Off+1"],"picked":"Rage+1","floor":13},{"not_picked":["Sever Soul","Perfected Strike","Shrug It Off+1"],"picked":"SKIP","floor":14},{"not_picked":["Double Tap+1","Juggernaut"],"picked":"Demon Form","floor":16},{"not_picked":["Body Slam","Clash","Sword Boomerang+1"],"picked":"SKIP","floor":18},{"not_picked":["Sword Boomerang","Bloodletting+1"],"picked":"Shrug It Off+1","floor":21},{"not_picked":["Body Slam","Warcry+1","Iron Wave"],"picked":"SKIP","floor":22}],"player_experience":596822,"relics_obtained":[{"floor":6,"key":"Ginger"},{"floor":8,"key":"Du-Vu Doll"},{"floor":9,"key":"Toxic Egg 2"},{"floor":20,"key":"Enchiridion"}],"event_choices":[{"damage_healed":0,"gold_gain":0,"player_choice":"Success","damage_taken":18,"relics_obtained":["Paper Frog"],"max_hp_gain":0,"max_hp_loss":0,"event_name":"Scrap Ooze","floor":3,"gold_loss":0},{"damage_healed":20,"gold_gain":0,"player_choice":"Healed and dodged fight","damage_taken":0,"max_hp_gain":0,"max_hp_loss":0,"event_name":"Mushrooms","floor":7,"gold_loss":0,"cards_obtained":["Parasite"]},{"damage_healed":0,"gold_gain":0,"player_choice":"Simplicity","damage_taken":0,"max_hp_gain":0,"max_hp_loss":0,"event_name":"Back to Basics","floor":19,"gold_loss":0,"cards_upgraded":["Strike_R","Strike_R","Strike_R","Strike_R","Strike_R","Defend_R","Defend_R","Defend_R","Defend_R"]},{"damage_healed":0,"gold_gain":0,"player_choice":"Obtained Book","damage_taken":16,"max_hp_gain":0,"max_hp_loss":0,"event_name":"Cursed Tome","floor":20,"gold_loss":0}],"is_beta":true,"boss_relics":[{"not_picked":["Tiny House","Black Star"],"picked":"Eternal Feather"}],"items_purged_floors":[],"is_endless":false,"potions_floor_spawned":[1,5,6,16,21],"killed_by":"Gremlin Leader","ascension_level":0}