{"gold_per_floor":[110,125,76,76,94,94,122,122,122,122,151,163,163,195,195,300,300,311,327,133,133,133,133,133],"floor_reached":24,"playtime":2092,"items_purged":[],"score":326,"play_id":"a6a9542e-f4c4-427d-a16a-4cd6f9ad11d7","local_time":"20190209175844","is_ascension_mode":true,"campfire_choices":[{"data":"Sucker Punch","floor":6.0,"key":"SMITH"},{"data":"Quick Slash","floor":8.0,"key":"SMITH"},{"floor":15.0,"key":"REST"},{"data":"Footwork","floor":23.0,"key":"SMITH"}],"neow_cost":"NONE","seed_source_timestamp":4446202770643,"circlet_count":0,"master_deck":["Defend_G","Defend_G","Defend_G","Defend_G","Defend_G","Strike_G","Strike_G","Strike_G","Strike_G","Strike_G","Survivor","Neutralize+1","Sucker Punch+1","Quick Slash+1","Well Laid Plans","Slice","Flying Knee+1","Quick Slash","Backflip","Unload","Finisher","Footwork+1","Deflect","Deflect","Dagger Throw","Riddle With Holes+1","RitualDagger"],"special_seed":0,"relics":["Ring of the Snake","WingedGreaves","Mango","NlothsMask","Orichalcum","Omamori","Orrery","Lee\u0027s Waffle","Pear"],"potions_floor_usage":[],"damage_taken":[{"damage":0.0,"enemies":"Cultist","floor":1.0,"turns":4.0},{"damage":0.0,"enemies":"Jaw Worm","floor":2.0,"turns":4.0},{"damage":0.0,"enemies":"Small Slimes","floor":5.0,"turns":5.0},{"damage":7.0,"enemies":"Lagavulin","floor":7.0,"turns":8.0},{"damage":8.0,"enemies":"Gremlin Nob","floor":11.0,"turns":4.0},{"damage":4.0,"enemies":"Looter","floor":12.0,"turns":3.0},{"damage":19.0,"enemies":"Lagavulin","floor":14.0,"turns":6.0},{"damage":18.0,"enemies":"The Guardian","floor":16.0,"turns":15.0},{"damage":10.0,"enemies":"Shell Parasite","floor":18.0,"turns":6.0},{"damage":6.0,"enemies":"3 Byrds","floor":19.0,"turns":3.0},{"damage":105,"enemies":"Book of Stabbing","floor":24,"turns":9}],"seed_played":"-8566474169271053161","potions_obtained":[{"floor":1.0,"key":"Block Potion"},{"floor":11.0,"key":"Fire Potion"},{"floor":12.0,"key":"SkillPotion"},{"floor":14.0,"key":"Weak Potion"},{"floor":16.0,"key":"LiquidBronze"}],"is_trial":false,"path_per_floor":["M","M","$","?","M","R","E","R","T","?","E","M","?","E","R","B",null,"M","M","$","?","?","R","E"],"character_chosen":"THE_SILENT","items_purchased":["Fire Potion","Lee\u0027s Waffle"],"campfire_rested":1,"item_purchase_floors":[3,20],"current_hp_per_floor":[63,63,63,63,63,63,56,56,70,70,62,58,58,39,64,46,75,65,59,91,85,95,95,0],"gold":133,"neow_bonus":"UPGRADE_CARD","is_prod":false,"is_daily":false,"chose_seed":false,"campfire_upgraded":3,"win_rate":0,"timestamp":1549731524,"path_taken":["M","M","?","?","M","R","E","R","T","?","E","?","?","E","R","BOSS","M","M","$","?","?","R","E"],"build_version":"2019-01-23","purchased_purges":0,"victory":false,"max_hp_per_floor":[70,70,70,70,70,70,70,70,84,84,84,84,84,84,84,84,84,84,84,91,91,101,101,101],"card_choices":[{"not_picked":["Masterful Stab","Blade Dance"],"picked":"Sucker Punch","floor":1.0},{"not_picked":["Calculated Gamble","Deadly Poison"],"picked":"Quick Slash","floor":2.0},{"not_picked":["Riddle With Holes","Setup"],"picked":"Well Laid Plans","floor":5.0},{"not_picked":["Quick Slash","Bane"],"picked":"Slice","floor":7.0},{"not_picked":["Tactician","Predator"],"picked":"Flying Knee","floor":11.0},{"not_picked":["Catalyst","Setup"],"picked":"Quick Slash","floor":12.0},{"not_picked":["Storm of Steel","Setup"],"picked":"Backflip","floor":14.0},{"not_picked":["Phantasmal Killer","Doppelganger"],"picked":"Unload","floor":16.0},{"not_picked":["Underhanded Strike","Skewer"],"picked":"Finisher","floor":17.0},{"not_picked":["Backflip","Dagger Spray"],"picked":"Footwork","floor":17.0},{"not_picked":["Accuracy","Masterful Stab"],"picked":"Deflect","floor":17.0},{"not_picked":["Poisoned Stab","Eviscerate"],"picked":"Deflect","floor":17.0},{"not_picked":["Sucker Punch","PiercingWail"],"picked":"Dagger Throw","floor":17.0},{"not_picked":["Dodge and Roll","Outmaneuver+1","All Out Attack"],"picked":"SKIP","floor":18.0},{"not_picked":["Distraction","Flying Knee"],"picked":"Riddle With Holes+1","floor":19.0}],"player_experience":427082,"relics_obtained":[{"floor":7.0,"key":"WingedGreaves"},{"floor":9.0,"key":"Mango"},{"floor":11.0,"key":"Orichalcum"},{"floor":14.0,"key":"Omamori"}],"event_choices":[{"damage_healed":0.0,"max_hp_gain":0.0,"max_hp_loss":0.0,"gold_gain":0.0,"event_name":"The Cleric","player_choice":"Leave","floor":4.0,"gold_loss":0.0,"damage_taken":0.0},{"damage_healed":0.0,"max_hp_gain":0.0,"max_hp_loss":0.0,"gold_gain":0.0,"event_name":"FaceTrader","player_choice":"Trade","floor":10.0,"gold_loss":0.0,"damage_taken":0.0,"relics_obtained":["NlothsMask"]},{"damage_healed":0.0,"max_hp_gain":0.0,"max_hp_loss":0.0,"gold_gain":0.0,"event_name":"Living Wall","player_choice":"Grow","floor":13.0,"gold_loss":0.0,"damage_taken":0.0,"cards_upgraded":["Flying Knee"]},{"damage_healed":0.0,"max_hp_gain":0.0,"max_hp_loss":0.0,"gold_gain":0.0,"event_name":"Nest","player_choice":"Joined the Cult","floor":21.0,"gold_loss":0.0,"damage_taken":6.0,"cards_obtained":["RitualDagger"]},{"damage_healed":0.0,"max_hp_gain":0.0,"max_hp_loss":0.0,"gold_gain":0.0,"event_name":"The Mausoleum","player_choice":"Opened","floor":22.0,"gold_loss":0.0,"damage_taken":0.0,"relics_obtained":["Pear"],"cards_obtained":["Writhe"]}],"is_beta":false,"boss_relics":[{"not_picked":["Runic Dome","Sozu"],"picked":"Orrery"}],"items_purged_floors":[],"is_endless":false,"potions_floor_spawned":[1,11,12,14,16],"killed_by":"Book of Stabbing","ascension_level":6}