{"gold_per_floor":[111,121,121,121,136,136,163,238,262,33,33,47,47,47,47,148,148,164,175,187,117,117,117,19,19,19,38,54,54,74,74,74,74],"floor_reached":33,"playtime":1196,"items_purged":[],"score":245,"play_id":"5dafe879-064e-4218-b9dc-3e0ece987032","local_time":"20190201023610","is_ascension_mode":false,"campfire_choices":[{"data":"Bash","floor":6,"key":"SMITH"},{"floor":11,"key":"REST"},{"floor":13,"key":"REST"},{"data":"Limit Break","floor":15,"key":"SMITH"},{"floor":23,"key":"REST"},{"floor":25,"key":"RECALL"},{"floor":32,"key":"REST"}],"neow_cost":"NONE","seed_source_timestamp":252218586707571,"circlet_count":0,"master_deck":["Strike_R","Strike_R","Strike_R","Strike_R","Strike_R","Defend_R","Defend_R","Defend_R","Defend_R","Bash+1","Flame Barrier","Clothesline","Cleave","Limit Break+1","Feel No Pain","Demon Form","Uppercut","Blood for Blood","Spot Weakness","Sever Soul","Dramatic Entrance","Second Wind","True Grit+1","Necronomicurse"],"relics":["Burning Blood","NeowsBlessing","Pen Nib","Dead Branch","Red Skull","Sozu","The Courier","Necronomicon"],"potions_floor_usage":[7,7,16],"damage_taken":[{"damage":0,"enemies":"Cultist","floor":1,"turns":1},{"damage":0,"enemies":"2 Louse","floor":2,"turns":1},{"damage":0,"enemies":"Small Slimes","floor":5,"turns":1},{"damage":41,"enemies":"3 Sentries","floor":7,"turns":10},{"damage":14,"enemies":"2 Fungi Beasts","floor":12,"turns":4},{"damage":45,"enemies":"Slime Boss","floor":16,"turns":8},{"damage":20,"enemies":"Shell Parasite","floor":18,"turns":4},{"damage":17,"enemies":"Spheric Guardian","floor":19,"turns":4},{"damage":13,"enemies":"Snake Plant","floor":20,"turns":4},{"damage":23,"enemies":"Centurion and Healer","floor":27,"turns":5},{"damage":15,"enemies":"Snecko","floor":28,"turns":5},{"damage":28,"enemies":"Cultist and Chosen","floor":30,"turns":5},{"damage":45,"enemies":"Collector","floor":33,"turns":7}],"seed_played":"-8145507706384856922","potions_obtained":[{"floor":1,"key":"FearPotion"},{"floor":2,"key":"BloodPotion"},{"floor":12,"key":"Fire Potion"}],"is_trial":false,"path_per_floor":["M","M","?","$","M","R","E","?","T","$","R","M","R","$","R","B",null,"M","M","M","$","?","R","$","R","T","M","M","$","M","?","R","B"],"character_chosen":"IRONCLAD","items_purchased":["Feel No Pain","Red Skull","Spot Weakness","Dramatic Entrance"],"campfire_rested":4,"item_purchase_floors":[10,10,21,24],"current_hp_per_floor":[80,80,55,55,61,61,34,23,23,23,47,39,63,63,63,24,80,66,55,48,48,48,72,72,72,72,55,46,46,24,8,32,0],"gold":74,"neow_bonus":"THREE_ENEMY_KILL","is_prod":false,"is_daily":false,"chose_seed":false,"campfire_upgraded":2,"win_rate":0,"timestamp":1549001170,"path_taken":["M","M","?","$","M","R","E","?","T","$","R","M","R","$","R","BOSS","M","M","M","$","?","R","$","R","T","M","M","$","M","?","R","BOSS"],"build_version":"2019-01-23","purchased_purges":0,"victory":false,"max_hp_per_floor":[80,80,80,80,80,80,80,80,80,80,80,80,80,80,80,80,80,80,80,80,80,80,80,80,80,80,80,80,80,80,80,80,80],"card_choices":[{"not_picked":["Heavy Blade","Rupture"],"picked":"Flame Barrier","floor":1},{"not_picked":["Clash","Body Slam"],"picked":"Clothesline","floor":2},{"not_picked":["Sentinel","Corruption"],"picked":"Cleave","floor":5},{"not_picked":["Feel No Pain","Perfected Strike"],"picked":"Limit Break","floor":7},{"not_picked":["Second Wind","Headbutt","Rampage"],"picked":"SKIP","floor":12},{"not_picked":["Double Tap","Berserk"],"picked":"Demon Form","floor":16},{"not_picked":["Iron Wave+1","Clash"],"picked":"Uppercut","floor":18},{"not_picked":["Body Slam","Clash"],"picked":"Blood for Blood","floor":19},{"not_picked":["Reckless Charge","Havoc","Anger"],"picked":"SKIP","floor":20},{"not_picked":["Sentinel","Anger","Evolve"],"picked":"SKIP","floor":27},{"not_picked":["Clothesline","Evolve"],"picked":"Second Wind","floor":28},{"not_picked":["Dropkick+1","Metallicize"],"picked":"True Grit+1","floor":30}],"player_experience":620684,"relics_obtained":[{"floor":7,"key":"Dead Branch"},{"floor":26,"key":"The Courier"},{"floor":31,"key":"Necronomicon"}],"event_choices":[{"damage_healed":0,"gold_gain":0,"player_choice":"Success","damage_taken":25,"relics_obtained":["Pen Nib"],"max_hp_gain":0,"max_hp_loss":0,"event_name":"Scrap Ooze","floor":3,"gold_loss":0},{"damage_healed":0,"gold_gain":75,"player_choice":"Gather Gold","damage_taken":11,"max_hp_gain":0,"max_hp_loss":0,"event_name":"World of Goop","floor":8,"gold_loss":0},{"damage_healed":0,"gold_gain":0,"player_choice":"Read","damage_taken":0,"max_hp_gain":0,"max_hp_loss":0,"event_name":"The Library","floor":22,"gold_loss":0,"cards_obtained":["Sever Soul"]},{"damage_healed":0,"gold_gain":0,"player_choice":"Obtained Book","damage_taken":16,"max_hp_gain":0,"max_hp_loss":0,"event_name":"Cursed Tome","floor":31,"gold_loss":0}],"is_beta":true,"boss_relics":[{"not_picked":["Eternal Feather","Velvet Choker"],"picked":"Sozu"}],"items_purged_floors":[],"is_endless":false,"potions_floor_spawned":[1,2,12,27,28],"killed_by":"Collector","ascension_level":0}