{"gold_per_floor":[118,8,18,18,93,93,122,134,134,153,169,169,169,149],"floor_reached":14,"playtime":373,"items_purged":[],"score":171,"play_id":"97600e7d-87dd-4973-8992-1431fc5a5197","local_time":"20190209145554","is_ascension_mode":true,"campfire_choices":[{"floor":6,"key":"REST"}],"neow_cost":"NONE","seed_source_timestamp":692100524915757,"circlet_count":0,"master_deck":["AscendersBane","Strike_B","Strike_B","Strike_B","Strike_B","Defend_B","Defend_B","Defend_B","Defend_B","Zap","Dualcast","Hologram","Glacier","Ball Lightning","Hologram","Capacitor","Cold Snap","Echo Form","Fusion"],"relics":["Cracked Core","Smiling Mask","Shuriken","Sundial"],"potions_floor_usage":[10,11,14],"damage_taken":[{"damage":7,"enemies":"Jaw Worm","floor":1,"turns":4},{"damage":10,"enemies":"Small Slimes","floor":3,"turns":3},{"damage":29,"enemies":"3 Sentries","floor":7,"turns":13},{"damage":6,"enemies":"2 Louse","floor":8,"turns":3},{"damage":0,"enemies":"Lots of Slimes","floor":10,"turns":2},{"damage":17,"enemies":"Exordium Thugs","floor":11,"turns":3},{"damage":6,"enemies":"Looter","floor":14,"turns":1}],"seed_played":"-1421749671115559364","potions_obtained":[{"floor":3,"key":"Poison Potion"},{"floor":8,"key":"PowerPotion"},{"floor":11,"key":"Poison Potion"}],"is_trial":false,"path_per_floor":["M","$","M","$","?","R","E","M","T","M","M","?","?","M"],"character_chosen":"DEFECT","items_purchased":["Glacier","Ball Lightning"],"campfire_rested":1,"item_purchase_floors":[2,2],"current_hp_per_floor":[57,57,47,47,36,57,28,22,22,22,5,5,5,0],"gold":149,"neow_bonus":"RANDOM_COMMON_RELIC","is_prod":false,"is_daily":false,"chose_seed":false,"campfire_upgraded":0,"win_rate":0,"timestamp":1549716954,"path_taken":["M","$","M","$","?","R","E","M","T","M","M","?","?","M"],"build_version":"2019-01-23","purchased_purges":0,"victory":false,"max_hp_per_floor":[71,71,71,71,71,71,71,71,71,71,71,71,71,71],"card_choices":[{"not_picked":["Stack","Sweeping Beam"],"picked":"Hologram","floor":1},{"not_picked":["Ball Lightning","Turbo"],"picked":"Hologram","floor":3},{"not_picked":["Hologram","Force Field"],"picked":"Capacitor","floor":7},{"not_picked":["Rebound","Chaos"],"picked":"Cold Snap","floor":8},{"not_picked":["Redo","Compile Driver"],"picked":"Echo Form","floor":10},{"not_picked":["Doom and Gloom","Coolheaded"],"picked":"Fusion","floor":11}],"player_experience":720177,"relics_obtained":[{"floor":7,"key":"Shuriken"},{"floor":9,"key":"Sundial"}],"event_choices":[{"damage_healed":0,"gold_gain":75,"player_choice":"Gather Gold","damage_taken":11,"max_hp_gain":0,"max_hp_loss":0,"event_name":"World of Goop","floor":5,"gold_loss":0},{"damage_healed":0,"gold_gain":0,"player_choice":"Ignored","damage_taken":0,"max_hp_gain":0,"max_hp_loss":0,"event_name":"Shining Light","floor":12,"gold_loss":0},{"damage_healed":0,"gold_gain":0,"player_choice":"Fled","damage_taken":0,"max_hp_gain":0,"max_hp_loss":0,"event_name":"Scrap Ooze","floor":13,"gold_loss":0}],"is_beta":false,"boss_relics":[],"items_purged_floors":[],"is_endless":false,"potions_floor_spawned":[3,8,11],"killed_by":"Looter","ascension_level":18}