{"path_per_floor":["M","?","M","M","?","E","R","E","T","M","M","M","$","M","R","B",null,"M","?","$","M","$","E","?","M","T","M","M","R","E","$","R"],"character_chosen":"IRONCLAD","items_purchased":["Kunai"],"gold_per_floor":[19,19,32,48,123,158,158,190,258,268,284,304,229,242,242,345,345,357,357,118,132,132,162,77,88,135,153,172,172,197,197,197,197],"floor_reached":33,"campfire_rested":4,"playtime":1371,"current_hp_per_floor":[94,94,94,94,83,15,43,22,22,24,30,35,35,40,68,36,94,83,83,83,77,77,33,33,22,22,26,25,53,13,13,41,0],"items_purged":["Regret"],"gold":197,"score":314,"play_id":"7ac50265-9297-4ea3-b961-ae7a0b8a59f9","local_time":"20180428092750","is_prod":false,"is_daily":false,"chose_seed":false,"is_ascension_mode":true,"campfire_upgraded":0,"timestamp":1524922070,"path_taken":["M","?","M","M","?","E","R","E","T","M","M","M","?","?","R","BOSS","M","?","$","M","?","E","?","M","T","M","M","R","E","?","R","BOSS"],"build_version":"2018-04-26","seed_source_timestamp":50760111559783,"purchased_purges":3,"victory":false,"master_deck":["Strike_R+1","Strike_R+1","Strike_R+1","Strike_R+1","Strike_R+1","Defend_R+1","Defend_R+1","Defend_R+1","Defend_R+1","Bash","Warcry","Cleave","Fiend Fire","Armaments","Ghostly Armor","Thunderclap","Fiend Fire","Burning Pact","Flex","Carnage+1","Pommel Strike+1","Thunderclap+1"],"max_hp_per_floor":[94,94,94,94,94,94,94,94,94,94,94,94,94,94,94,94,94,94,94,94,94,94,94,94,94,94,94,94,94,94,94,94,94],"relics":["Burning Blood","Mango","Torii","Bag of Marbles","Orichalcum","Question Card","Velvet Choker","Kunai","Paper Frog","Ginger","Bronze Scales","Art of War"],"card_choices":[{"not_picked":["True Grit","Sword Boomerang"],"picked":"Warcry","floor":1},{"not_picked":["Iron Wave","Seeing Red"],"picked":"Cleave","floor":3},{"not_picked":["Feel No Pain","Clothesline"],"picked":"Fiend Fire","floor":6},{"not_picked":["Seeing Red","Cleave","Clash"],"picked":"Armaments","floor":10},{"not_picked":["Shrug It Off","Rage","Armaments"],"picked":"Ghostly Armor","floor":11},{"not_picked":["Iron Wave","Fire Breathing","Intimidate"],"picked":"Thunderclap","floor":14},{"not_picked":["Juggernaut","Berserk","Bludgeon"],"picked":"Fiend Fire","floor":16},{"not_picked":["Warcry","Perfected Strike","Pommel Strike"],"picked":"Burning Pact","floor":18},{"not_picked":["Wild Strike","Twin Strike","Warcry"],"picked":"Flex","floor":21},{"not_picked":["Limit Break","Clash","Clothesline"],"picked":"Carnage","floor":23},{"not_picked":["Searing Blow","Fire Breathing","Anger"],"picked":"Pommel Strike","floor":25},{"not_picked":["Twin Strike","Clothesline","Reckless Charge"],"picked":"Thunderclap","floor":30}],"player_experience":100691,"potions_floor_usage":[16,23,27,33,33],"damage_taken":[{"damage":4,"enemies":"2 Louse","floor":1,"turns":3},{"damage":3,"enemies":"Jaw Worm","floor":3,"turns":4},{"damage":2,"enemies":"Small Slimes","floor":4,"turns":3},{"damage":74,"enemies":"Gremlin Nob","floor":6,"turns":6},{"damage":27,"enemies":"3 Sentries","floor":8,"turns":7},{"damage":4,"enemies":"Exordium Wildlife","floor":10,"turns":4},{"damage":0,"enemies":"Lots of Slimes","floor":11,"turns":1},{"damage":1,"enemies":"Looter","floor":12,"turns":2},{"damage":1,"enemies":"Large Slime","floor":14,"turns":4},{"damage":38,"enemies":"The Guardian","floor":16,"turns":15},{"damage":17,"enemies":"Shell Parasite","floor":18,"turns":8},{"damage":12,"enemies":"Spheric Guardian","floor":21,"turns":4},{"damage":50,"enemies":"Slavers","floor":23,"turns":9},{"damage":17,"enemies":"Snecko","floor":25,"turns":6},{"damage":2,"enemies":"Snake Plant","floor":27,"turns":3},{"damage":7,"enemies":"Centurion and Healer","floor":28,"turns":5},{"damage":46,"enemies":"Gremlin Leader","floor":30,"turns":8},{"damage":47,"enemies":"Champ","floor":33,"turns":8}],"event_choices":[{"event_name":"Big Fish","player_choice":"Box","floor":2,"damage_taken":0},{"event_name":"World of Goop","player_choice":"Gather Gold","floor":5,"damage_taken":0},{"event_name":"Back to Basics","player_choice":"Simplicity","floor":19,"damage_taken":0},{"event_name":"Addict","player_choice":"Obtained Relic","floor":24,"damage_taken":0}],"boss_relics":[{"not_picked":["Sozu","Lizard Tail"],"picked":"Velvet Choker"}],"potions_floor_spawned":[11,12,14,16,18,25],"seed_played":"2501281813682758436","killed_by":"Champ","ascension_level":1,"is_trial":false}