{"gold_per_floor":[13,88,105,15,15,15,35,35,35,35,46,46,46,71,71,143,143,94,1,1,1,48,75,75,25,73,73,89,103,137,149,161,245,257,284,316,218,240,13,13,23,23,23,23,70,70,84,109,109,109,109,109,109,9,38,38],"floor_reached":56,"playtime":3461,"items_purged":["Venomology+1","Bite"],"score":1793,"play_id":"f8b6a61a-1c8c-460e-a9cf-cacf3c53cb78","local_time":"20190224230412","is_ascension_mode":true,"campfire_choices":[{"data":"Deadly Poison","floor":6,"key":"SMITH"},{"data":"Footwork","floor":8,"key":"SMITH"},{"data":"Neutralize","floor":10,"key":"SMITH"},{"data":"Venomology","floor":15,"key":"SMITH"},{"data":"Well Laid Plans","floor":24,"key":"SMITH"},{"data":"Noxious Fumes","floor":27,"key":"SMITH"},{"data":"Malaise","floor":32,"key":"SMITH"},{"floor":40,"key":"RECALL"},{"floor":42,"key":"REST"},{"floor":46,"key":"REST"},{"data":"Deadly Poison","floor":49,"key":"SMITH"},{"floor":53,"key":"REST"}],"neow_cost":"NO_GOLD","seed_source_timestamp":5075813538053,"circlet_count":0,"master_deck":["AscendersBane","Defend_G+1","Defend_G","Defend_G+1","Defend_G","Defend_G","Survivor","Neutralize+1","Deadly Poison+1","Deflect","Footwork+1","Dodge and Roll","PiercingWail","Malaise+1","Well Laid Plans+1","Backflip","Calculated Gamble","Slice+1","Dash","Deadly Poison+1","Noxious Fumes+1","Calculated Gamble+1","Deflect+1","Backstab+1","Bite","Bite","Bite","Bite","Die Die Die+1","Dodge and Roll+1","Acrobatics+1","Deflect+1"],"relics":["Ring of the Snake","Mango","Matryoshka","Orrery","StoneCalendar","Snake Skull","PreservedInsect","Mercury Hourglass","Bag of Preparation","Oddly Smooth Stone","MawBank","Sozu","Ancient Tea Set","Tingsha","Mummified Hand","Bottled Lightning"],"potions_floor_usage":[14,14,16,18,23,23,23,29,30,30,33,51,55],"damage_taken":[{"damage":7,"enemies":"Jaw Worm","floor":1,"turns":6},{"damage":4,"enemies":"Small Slimes","floor":3,"turns":3},{"damage":0,"enemies":"2 Louse","floor":7,"turns":4},{"damage":1,"enemies":"Exordium Wildlife","floor":11,"turns":6},{"damage":5,"enemies":"3 Sentries","floor":14,"turns":8},{"damage":12,"enemies":"The Guardian","floor":16,"turns":15},{"damage":15,"enemies":"2 Thieves","floor":18,"turns":5},{"damage":4,"enemies":"Book of Stabbing","floor":23,"turns":6},{"damage":0,"enemies":"Spheric Guardian","floor":28,"turns":6},{"damage":2,"enemies":"Centurion and Healer","floor":29,"turns":7},{"damage":14,"enemies":"Slavers","floor":30,"turns":7},{"damage":28,"enemies":"Collector","floor":33,"turns":8},{"damage":26,"enemies":"3 Darklings","floor":35,"turns":6},{"damage":1,"enemies":"3 Shapes","floor":36,"turns":6},{"damage":26,"enemies":"3 Darklings","floor":38,"turns":4},{"damage":23,"enemies":"Spire Growth","floor":41,"turns":6},{"damage":21,"enemies":"2 Orb Walkers","floor":45,"turns":6},{"damage":3,"enemies":"Jaw Worm Horde","floor":47,"turns":5},{"damage":23,"enemies":"Giant Head","floor":48,"turns":10},{"damage":34,"enemies":"Awakened One","floor":50,"turns":19},{"damage":72,"enemies":"Time Eater","floor":51,"turns":16},{"damage":67,"enemies":"Shield and Spear","floor":55,"turns":7},{"damage":52,"enemies":"The Heart","floor":56,"turns":3}],"seed_played":"2310029556453104770","potions_obtained":[{"floor":3,"key":"Fire Potion"},{"floor":7,"key":"Weak Potion"},{"floor":18,"key":"EssenceOfSteel"},{"floor":28,"key":"Explosive Potion"},{"floor":33,"key":"Swift Potion"}],"is_trial":false,"path_per_floor":["M","?","M","$","?","R","M","R","T","R","M","$","?","E","R","B",null,"M","$","?","?","T","E","R","?","T","R","M","M","E","?","R","B",null,"M","M","?","M","$","R","M","R","T","$","?","R","M","E","R","B","B",null,"R","$","E","B"],"character_chosen":"THE_SILENT","items_purchased":["Footwork","Dash","Deadly Poison","Ancient Tea Set"],"campfire_rested":3,"item_purchase_floors":[4,19,19,39],"current_hp_per_floor":[66,55,51,51,51,51,51,51,51,51,50,50,26,21,21,11,63,50,50,50,50,50,48,48,48,48,48,50,50,38,38,38,26,67,55,66,66,46,46,46,33,57,57,57,44,68,77,63,63,67,11,63,80,80,23,0],"gold":38,"neow_bonus":"ONE_RARE_RELIC","is_prod":false,"is_daily":false,"chose_seed":false,"campfire_upgraded":8,"win_rate":0,"timestamp":1551045852,"path_taken":["M","?","M","$","?","R","M","R","T","R","M","$","?","E","R","BOSS","M","$","?","?","?","E","R","?","T","R","?","M","E","?","R","BOSS","M","M","?","?","$","R","M","R","T","?","?","R","M","E","R","BOSS","BOSS","R","$","E","BOSS"],"build_version":"2019-02-06","purchased_purges":2,"victory":false,"max_hp_per_floor":[80,80,80,80,80,80,80,80,80,80,80,80,80,80,80,80,80,80,80,80,80,80,80,80,80,80,80,80,80,80,80,80,80,80,80,80,80,80,80,80,80,80,80,80,80,80,80,80,80,80,80,80,80,80,80,80],"card_choices":[{"not_picked":["Poisoned Stab","Bane"],"picked":"Deadly Poison","floor":1},{"not_picked":["Eviscerate","Finisher"],"picked":"Deflect","floor":3},{"not_picked":["Prepared","Terror"],"picked":"Dodge and Roll","floor":7},{"not_picked":["Prepared","Endless Agony"],"picked":"Venomology","floor":11},{"not_picked":["Underhanded Strike","Distraction"],"picked":"PiercingWail","floor":14},{"not_picked":["Grand Finale","Tools of the Trade"],"picked":"Malaise","floor":16},{"not_picked":["Finisher","Riddle With Holes"],"picked":"Well Laid Plans","floor":17},{"not_picked":["Poisoned Stab","Heel Hook"],"picked":"Backflip","floor":17},{"not_picked":["Deflect","Dodge and Roll"],"picked":"Calculated Gamble","floor":17},{"not_picked":["Prepared","Dagger Throw"],"picked":"Slice+1","floor":18},{"not_picked":["Choke","Malaise"],"picked":"Calculated Gamble+1","floor":23},{"not_picked":["Bouncing Flask","Dodge and Roll"],"picked":"Deflect+1","floor":28},{"not_picked":["Dagger Throw","Flying Knee","Dagger Spray"],"picked":"SKIP","floor":29},{"not_picked":["Escape Plan","Cloak And Dagger"],"picked":"Backstab+1","floor":30},{"not_picked":["Storm of Steel","Bullet Time"],"picked":"Die Die Die","floor":33},{"not_picked":["Flechettes","Slice","Deadly Poison"],"picked":"SKIP","floor":35},{"not_picked":["Masterful Stab+1","Escape Plan","Acrobatics"],"picked":"SKIP","floor":36},{"not_picked":["Cloak And Dagger","Deadly Poison","All Out Attack"],"picked":"SKIP","floor":38},{"not_picked":["Sucker Punch","Dagger Spray","Deadly Poison"],"picked":"SKIP","floor":41},{"not_picked":["Flying Knee","Venomology"],"picked":"Dodge and Roll+1","floor":45},{"not_picked":["Flying Knee","Tactician"],"picked":"Acrobatics+1","floor":47},{"not_picked":["Sucker Punch","Dagger Throw","Slice"],"picked":"SKIP","floor":48},{"not_picked":["Storm of Steel","Slice"],"picked":"Deflect+1","floor":55}],"player_experience":977786,"relics_obtained":[{"floor":9,"key":"Matryoshka"},{"floor":14,"key":"Blood Vial"},{"floor":22,"key":"Snake Skull"},{"floor":22,"key":"PreservedInsect"},{"floor":23,"key":"Mercury Hourglass"},{"floor":26,"key":"Bag of Preparation"},{"floor":26,"key":"Oddly Smooth Stone"},{"floor":30,"key":"MawBank"},{"floor":45,"key":"Tingsha"},{"floor":48,"key":"Mummified Hand"},{"floor":55,"key":"Bottled Lightning"}],"event_choices":[{"damage_healed":0,"gold_gain":75,"player_choice":"Gather Gold","damage_taken":11,"max_hp_gain":0,"max_hp_loss":0,"event_name":"World of Goop","floor":2,"gold_loss":0},{"damage_healed":0,"gold_gain":0,"player_choice":"Leave","damage_taken":0,"max_hp_gain":0,"max_hp_loss":0,"event_name":"The Cleric","floor":5,"gold_loss":0},{"damage_healed":0,"gold_gain":0,"player_choice":"Entered Light","damage_taken":24,"max_hp_gain":0,"max_hp_loss":0,"event_name":"Shining Light","floor":13,"gold_loss":0,"cards_upgraded":["Defend_G","Defend_G"]},{"damage_healed":0,"gold_gain":0,"player_choice":"Opened","damage_taken":0,"relics_obtained":["StoneCalendar"],"max_hp_gain":0,"max_hp_loss":0,"event_name":"The Mausoleum","floor":20,"gold_loss":0,"cards_obtained":["Writhe"]},{"damage_healed":0,"gold_gain":0,"player_choice":"Read","damage_taken":0,"max_hp_gain":0,"max_hp_loss":0,"event_name":"The Library","floor":21,"gold_loss":0,"cards_obtained":["Noxious Fumes"]},{"damage_healed":0,"gold_gain":0,"player_choice":"Bet on Murderer","damage_taken":0,"max_hp_gain":0,"max_hp_loss":0,"event_name":"The Joust","floor":25,"gold_loss":50},{"damage_healed":0,"gold_gain":0,"player_choice":"Became a vampire (Vial)","damage_taken":0,"max_hp_gain":0,"max_hp_loss":0,"event_name":"Vampires","floor":31,"relics_lost":["Blood Vial"],"gold_loss":0,"cards_obtained":["Bite","Bite","Bite","Bite","Bite"]},{"cards_removed":["Writhe"],"damage_healed":0,"gold_gain":0,"player_choice":"Upgrade and Remove","damage_taken":0,"max_hp_gain":0,"max_hp_loss":0,"event_name":"Designer","floor":37,"gold_loss":110,"cards_upgraded":["Die Die Die"]},{"damage_healed":0,"gold_gain":0,"player_choice":"Fight","damage_taken":0,"max_hp_gain":0,"max_hp_loss":0,"event_name":"Mysterious Sphere","floor":45,"gold_loss":0}],"is_beta":true,"boss_relics":[{"not_picked":["WristBlade","Lizard Tail"],"picked":"Orrery"},{"not_picked":["Runic Pyramid","Astrolabe"],"picked":"Sozu"}],"items_purged_floors":[39,54],"is_endless":false,"potions_floor_spawned":[3,7,18,28,33,35,41],"killed_by":"The Heart","ascension_level":20}