{"gold_per_floor":[212,227,153,228,247,247,247,260,330,361,361,373,373,389,389,389],"floor_reached":16,"playtime":472,"items_purged":[],"score":112,"play_id":"e7ee6120-71ad-4354-9155-531f2d62036d","local_time":"20180807190422","is_ascension_mode":true,"campfire_choices":[{"data":"Zap","floor":6,"key":"SMITH"},{"data":"Loop","floor":11,"key":"SMITH"},{"floor":13,"key":"REST"},{"floor":15,"key":"REST"}],"neow_cost":"NONE","seed_source_timestamp":2941679720963,"circlet_count":0,"master_deck":["Strike_B","Strike_B","Strike_B","Defend_B","Defend_B","Defend_B","Defend_B","Zap+1","Dualcast","Defragment","Beam Cell","Loop+1","Loop","Thunder Strike","Leap"],"relics":["Cracked Core","Bottled Flame","Happy Flower"],"potions_floor_usage":[5,10,10,10,10,10,16],"damage_taken":[{"damage":0,"enemies":"Cultist","floor":1,"turns":4},{"damage":0,"enemies":"Small Slimes","floor":2,"turns":3},{"damage":7,"enemies":"Jaw Worm","floor":5,"turns":3},{"damage":15,"enemies":"Large Slime","floor":8,"turns":4},{"damage":10,"enemies":"Gremlin Nob","floor":10,"turns":4},{"damage":13,"enemies":"Blue Slaver","floor":12,"turns":2},{"damage":17,"enemies":"Red Slaver","floor":14,"turns":4},{"damage":42,"enemies":"The Guardian","floor":16,"turns":6}],"seed_played":"5225836773598696344","potions_obtained":[{"floor":1,"key":"LiquidBronze"},{"floor":2,"key":"Swift Potion"},{"floor":8,"key":"EntropicBrew"},{"floor":14,"key":"Swift Potion"}],"is_trial":false,"path_per_floor":["M","M","$","?","M","R","?","M","T","E","R","M","R","M","R"],"character_chosen":"DEFECT","items_purchased":["Loop"],"campfire_rested":2,"item_purchase_floors":[3],"current_hp_per_floor":[75,75,75,64,57,57,50,35,35,25,25,12,34,17,39,0],"gold":389,"neow_bonus":"HUNDRED_GOLD","is_prod":false,"is_daily":false,"chose_seed":false,"campfire_upgraded":2,"win_rate":0,"timestamp":1533683062,"path_taken":["M","M","?","?","M","R","?","M","T","E","R","M","R","M","R","BOSS"],"build_version":"2018-08-02","purchased_purges":0,"victory":false,"max_hp_per_floor":[75,75,75,75,75,75,75,75,75,75,75,75,75,75,75,75],"card_choices":[{"not_picked":["Compile Driver","Conserve Battery"],"picked":"Defragment","floor":1},{"not_picked":["Turbo","Steam Power"],"picked":"Beam Cell","floor":2},{"not_picked":["Cold Snap","Streamline"],"picked":"Loop","floor":5},{"not_picked":["Cold Snap","Steam","Force Field"],"picked":"SKIP","floor":8},{"not_picked":["Rip and Tear","Blizzard"],"picked":"Thunder Strike","floor":10},{"not_picked":["Compile Driver","Beam Cell"],"picked":"Leap","floor":12},{"not_picked":["Conserve Battery","Skim","Rebound"],"picked":"SKIP","floor":14}],"player_experience":266110,"relics_obtained":[{"floor":9,"key":"Bottled Flame"},{"floor":10,"key":"Happy Flower"}],"event_choices":[{"event_name":"World of Goop","player_choice":"Gather Gold","floor":4,"damage_taken":0},{"event_name":"Golden Wing","player_choice":"Card Removal","floor":7,"damage_taken":0}],"is_beta":false,"boss_relics":[],"items_purged_floors":[],"is_endless":false,"potions_floor_spawned":[1,2,8,14],"killed_by":"The Guardian","ascension_level":2}