{"gold_per_floor":[110,110,10,26,83,112,122,122,192,192,192,202,257,270,270,349,349,361,361,196,246,171,171,250,260,285,285,300,312,312],"floor_reached":30,"playtime":1140,"items_purged":[],"score":506,"play_id":"53ab4353-0085-43c8-981c-5ea2219b43d6","local_time":"20190224094816","is_ascension_mode":true,"campfire_choices":[{"data":"Madness","floor":8,"key":"SMITH"},{"data":"Havoc","floor":11,"key":"SMITH"},{"data":"Bash","floor":15,"key":"SMITH"},{"floor":23,"key":"REST"},{"floor":27,"key":"REST"}],"neow_cost":"NONE","seed_source_timestamp":15686973862823959,"circlet_count":0,"master_deck":["AscendersBane","Strike_R","Strike_R","Strike_R+1","Strike_R","Defend_R","Defend_R","Defend_R","Bash+1","Ghostly Armor","Madness+1","Clothesline+1","Havoc+1","Iron Wave","Cleave","Pommel Strike","Immolate","Evolve","Second Wind","Iron Wave"],"relics":["Burning Blood","NeowsBlessing","Whetstone","Meat on the Bone","Incense Burner","Sundial","Empty Cage","Juzu Bracelet","Tiny Chest","Boot"],"potions_floor_usage":[13,16,25,28],"damage_taken":[{"damage":0,"enemies":"2 Louse","floor":1,"turns":1},{"damage":0,"enemies":"Cultist","floor":4,"turns":1},{"damage":0,"enemies":"Lagavulin","floor":6,"turns":1},{"damage":9,"enemies":"Jaw Worm","floor":7,"turns":5},{"damage":8,"enemies":"Blue Slaver","floor":12,"turns":3},{"damage":15,"enemies":"3 Sentries","floor":13,"turns":9},{"damage":2,"enemies":"2 Fungi Beasts","floor":14,"turns":4},{"damage":57,"enemies":"Slime Boss","floor":16,"turns":12},{"damage":19,"enemies":"Shell Parasite","floor":18,"turns":7},{"damage":30,"enemies":"3 Byrds","floor":25,"turns":4},{"damage":56,"enemies":"Snake Plant","floor":28,"turns":5},{"damage":16,"enemies":"Centurion and Healer","floor":29,"turns":6},{"damage":40,"enemies":"Shelled Parasite and Fungi","floor":30,"turns":6}],"seed_played":"947998737652208414","potions_obtained":[{"floor":4,"key":"FearPotion"},{"floor":6,"key":"Fire Potion"},{"floor":16,"key":"SteroidPotion"},{"floor":18,"key":"Fire Potion"},{"floor":25,"key":"Ancient Potion"}],"is_trial":false,"path_per_floor":["M","?","$","M","?","E","M","R","T","T","R","M","?","M","R","B",null,"M","?","$","?","$","R","T","M","T","R","M","M","M"],"character_chosen":"IRONCLAD","items_purchased":["Madness","Juzu Bracelet","Second Wind"],"campfire_rested":2,"item_purchase_floors":[3,20,22],"current_hp_per_floor":[74,63,63,69,69,75,72,72,72,72,72,70,61,65,65,26,63,50,43,43,43,43,65,65,53,53,75,37,39,0],"gold":312,"neow_bonus":"THREE_ENEMY_KILL","is_prod":false,"is_daily":false,"chose_seed":false,"campfire_upgraded":3,"win_rate":0,"timestamp":1550998096,"path_taken":["M","?","?","M","?","E","M","R","T","?","R","M","?","M","R","BOSS","M","?","$","?","$","R","?","M","T","R","M","M","M"],"build_version":"2019-01-23","purchased_purges":0,"victory":false,"max_hp_per_floor":[75,75,75,75,75,75,75,75,75,75,75,75,75,75,75,75,75,75,75,75,75,75,75,75,75,75,75,75,75,75],"card_choices":[{"not_picked":["Thunderclap","Perfected Strike"],"picked":"Ghostly Armor","floor":1},{"not_picked":["Clash","Pommel Strike"],"picked":"Clothesline","floor":4},{"not_picked":["Bloodletting","Disarm"],"picked":"Havoc","floor":6},{"not_picked":["Perfected Strike","Twin Strike","Searing Blow"],"picked":"SKIP","floor":7},{"not_picked":["Brutality","Twin Strike"],"picked":"Iron Wave","floor":12},{"not_picked":["True Grit","Twin Strike"],"picked":"Cleave","floor":13},{"not_picked":["Sword Boomerang","Warcry"],"picked":"Pommel Strike","floor":14},{"not_picked":["Brutality","Double Tap"],"picked":"Immolate","floor":16},{"not_picked":["Bloodletting","Shrug It Off"],"picked":"Evolve","floor":18},{"not_picked":["Feel No Pain","Ghostly Armor","Entrench"],"picked":"SKIP","floor":25},{"not_picked":["Bloodletting","Pommel Strike"],"picked":"Iron Wave","floor":28},{"not_picked":["Searing Blow","Clash","Pummel"],"picked":"SKIP","floor":29}],"player_experience":438712,"relics_obtained":[{"floor":6,"key":"Whetstone"},{"floor":9,"key":"Meat on the Bone"},{"floor":10,"key":"Incense Burner"},{"floor":13,"key":"Sundial"},{"floor":24,"key":"Tiny Chest"},{"floor":26,"key":"Boot"}],"event_choices":[{"damage_healed":0,"gold_gain":0,"player_choice":"Damaged","damage_taken":11,"max_hp_gain":0,"max_hp_loss":0,"event_name":"Wheel of Change","floor":2,"gold_loss":0},{"damage_healed":0,"gold_gain":57,"player_choice":"Gained Gold","damage_taken":0,"max_hp_gain":0,"max_hp_loss":0,"event_name":"Golden Wing","floor":5,"gold_loss":0},{"damage_healed":0,"gold_gain":30,"player_choice":"Searched \u00272\u0027 times","damage_taken":0,"max_hp_gain":0,"max_hp_loss":0,"event_name":"Dead Adventurer","floor":13,"gold_loss":0},{"damage_healed":0,"gold_gain":0,"player_choice":"","damage_taken":7,"max_hp_gain":0,"max_hp_loss":0,"event_name":"Knowing Skull","floor":19,"potions_obtained":[],"gold_loss":0,"cards_obtained":[]},{"damage_healed":0,"gold_gain":100,"player_choice":"Bet on Murderer","damage_taken":0,"max_hp_gain":0,"max_hp_loss":0,"event_name":"The Joust","floor":21,"gold_loss":50}],"is_beta":false,"boss_relics":[{"not_picked":["Runic Pyramid","Eternal Feather"],"picked":"Empty Cage"}],"items_purged_floors":[],"is_endless":false,"potions_floor_spawned":[4,6,16,18,25],"killed_by":"Shelled Parasite and Fungi","ascension_level":20}