{"gold_per_floor":[19,29,29,104,25,25,60,60,83,2,2,17,29,29,29,29],"floor_reached":16,"playtime":465,"items_purged":[],"score":196,"play_id":"8a8699f5-08cc-4902-91b7-8a1c707837cc","local_time":"20181228221546","is_ascension_mode":true,"campfire_choices":[{"data":"Flex","floor":6,"key":"SMITH"},{"data":"Body Slam","floor":8,"key":"SMITH"},{"data":"Bash","floor":11,"key":"SMITH"},{"data":"True Grit","floor":15,"key":"SMITH"}],"neow_cost":"NO_GOLD","seed_source_timestamp":32466611511992,"circlet_count":0,"master_deck":["AscendersBane","Strike_R","Strike_R","Strike_R","Strike_R","Defend_R","Defend_R","Defend_R","Defend_R","Bash+1","Flex+1","Body Slam+1","Shrug It Off","Iron Wave","Headbutt","Corruption","Inflame","True Grit+1"],"relics":["Burning Blood","Blue Candle","Red Skull"],"potions_floor_usage":[7],"damage_taken":[{"damage":9,"enemies":"2 Louse","floor":1,"turns":4},{"damage":7,"enemies":"Small Slimes","floor":2,"turns":3},{"damage":52,"enemies":"3 Sentries","floor":7,"turns":14},{"damage":2,"enemies":"Jaw Worm","floor":12,"turns":3},{"damage":20,"enemies":"Lots of Slimes","floor":13,"turns":5},{"damage":19,"enemies":"The Guardian","floor":16,"turns":5}],"seed_played":"4075252821054052164","potions_obtained":[{"floor":2,"key":"Swift Potion"}],"is_trial":false,"path_per_floor":["M","M","?","?","$","R","E","R","T","$","R","M","M","?","R","B"],"character_chosen":"IRONCLAD","items_purchased":["Shrug It Off","Iron Wave","Corruption"],"campfire_rested":0,"item_purchase_floors":[5,5,10],"current_hp_per_floor":[79,78,83,72,72,72,26,26,26,26,26,30,16,16,16,0],"gold":29,"neow_bonus":"TWENTY_PERCENT_HP_BONUS","is_prod":false,"is_daily":false,"chose_seed":false,"campfire_upgraded":4,"win_rate":0,"timestamp":1546031746,"path_taken":["M","M","?","?","$","R","E","R","T","?","R","M","?","?","R","BOSS"],"build_version":"2018-12-25","purchased_purges":0,"victory":false,"max_hp_per_floor":[89,89,94,94,94,94,94,94,94,94,94,94,94,94,94,94],"card_choices":[{"not_picked":["Pommel Strike","Anger"],"picked":"Flex","floor":1},{"not_picked":["Sever Soul","Clash"],"picked":"Body Slam","floor":2},{"not_picked":["Intimidate","Searing Blow"],"picked":"Headbutt","floor":7},{"not_picked":["Warcry","Body Slam"],"picked":"Inflame","floor":12},{"not_picked":["Power Through","Warcry"],"picked":"True Grit","floor":13}],"player_experience":875517,"relics_obtained":[{"floor":7,"key":"Blue Candle"},{"floor":9,"key":"Red Skull"}],"event_choices":[{"damage_healed":0,"gold_gain":0,"player_choice":"Donut","damage_taken":0,"max_hp_gain":5,"max_hp_loss":0,"event_name":"Big Fish","floor":3,"gold_loss":0},{"damage_healed":0,"gold_gain":75,"player_choice":"Gather Gold","damage_taken":11,"max_hp_gain":0,"max_hp_loss":0,"event_name":"World of Goop","floor":4,"gold_loss":0},{"cards_removed":["Strike_R"],"damage_healed":0,"gold_gain":0,"player_choice":"Card Removal","damage_taken":0,"max_hp_gain":0,"max_hp_loss":0,"event_name":"Wheel of Change","floor":14,"gold_loss":0}],"is_beta":true,"boss_relics":[],"items_purged_floors":[],"is_endless":false,"potions_floor_spawned":[2],"killed_by":"The Guardian","ascension_level":20}