{"gold_per_floor":[11,31,106,123,140,140,160,160,160,186,186,197,197,28,28,28],"floor_reached":16,"playtime":618,"items_purged":[],"score":204,"play_id":"3e74ab47-aa02-45b9-81c7-08a5a253688d","local_time":"20181026001649","is_ascension_mode":true,"campfire_choices":[{"floor":6,"key":"REST"},{"data":"Neutralize","floor":8,"key":"SMITH"},{"floor":11,"key":"REST"},{"data":"Dash","floor":13,"key":"SMITH"},{"data":"Tools of the Trade","floor":15,"key":"SMITH"}],"neow_cost":"NO_GOLD","seed_source_timestamp":14830486216618,"circlet_count":0,"master_deck":["Defend_G","Defend_G","Defend_G","Defend_G","Defend_G","Strike_G","Strike_G","Strike_G","Strike_G","Strike_G","Survivor","Neutralize+1","AscendersBane","Tools of the Trade+1","Dagger Throw","Quick Slash","Flying Knee","Tools of the Trade","Underhanded Strike","Flying Knee","Dash+1"],"relics":["Ring of the Snake","Strawberry","Potion Belt","Blood Vial"],"potions_floor_usage":[7,7,12],"damage_taken":[{"damage":6,"enemies":"Small Slimes","floor":1,"turns":4},{"damage":4,"enemies":"Cultist","floor":2,"turns":4},{"damage":2,"enemies":"Jaw Worm","floor":4,"turns":4},{"damage":28,"enemies":"Exordium Thugs","floor":5,"turns":6},{"damage":3,"enemies":"Exordium Wildlife","floor":7,"turns":5},{"damage":17,"enemies":"Lagavulin","floor":10,"turns":6},{"damage":1,"enemies":"Large Slime","floor":12,"turns":4},{"damage":53,"enemies":"Slime Boss","floor":16,"turns":9}],"seed_played":"-8994651088590394313","potions_obtained":[{"floor":4,"key":"PowerPotion"},{"floor":5,"key":"Block Potion"},{"floor":10,"key":"AttackPotion"}],"is_trial":false,"path_per_floor":["M","M","?","M","M","R","M","R","T","E","R","M","R","$","R"],"character_chosen":"THE_SILENT","items_purchased":["Blood Vial"],"campfire_rested":2,"item_purchase_floors":[14],"current_hp_per_floor":[53,49,38,36,8,27,24,24,31,14,35,34,34,34,34,0],"gold":28,"neow_bonus":"THREE_RARE_CARDS","is_prod":false,"is_daily":false,"chose_seed":false,"campfire_upgraded":3,"win_rate":0,"timestamp":1540505809,"path_taken":["M","M","?","M","M","R","?","R","T","E","R","M","R","$","R","BOSS"],"build_version":"2018-10-25v2","purchased_purges":0,"victory":false,"max_hp_per_floor":[66,66,66,66,66,66,66,66,73,73,73,73,73,73,73,73],"card_choices":[{"not_picked":["Grand Finale","Burst"],"picked":"Tools of the Trade","floor":0},{"not_picked":["Underhanded Strike","Backflip"],"picked":"Dagger Throw","floor":1},{"not_picked":["Prepared","Acrobatics"],"picked":"Quick Slash","floor":2},{"not_picked":["Underhanded Strike","Cloak And Dagger"],"picked":"Flying Knee","floor":4},{"not_picked":["Backflip","Distraction"],"picked":"Tools of the Trade","floor":5},{"not_picked":["Accuracy","Prepared"],"picked":"Underhanded Strike","floor":7},{"not_picked":["Distraction","Dagger Spray"],"picked":"Flying Knee","floor":10},{"not_picked":["Backflip","Dagger Throw"],"picked":"Dash","floor":12}],"player_experience":743841,"relics_obtained":[{"floor":9,"key":"Strawberry"},{"floor":10,"key":"Potion Belt"}],"event_choices":[{"damage_healed":0,"gold_gain":75,"player_choice":"Gather Gold","damage_taken":11,"max_hp_gain":0,"max_hp_loss":0,"event_name":"World of Goop","floor":3,"gold_loss":0}],"is_beta":true,"boss_relics":[],"items_purged_floors":[],"is_endless":false,"potions_floor_spawned":[4,5,10],"killed_by":"Slime Boss","ascension_level":20}