{"path_per_floor":["M","M","?","M","?","R","M","M","T","R","M","?","M","M","R","B",null,"M","$","M","M","?","M","R","M","T","R","?","M","?"],"character_chosen":"IRONCLAD","items_purchased":["Pummel","Shovel"],"gold_per_floor":[114,129,129,148,148,148,167,186,236,236,255,255,274,293,293,418,418,437,58,77,96,96,115,115,134,134,134,134,153,68,68],"floor_reached":31,"campfire_rested":3,"playtime":813,"current_hp_per_floor":[94,91,68,71,71,94,94,94,94,94,87,87,93,94,94,94,94,58,58,64,40,40,27,55,43,43,71,71,7,7,0],"items_purged":[],"gold":68,"score":283,"play_id":"22e05344-b7f4-402d-9448-f3aa06e1f987","local_time":"20180414033615","daily_mods":["Heirloom","Lethality","Binary"],"is_prod":false,"is_daily":true,"chose_seed":false,"is_ascension_mode":false,"campfire_upgraded":2,"timestamp":1523685975,"path_taken":["M","M","?","M","?","R","M","M","T","R","M","?","M","M","R","BOSS","M","$","M","M","?","M","R","M","T","R","?","M","?","?"],"build_version":"2018-04-12","seed_source_timestamp":0,"purchased_purges":0,"victory":false,"master_deck":["Strike_R","Strike_R","Strike_R","Strike_R","Strike_R","Defend_R","Defend_R","Defend_R","Defend_R","Bash","Flex+1","Cleave+1","Thunderclap+1","Ghostly Armor+1","Limit Break","Heavy Blade","Pummel","Heavy Blade+1","Writhe","Flex","Burning Pact"],"max_hp_per_floor":[94,94,94,94,94,94,94,94,94,94,94,94,94,94,94,94,94,94,94,94,94,94,94,94,94,94,94,94,94,94,94],"relics":["Burning Blood","Mango","Golden Idol","Ancient Tea Set","Runic Pyramid","Shovel","Oddly Smooth Stone","Peace Pipe","Bird Faced Urn"],"card_choices":[{"not_picked":["Body Slam"],"picked":"Flex","floor":1},{"not_picked":["Reckless Charge"],"picked":"Cleave","floor":2},{"not_picked":["Headbutt"],"picked":"Thunderclap","floor":7},{"not_picked":["Perfected Strike"],"picked":"Ghostly Armor","floor":8},{"not_picked":["Impervious"],"picked":"Limit Break","floor":16},{"not_picked":["Rupture"],"picked":"Heavy Blade","floor":18},{"not_picked":["Reckless Charge"],"picked":"Heavy Blade","floor":20},{"not_picked":["Heavy Blade"],"picked":"Flex","floor":25},{"not_picked":["Twin Strike"],"picked":"Burning Pact","floor":29}],"player_experience":331848,"potions_floor_usage":[8,11,18,23,23,31],"damage_taken":[{"damage":0,"enemies":"Small Slimes","floor":1,"turns":3},{"damage":9,"enemies":"Jaw Worm","floor":2,"turns":2},{"damage":3,"enemies":"2 Louse","floor":4,"turns":2},{"damage":0,"enemies":"Lots of Slimes","floor":7,"turns":1},{"damage":4,"enemies":"Looter","floor":8,"turns":2},{"damage":13,"enemies":"2 Fungi Beasts","floor":11,"turns":3},{"damage":0,"enemies":"3 Louse","floor":13,"turns":1},{"damage":1,"enemies":"Red Slaver","floor":14,"turns":2},{"damage":0,"enemies":"Slime Boss","floor":16,"turns":4},{"damage":42,"enemies":"2 Thieves","floor":18,"turns":4},{"damage":0,"enemies":"Spheric Guardian","floor":20,"turns":3},{"damage":30,"enemies":"Snake Plant","floor":21,"turns":3},{"damage":19,"enemies":"Centurion and Healer","floor":23,"turns":5},{"damage":18,"enemies":"Snecko","floor":25,"turns":3},{"damage":70,"enemies":"Chosen and Byrds","floor":29,"turns":5},{"damage":11,"enemies":"Centurion and Healer","floor":31,"turns":1}],"event_choices":[{"event_name":"Golden Idol","player_choice":"Take Damage","floor":3,"damage_taken":0},{"event_name":"Living Wall","player_choice":"Grow","floor":5,"damage_taken":0},{"event_name":"Upgrade Shrine","player_choice":"Upgraded","floor":12,"damage_taken":0},{"event_name":"The Mausoleum","player_choice":"Yes","floor":22,"damage_taken":0},{"event_name":"Vampires","player_choice":"Ignored","floor":28,"damage_taken":0},{"event_name":"Addict","player_choice":"Obtained Relic","floor":30,"damage_taken":0}],"boss_relics":[{"not_picked":["Ectoplasm","Pandora\u0027s Box"],"picked":"Runic Pyramid"}],"potions_floor_spawned":[2,7,14,20,21,29],"seed_played":"8258766859312975591","killed_by":"Centurion and Healer","ascension_level":0,"is_trial":false}