{"gold_per_floor":[119,135,153,164,164,164,193,205,231,257,268,244,277,277,277,378,378,390,402,402,86,103,103,128,80,80,80,80,98,123,138,138,237,237,266,75,91,107,107,120,30,30,55,86,36,53,73,86,86,86],"floor_reached":50,"playtime":3665,"items_purged":["Spot Weakness","Normality","Decay"],"score":639,"play_id":"6d73d276-fc40-4f8c-bb73-8e38ff4bc6ee","local_time":"20190223235711","is_ascension_mode":true,"campfire_choices":[{"data":"Intimidate","floor":6,"key":"SMITH"},{"data":"Clothesline","floor":15,"key":"SMITH"},{"data":"Distraction","floor":23,"key":"SMITH"},{"data":"Metallicize","floor":27,"key":"SMITH"},{"data":"Dual Wield","floor":32,"key":"SMITH"},{"data":"Footwork","floor":42,"key":"SMITH"},{"data":"Metallicize","floor":49,"key":"SMITH"}],"neow_cost":"NONE","seed_source_timestamp":8935218269220,"circlet_count":0,"master_deck":["Strike_R","Strike_R","Strike_R+1","Strike_R","Strike_R","Defend_R+1","Defend_R","Defend_R+1","Defend_R","Bash","Perfected Strike+1","Power Through","Metallicize+1","Intimidate+1","Juggernaut","Clash+1","Cleave+1","Clothesline+1","Demon Form","Iron Wave","Metallicize+1","Distraction+1","Footwork+1","Ghostly","Ghostly","Ghostly","Ghostly","Ghostly","Dual Wield+1","Madness","Venomology","Self Repair","Metallicize","Reaper","Parasite","Prepared+1"],"relics":["Burning Blood","Self Forming Clay","Smiling Mask","War Paint","Whetstone","Pen Nib","Coffee Dripper","Spirit Poop","PrismaticShard","Bottled Tornado","Red Skull","Pear","Calling Bell","MawBank","Kunai","Mango","Orichalcum","Anchor","Meat on the Bone"],"potions_floor_usage":[7,10,16,18,18,19,24,30,31,38,44,46,47,47,47,48,50,50],"damage_taken":[{"damage":6,"enemies":"Cultist","floor":1,"turns":3},{"damage":9,"enemies":"Jaw Worm","floor":2,"turns":3},{"damage":0,"enemies":"Small Slimes","floor":3,"turns":4},{"damage":5,"enemies":"3 Louse","floor":4,"turns":4},{"damage":14,"enemies":"3 Sentries","floor":7,"turns":10},{"damage":6,"enemies":"Exordium Wildlife","floor":8,"turns":3},{"damage":10,"enemies":"Gremlin Nob","floor":10,"turns":4},{"damage":3,"enemies":"Exordium Thugs","floor":11,"turns":5},{"damage":4,"enemies":"3 Sentries","floor":13,"turns":5},{"damage":33,"enemies":"Hexaghost","floor":16,"turns":10},{"damage":2,"enemies":"Spheric Guardian","floor":18,"turns":3},{"damage":19,"enemies":"2 Thieves","floor":19,"turns":4},{"damage":21,"enemies":"Snecko","floor":22,"turns":5},{"damage":36,"enemies":"Gremlin Leader","floor":24,"turns":6},{"damage":0,"enemies":"Centurion and Healer","floor":29,"turns":6},{"damage":2,"enemies":"Book of Stabbing","floor":30,"turns":6},{"damage":15,"enemies":"Chosen and Byrds","floor":31,"turns":7},{"damage":7,"enemies":"Automaton","floor":33,"turns":12},{"damage":4,"enemies":"Orb Walker","floor":35,"turns":6},{"damage":10,"enemies":"3 Shapes","floor":37,"turns":7},{"damage":50,"enemies":"Jaw Worm Horde","floor":38,"turns":8},{"damage":2,"enemies":"4 Shapes","floor":40,"turns":3},{"damage":21,"enemies":"Nemesis","floor":44,"turns":11},{"damage":31,"enemies":"Maw","floor":46,"turns":9},{"damage":0,"enemies":"Writhing Mass","floor":47,"turns":11},{"damage":4,"enemies":"Jaw Worm Horde","floor":48,"turns":7},{"damage":103,"enemies":"Awakened One","floor":50,"turns":14}],"seed_played":"6062102484822003626","potions_obtained":[{"floor":2,"key":"SteroidPotion"},{"floor":7,"key":"Weak Potion"},{"floor":11,"key":"FearPotion"},{"floor":13,"key":"Block Potion"},{"floor":16,"key":"SkillPotion"},{"floor":18,"key":"Weak Potion"},{"floor":19,"key":"Energy Potion"},{"floor":29,"key":"Ancient Potion"},{"floor":33,"key":"LiquidBronze"},{"floor":35,"key":"GamblersBrew"},{"floor":48,"key":"LiquidBronze"}],"is_trial":false,"path_per_floor":["M","M","M","M","?","R","E","M","T","E","M","?","E","?","R","B",null,"M","M","?","$","M","R","E","$","T","R","?","M","E","M","R","B",null,"M","$","M","M","?","M","?","R","T","E","$","M","M","M","R","B"],"character_chosen":"IRONCLAD","items_purchased":["Metallicize","PrismaticShard","PowerPotion","Orichalcum"],"campfire_rested":0,"item_purchase_floors":[21,21,25,36],"current_hp_per_floor":[88,85,88,88,88,88,80,80,80,76,79,79,81,81,81,54,88,88,75,75,75,60,60,30,30,30,30,30,36,50,41,41,40,68,68,68,68,31,31,42,42,42,42,34,34,37,59,68,68,0],"gold":86,"neow_bonus":"TEN_PERCENT_HP_BONUS","is_prod":false,"is_daily":false,"chose_seed":false,"campfire_upgraded":7,"win_rate":0,"timestamp":1550966231,"path_taken":["M","M","?","M","?","R","E","M","T","E","M","?","E","?","R","BOSS","M","M","?","$","M","R","E","?","T","R","?","M","E","M","R","BOSS","M","$","M","M","?","M","?","R","T","E","$","M","M","M","R","BOSS"],"build_version":"2019-01-23","purchased_purges":3,"victory":false,"max_hp_per_floor":[88,88,88,88,88,88,88,88,88,88,88,88,88,88,88,88,88,88,88,88,88,88,88,88,88,88,88,44,44,54,54,54,54,68,68,68,68,68,68,68,68,68,68,68,68,68,68,68,68,68],"card_choices":[{"not_picked":["Warcry","Sentinel"],"picked":"Perfected Strike","floor":1},{"not_picked":["Clothesline","Perfected Strike"],"picked":"Power Through","floor":2},{"not_picked":["Sever Soul","Cleave"],"picked":"Metallicize","floor":3},{"not_picked":["Bloodletting","Combust"],"picked":"Intimidate","floor":4},{"not_picked":["Rampage","Clothesline"],"picked":"Juggernaut","floor":7},{"not_picked":["Pummel","Armaments"],"picked":"Clash","floor":8},{"not_picked":["Warcry","Havoc"],"picked":"Spot Weakness","floor":10},{"not_picked":["Feed","Headbutt"],"picked":"Cleave","floor":11},{"not_picked":["Thunderclap","Pommel Strike"],"picked":"Clothesline","floor":13},{"not_picked":["Double Tap","Berserk"],"picked":"Demon Form","floor":16},{"not_picked":["Rupture+1","Body Slam","Havoc"],"picked":"SKIP","floor":18},{"not_picked":["Anger","Fire Breathing"],"picked":"Iron Wave","floor":19},{"not_picked":["Rebound","Heavy Blade+1"],"picked":"Distraction","floor":22},{"not_picked":["Beam Cell","Armaments"],"picked":"Footwork","floor":24},{"not_picked":["Skewer","Bouncing Flask"],"picked":"Dual Wield","floor":29},{"not_picked":["Streamline","Combust"],"picked":"Madness","floor":30},{"not_picked":["Barricade","Blade Dance","Stack"],"picked":"SKIP","floor":31},{"not_picked":["Secret Weapon","Magnetism"],"picked":"Venomology","floor":33},{"not_picked":["Perfected Strike","Forethought"],"picked":"Self Repair","floor":35},{"not_picked":["Cleave","Ball Lightning","Dagger Spray+1"],"picked":"SKIP","floor":37},{"not_picked":["Scrape","Clothesline+1","Flechettes+1"],"picked":"SKIP","floor":38},{"not_picked":["Cold Snap+1","Cleave+1"],"picked":"Metallicize","floor":40},{"not_picked":["Force Field","Setup"],"picked":"Reaper","floor":44},{"not_picked":["Go for the Eyes+1","Flechettes","Sucker Punch"],"picked":"SKIP","floor":46},{"not_picked":["Acrobatics","Blade Dance+1"],"picked":"Prepared+1","floor":47},{"not_picked":["Dagger Spray","Twin Strike","Lockon"],"picked":"SKIP","floor":48}],"player_experience":160106,"relics_obtained":[{"floor":7,"key":"Self Forming Clay"},{"floor":9,"key":"Smiling Mask"},{"floor":10,"key":"War Paint"},{"floor":13,"key":"Whetstone"},{"floor":24,"key":"Bottled Tornado"},{"floor":26,"key":"Red Skull"},{"floor":30,"key":"Pear"},{"floor":34,"key":"MawBank"},{"floor":34,"key":"Kunai"},{"floor":34,"key":"Mango"},{"floor":43,"key":"Anchor"},{"floor":44,"key":"Meat on the Bone"}],"event_choices":[{"damage_healed":0,"gold_gain":0,"player_choice":"Grow","damage_taken":0,"max_hp_gain":0,"max_hp_loss":0,"event_name":"Living Wall","floor":5,"gold_loss":0,"cards_upgraded":["Perfected Strike"]},{"damage_healed":0,"gold_gain":0,"player_choice":"Left Gold","damage_taken":0,"max_hp_gain":0,"max_hp_loss":0,"event_name":"World of Goop","floor":12,"gold_loss":24},{"damage_healed":0,"gold_gain":0,"player_choice":"Box","damage_taken":0,"relics_obtained":["Pen Nib"],"max_hp_gain":0,"max_hp_loss":0,"event_name":"Big Fish","floor":14,"gold_loss":0,"cards_obtained":["Regret"]},{"cards_removed":["Regret"],"damage_healed":0,"gold_gain":0,"player_choice":"Offered Curse","damage_taken":0,"relics_obtained":["Spirit Poop"],"max_hp_gain":0,"max_hp_loss":0,"event_name":"Bonfire Elementals","floor":20,"gold_loss":0},{"damage_healed":0,"gold_gain":0,"player_choice":"Became a Ghost","damage_taken":0,"max_hp_gain":0,"max_hp_loss":44,"event_name":"Ghosts","floor":28,"gold_loss":0,"cards_obtained":["Ghostly","Ghostly","Ghostly","Ghostly","Ghostly"]},{"damage_healed":0,"gold_gain":0,"player_choice":"Ignored","damage_taken":0,"max_hp_gain":0,"max_hp_loss":0,"event_name":"The Moai Head","floor":39,"gold_loss":0},{"cards_removed":["Pain"],"damage_healed":0,"gold_gain":0,"player_choice":"Upgrade and Remove","damage_taken":0,"max_hp_gain":0,"max_hp_loss":0,"event_name":"Designer","floor":41,"gold_loss":90,"cards_upgraded":["Clash"]}],"is_beta":false,"boss_relics":[{"not_picked":["Eternal Feather","Fusion Hammer"],"picked":"Coffee Dripper"},{"not_picked":["White Beast Statue","Pandora\u0027s Box"],"picked":"Calling Bell"}],"items_purged_floors":[21,36,45],"is_endless":false,"potions_floor_spawned":[2,7,11,13,16,18,19,29,33,35,44,48],"killed_by":"Awakened One","ascension_level":2}