{"path_per_floor":["M","?","?","$","?","M","R","M","T","M","$","$","M","M","R","B",null,"M","$","M","M","?","R","M","$","T","M","M","R","M","M","R","B",null,"M","M","M","$","?","E","R","M","T","$","?","M","R","M","R","B"],"character_chosen":"THE_SILENT","items_purchased":["Melter","Sunder","Endless Agony","FairyPotion","Clash","Kunai","Backstab"],"gold_per_floor":[114,114,114,45,45,60,60,75,75,90,11,11,26,41,41,141,141,156,37,52,97,97,97,112,89,114,129,144,144,159,174,174,274,274,289,304,319,69,69,99,99,114,114,46,46,61,61,76,76,76],"floor_reached":51,"campfire_rested":2,"playtime":4379,"current_hp_per_floor":[70,70,70,70,70,69,69,66,66,66,66,66,66,66,66,8,70,70,70,68,67,54,54,61,61,61,61,66,66,66,61,80,50,80,86,79,73,73,62,56,82,82,82,82,82,82,82,81,81,68],"items_purged":[],"gold":76,"score":725,"play_id":"0db39994-0ed4-4493-81d0-bb4045da8c1b","local_time":"20180509023248","daily_mods":["Diverse","Binary","Vintage"],"is_prod":false,"is_daily":true,"chose_seed":false,"is_ascension_mode":false,"campfire_upgraded":4,"timestamp":1525842168,"path_taken":["M","?","?","$","?","M","R","M","T","M","?","$","?","M","R","BOSS","M","$","M","M","?","R","M","$","T","M","M","R","M","M","R","BOSS","M","M","M","$","?","E","R","M","T","$","?","M","R","M","R","BOSS"],"build_version":"2018-05-07","seed_source_timestamp":0,"purchased_purges":0,"victory":true,"master_deck":["Defend_G","Defend_G","Defend_G","Defend_G","Defend_G","Strike_G","Strike_G+1","Strike_G","Strike_G","Strike_G","Survivor+1","Neutralize+1","Melter+1","Sunder+1","Venomology","Endless Agony","Clash+1","Hello World","Wraith Form v2","Madness","Madness","Dash+1","Backstab+1"],"max_hp_per_floor":[70,70,70,70,70,70,70,70,70,70,70,70,70,70,70,70,70,70,70,70,70,75,75,75,75,75,75,80,80,80,80,80,80,80,87,87,87,87,87,87,87,87,87,87,87,87,87,87,87,87],"relics":["Ring of the Snake","Shuriken","Ninja Scroll","Bag of Marbles","Pen Nib","Girya","Tough Bandages","Du-Vu Doll","Happy Flower","Philosopher\u0027s Stone","Ancient Tea Set","Whetstone","Tiny Chest","Letter Opener","Dream Catcher","Juzu Bracelet","Darkstone Periapt","Art of War","Centennial Puzzle","Ice Cream","Lizard Tail","Strawberry","Molten Egg 2","Mercury Hourglass","Kunai","Unceasing Top","Paper Crane","Pantograph","Blue Candle","Singing Bowl"],"card_choices":[{"not_picked":["Tools of the Trade"],"picked":"Venomology","floor":16},{"not_picked":["Outmaneuver"],"picked":"Hello World","floor":32},{"not_picked":["Nova"],"picked":"Wraith Form v2","floor":33},{"not_picked":["Flying Knee"],"picked":"Dash","floor":41}],"player_experience":406964,"potions_floor_usage":[16,16,16,21,21,21,24,24,28,31,33,33,37,40,46,50,50,50,50],"damage_taken":[{"damage":0,"enemies":"Small Slimes","floor":1,"turns":4},{"damage":1,"enemies":"Cultist","floor":6,"turns":4},{"damage":3,"enemies":"Jaw Worm","floor":8,"turns":2},{"damage":0,"enemies":"2 Fungi Beasts","floor":10,"turns":2},{"damage":0,"enemies":"Gremlin Gang","floor":13,"turns":1},{"damage":0,"enemies":"Exordium Wildlife","floor":14,"turns":1},{"damage":58,"enemies":"The Guardian","floor":16,"turns":17},{"damage":0,"enemies":"Spheric Guardian","floor":18,"turns":1},{"damage":2,"enemies":"Shell Parasite","floor":20,"turns":3},{"damage":1,"enemies":"Centurion and Healer","floor":21,"turns":4},{"damage":0,"enemies":"Snecko","floor":24,"turns":2},{"damage":0,"enemies":"Sentry and Sphere","floor":27,"turns":2},{"damage":0,"enemies":"Snake Plant","floor":28,"turns":1},{"damage":0,"enemies":"Snecko","floor":30,"turns":2},{"damage":5,"enemies":"Centurion and Healer","floor":31,"turns":2},{"damage":42,"enemies":"Automaton","floor":33,"turns":8},{"damage":1,"enemies":"Orb Walker","floor":35,"turns":3},{"damage":7,"enemies":"Flame Bruiser 1 Orb","floor":36,"turns":3},{"damage":6,"enemies":"Sphere and 2 Shapes","floor":37,"turns":3},{"damage":6,"enemies":"2 Orb Walkers","floor":40,"turns":5},{"damage":0,"enemies":"Maw","floor":42,"turns":6},{"damage":0,"enemies":"3 Darklings","floor":46,"turns":3},{"damage":1,"enemies":"Spire Growth","floor":48,"turns":3},{"damage":19,"enemies":"Donu and Deca","floor":50,"turns":7}],"event_choices":[{"event_name":"The Lab","player_choice":"Got Potions","floor":2,"damage_taken":0},{"event_name":"The Woman in Blue","player_choice":"Bought 0 Potions","floor":3,"damage_taken":0},{"event_name":"The Cleric","player_choice":"Leave","floor":5,"damage_taken":0},{"event_name":"Forgotten Altar","player_choice":"Shed Blood","floor":22,"damage_taken":0},{"event_name":"Winding Halls","player_choice":"Embrace Madness","floor":39,"damage_taken":0},{"event_name":"Mysterious Sphere","player_choice":"Ignore","floor":45,"damage_taken":0}],"boss_relics":[{"not_picked":["Runic Pyramid","White Beast Statue"],"picked":"Philosopher\u0027s Stone"},{"not_picked":["Black Star","Runic Dome"],"picked":"Lizard Tail"}],"potions_floor_spawned":[1,6,8,20,21,27,30,35,40,46],"seed_played":"-2911517459115267466","ascension_level":0,"is_trial":false}