{"path_per_floor":["M","M","$","?","$","R","M","R","T","M","E","$","M","M","R","B",null,"M","$","?","?","M"],"character_chosen":"DEFECT","items_purchased":["Loop","Go for the Eyes"],"gold_per_floor":[116,133,52,52,52,52,70,70,70,86,113,38,51,66,66,166,166,184,38,38,137,147,147],"floor_reached":23,"campfire_rested":0,"playtime":1063,"item_purchase_floors":[3,19],"current_hp_per_floor":[82,82,82,75,75,75,75,75,89,89,83,83,77,65,65,36,96,59,59,59,59,47,0],"items_purged":["Strike_B","Defend_B"],"gold":147,"score":235,"play_id":"cfea6c87-5da4-40d0-90de-cd02058cf303","local_time":"20180621180235","is_prod":false,"is_daily":false,"chose_seed":false,"is_ascension_mode":true,"campfire_upgraded":3,"win_rate":0,"timestamp":1529618555,"campfire_choices":[{"data":"Dualcast","floor":6,"key":"SMITH"},{"data":"Loop","floor":8,"key":"SMITH"},{"data":"Redo","floor":15,"key":"SMITH"}],"path_taken":["M","M","$","?","$","R","M","R","T","?","E","$","M","M","R","BOSS","M","$","?","?","M","E"],"build_version":"2018-06-14v2","seed_source_timestamp":156591131522274,"purchased_purges":2,"victory":false,"master_deck":["Defend_B","Defend_B","Defend_B","Zap","Dualcast+1","Redo+1","Ball Lightning","Loop+1","Multi-Cast","Go for the Eyes","Go for the Eyes","Bite","Bite","Bite","Bite","Bite"],"max_hp_per_floor":[82,82,82,82,82,82,82,82,96,96,96,96,96,96,96,96,96,96,96,67,67,67,67],"relics":["Cracked Core","Strawberry","Letter Opener","Mango","Bottled Flame","Inserter"],"card_choices":[{"not_picked":["White Noise","Stack"],"picked":"Redo","floor":1},{"not_picked":["Force Field","Redo"],"picked":"Ball Lightning","floor":2},{"not_picked":["Streamline","Cold Snap","Beam Cell"],"picked":"SKIP","floor":7},{"not_picked":["Streamline","Cold Snap","Beam Cell"],"picked":"SKIP","floor":7},{"not_picked":["Beam Cell","Reinforced Body","Rip and Tear"],"picked":"SKIP","floor":10},{"not_picked":["Stack","Loop","Redo"],"picked":"SKIP","floor":11},{"not_picked":["Fusion","Beam Cell","Glacier"],"picked":"SKIP","floor":13},{"not_picked":["Hologram","Glacier","Chaos"],"picked":"SKIP","floor":14},{"not_picked":["Amplify","Buffer"],"picked":"Multi-Cast","floor":16},{"not_picked":["Rebound","Reinforced Body+1"],"picked":"Go for the Eyes","floor":18},{"not_picked":["Rebound","Storm","Self Repair"],"picked":"SKIP","floor":22}],"player_experience":251022,"potions_floor_usage":[10,16],"damage_taken":[{"damage":0,"enemies":"Cultist","floor":1,"turns":4},{"damage":0,"enemies":"Small Slimes","floor":2,"turns":2},{"damage":0,"enemies":"2 Louse","floor":7,"turns":2},{"damage":0,"enemies":"Lots of Slimes","floor":10,"turns":1},{"damage":6,"enemies":"3 Sentries","floor":11,"turns":4},{"damage":6,"enemies":"2 Fungi Beasts","floor":13,"turns":2},{"damage":12,"enemies":"Exordium Wildlife","floor":14,"turns":3},{"damage":29,"enemies":"The Guardian","floor":16,"turns":7},{"damage":37,"enemies":"Shell Parasite","floor":18,"turns":5},{"damage":22,"enemies":"Chosen","floor":22,"turns":4},{"damage":71,"enemies":"Gremlin Leader","floor":23,"turns":6}],"relics_obtained":[{"floor":9,"key":"Mango"},{"floor":11,"key":"Bottled Flame"}],"event_choices":[{"event_name":"Scrap Ooze","player_choice":"success","floor":4,"damage_taken":7},{"event_name":"Vampires","player_choice":"Became a vampire","floor":20,"damage_taken":0},{"event_name":"Nest","player_choice":"Stole From Cult","floor":21,"damage_taken":0}],"boss_relics":[{"not_picked":["Cursed Key","Orrery"],"picked":"Inserter"}],"items_purged_floors":[12,19],"is_endless":false,"potions_floor_spawned":[2,14,16,22],"seed_played":"4412379305292032847","killed_by":"Gremlin Leader","ascension_level":2,"potions_obtained":[{"floor":2,"key":"Explosive Potion"},{"floor":14,"key":"PowerPotion"},{"floor":16,"key":"SkillPotion"},{"floor":22,"key":"LiquidBronze"}],"is_trial":false}