{"gold_per_floor":[361,379,389,139,139,165,165,115,188,221,231,231,259,279,279,382,382,402,417,417,82,7,7,27,41,88,17,17],"floor_reached":28,"playtime":971,"items_purged":["Strike_B","Strike_B"],"score":333,"play_id":"7bec320c-f743-44bb-9faa-3d40f76fe663","local_time":"20190119003802","is_ascension_mode":true,"campfire_choices":[{"data":"Static Discharge","floor":12,"key":"SMITH"},{"floor":15,"key":"REST"},{"data":"Chill","floor":23,"key":"SMITH"}],"neow_cost":"TEN_PERCENT_HP_LOSS","seed_source_timestamp":461084116390377,"circlet_count":0,"master_deck":["Strike_B","Defend_B","Defend_B","Defend_B","Zap","Dualcast","Cold Snap","Sweeping Beam","Melter","Apotheosis+1","Cold Snap","Blizzard","Static Discharge+1","Coolheaded","Chill+1","Machine Learning","Hologram+1","Trip","Hologram+1","Conserve Battery+1","Defragment"],"relics":["Cracked Core","Ancient Tea Set","Anchor","Mercury Hourglass","Pear","Dream Catcher","Nuclear Battery","Nilry\u0027s Codex","Oddly Smooth Stone","Omamori"],"potions_floor_usage":[],"damage_taken":[{"damage":0,"enemies":"Cultist","floor":1,"turns":3},{"damage":3,"enemies":"Small Slimes","floor":2,"turns":4},{"damage":2,"enemies":"2 Louse","floor":3,"turns":2},{"damage":4,"enemies":"Lagavulin","floor":6,"turns":5},{"damage":8,"enemies":"Gremlin Nob","floor":10,"turns":3},{"damage":0,"enemies":"2 Fungi Beasts","floor":11,"turns":2},{"damage":8,"enemies":"3 Sentries","floor":13,"turns":3},{"damage":9,"enemies":"Blue Slaver","floor":14,"turns":3},{"damage":21,"enemies":"Slime Boss","floor":16,"turns":5},{"damage":0,"enemies":"3 Byrds","floor":18,"turns":5},{"damage":2,"enemies":"Spheric Guardian","floor":19,"turns":3},{"damage":8,"enemies":"3 Cultists","floor":24,"turns":3},{"damage":6,"enemies":"Snake Plant","floor":25,"turns":4},{"damage":39,"enemies":"Cultist and Chosen","floor":28,"turns":6}],"seed_played":"8766252189946667848","potions_obtained":[{"floor":2,"key":"Dexterity Potion"},{"floor":10,"key":"Strength Potion"},{"floor":14,"key":"Strength Potion"}],"is_trial":false,"path_per_floor":["M","M","M","$","?","E","?","?","T","E","M","R","E","M","R","B",null,"M","M","?","$","?","R","M","M","T","$","M"],"character_chosen":"DEFECT","items_purchased":["Apotheosis","Oddly Smooth Stone","Trip","Defragment"],"campfire_rested":1,"item_purchase_floors":[4,21,21,27],"current_hp_per_floor":[68,65,63,63,56,52,52,52,52,54,54,54,46,37,60,39,68,68,66,50,50,50,50,42,36,36,36,0],"gold":17,"neow_bonus":"TWO_FIFTY_GOLD","is_prod":false,"is_daily":false,"chose_seed":false,"campfire_upgraded":2,"win_rate":0,"timestamp":1547876282,"path_taken":["M","?","M","$","?","E","?","?","T","E","M","R","E","M","R","BOSS","M","M","?","$","?","R","M","M","T","?","M"],"build_version":"2019-01-17v2","purchased_purges":2,"victory":false,"max_hp_per_floor":[68,68,68,68,68,68,68,68,68,78,78,78,78,78,78,78,78,78,78,78,78,78,78,78,78,78,78,78],"card_choices":[{"not_picked":["Conserve Battery","Turbo"],"picked":"Cold Snap","floor":1},{"not_picked":["Barrage","Stack"],"picked":"Sweeping Beam","floor":2},{"not_picked":["Reboot","Conserve Battery"],"picked":"Melter","floor":3},{"not_picked":["Sweeping Beam","Ball Lightning"],"picked":"Cold Snap","floor":6},{"not_picked":["Hologram","Steam"],"picked":"Blizzard","floor":10},{"not_picked":["Rebound","Recycle"],"picked":"Static Discharge","floor":11},{"not_picked":["Sunder","Tempest"],"picked":"Coolheaded","floor":13},{"not_picked":["Undo","Beam Cell"],"picked":"Chill","floor":14},{"not_picked":["Hyperbeam","Amplify"],"picked":"Machine Learning","floor":16},{"not_picked":["Beam Cell","Lockon","Sweeping Beam"],"picked":"SKIP","floor":18},{"not_picked":["Streamline+1","Conserve Battery"],"picked":"Hologram+1","floor":19},{"not_picked":["Gash","Skim"],"picked":"Hologram+1","floor":24},{"not_picked":["Capacitor+1","Biased Cognition"],"picked":"Conserve Battery+1","floor":25}],"player_experience":429583,"relics_obtained":[{"floor":6,"key":"Anchor"},{"floor":9,"key":"Mercury Hourglass"},{"floor":10,"key":"Pear"},{"floor":13,"key":"Dream Catcher"},{"floor":20,"key":"Nilry\u0027s Codex"},{"floor":26,"key":"Omamori"}],"event_choices":[{"damage_healed":0,"gold_gain":0,"player_choice":"Success","damage_taken":7,"relics_obtained":["Ancient Tea Set"],"max_hp_gain":0,"max_hp_loss":0,"event_name":"Scrap Ooze","floor":5,"gold_loss":0},{"damage_healed":0,"gold_gain":0,"player_choice":"Grow","damage_taken":0,"max_hp_gain":0,"max_hp_loss":0,"event_name":"Living Wall","floor":7,"gold_loss":0,"cards_upgraded":["Apotheosis"]},{"cards_removed":["Defend_B"],"damage_healed":0,"gold_gain":0,"player_choice":"Card Removal","damage_taken":0,"max_hp_gain":0,"max_hp_loss":0,"event_name":"The Cleric","floor":8,"gold_loss":50},{"damage_healed":0,"gold_gain":0,"player_choice":"Obtained Book","damage_taken":16,"max_hp_gain":0,"max_hp_loss":0,"event_name":"Cursed Tome","floor":20,"gold_loss":0},{"cards_removed":["Strike_B"],"damage_healed":0,"gold_gain":0,"player_choice":"Gave Gold","damage_taken":0,"max_hp_gain":0,"max_hp_loss":0,"event_name":"Beggar","floor":22,"gold_loss":75}],"is_beta":false,"boss_relics":[{"not_picked":["Orrery","Tiny House"],"picked":"Nuclear Battery"}],"items_purged_floors":[4,21],"is_endless":false,"potions_floor_spawned":[2,10,14,16,19],"killed_by":"Cultist and Chosen","ascension_level":8}