{"gold_per_floor":[116,116,135,155,155,155,180,42,65,65,85,101,101],"floor_reached":13,"playtime":560,"items_purged":[],"score":153,"play_id":"3124e198-27ac-45b1-a9b3-34f9071eb2a3","local_time":"20190131172625","is_ascension_mode":true,"campfire_choices":[{"data":"Zap","floor":6,"key":"SMITH"},{"data":"Defragment","floor":10,"key":"SMITH"}],"neow_cost":"NONE","seed_source_timestamp":791736399588,"circlet_count":0,"master_deck":["AscendersBane","Strike_B","Strike_B","Strike_B","Defend_B","Defend_B","Defend_B","Zap+1","Dualcast","Static Discharge","Streamline+1","Capacitor","Doom and Gloom","BootSequence","Defragment+1","Conserve Battery","Coolheaded"],"relics":["Cracked Core","MawBank","Omamori"],"potions_floor_usage":[11],"damage_taken":[{"damage":2,"enemies":"Jaw Worm","floor":1,"turns":5},{"damage":0,"enemies":"Cultist","floor":3,"turns":4},{"damage":4,"enemies":"Small Slimes","floor":4,"turns":3},{"damage":25,"enemies":"Lagavulin","floor":7,"turns":5},{"damage":0,"enemies":"Red Slaver","floor":11,"turns":2},{"damage":16,"enemies":"Exordium Thugs","floor":12,"turns":4},{"damage":11,"enemies":"Large Slime","floor":13,"turns":4}],"seed_played":"-89116324959525626","potions_obtained":[{"floor":4,"key":"Strength Potion"},{"floor":7,"key":"FearPotion"},{"floor":11,"key":"Swift Potion"}],"is_trial":false,"path_per_floor":["M","?","M","M","?","R","E","$","T","R","M","M","M"],"character_chosen":"DEFECT","items_purchased":["BootSequence","Defragment"],"campfire_rested":0,"item_purchase_floors":[8,8],"current_hp_per_floor":[62,55,55,51,51,51,26,26,26,26,26,10,0],"gold":101,"neow_bonus":"REMOVE_CARD","is_prod":false,"is_daily":false,"chose_seed":false,"campfire_upgraded":2,"win_rate":0,"timestamp":1548951985,"path_taken":["M","?","M","M","?","R","E","$","T","R","M","M","?"],"build_version":"2019-01-23","purchased_purges":0,"victory":false,"max_hp_per_floor":[71,71,71,71,71,71,71,71,71,71,71,71,71],"card_choices":[{"not_picked":["Streamline","Aggregate"],"picked":"Static Discharge","floor":1},{"not_picked":["Beam Cell","Gash"],"picked":"Streamline","floor":3},{"not_picked":["Redo","Leap"],"picked":"Capacitor","floor":4},{"not_picked":["Redo","Undo"],"picked":"Doom and Gloom","floor":7},{"not_picked":["Beam Cell","Compile Driver"],"picked":"Conserve Battery","floor":11},{"not_picked":["Stack","Ball Lightning"],"picked":"Coolheaded","floor":12}],"player_experience":408249,"relics_obtained":[{"floor":7,"key":"MawBank"},{"floor":9,"key":"Omamori"}],"event_choices":[{"cards_removed":["Defend_B"],"damage_healed":0,"gold_gain":0,"player_choice":"Card Removal","damage_taken":7,"max_hp_gain":0,"max_hp_loss":0,"event_name":"Golden Wing","floor":2,"gold_loss":0},{"damage_healed":0,"gold_gain":0,"player_choice":"Upgraded","damage_taken":0,"max_hp_gain":0,"max_hp_loss":0,"event_name":"Upgrade Shrine","floor":5,"gold_loss":0,"cards_upgraded":["Streamline"]}],"is_beta":false,"boss_relics":[],"items_purged_floors":[],"is_endless":false,"potions_floor_spawned":[4,7,11],"killed_by":"Large Slime","ascension_level":16}