{"gold_per_floor":[19,19,34,57,75,75,108,108,157,169,161,173,223,259,271,407,419,446,128,149,162,180,180,204,204,204,204,243,168,168],"floor_reached":30,"playtime":1091,"items_purged":[],"score":466,"play_id":"000b2411-f80b-468a-9e82-18e5b5df911e","local_time":"20190211142227","is_ascension_mode":true,"campfire_choices":[{"data":"Bash","floor":6,"key":"SMITH"},{"data":"Entrench","floor":8,"key":"SMITH"},{"data":"Juggernaut","floor":10,"key":"SMITH"},{"floor":12,"key":"REST"},{"floor":15,"key":"REST"},{"data":"Apotheosis","floor":23,"key":"SMITH"},{"floor":25,"key":"REST"}],"neow_cost":"NO_GOLD","seed_source_timestamp":862164606611929,"circlet_count":0,"master_deck":["AscendersBane","Strike_R","Strike_R","Strike_R","Strike_R","Defend_R","Defend_R","Defend_R","Defend_R","Bash+1","Sword Boomerang","Flex","Juggernaut+1","Entrench+1","Armaments","Shrug It Off+1","Feed","Demon Form","Apotheosis+1","Shrug It Off+1","Double Tap"],"relics":["Burning Blood","Golden Idol","Singing Bowl","MawBank","Strawberry","Velvet Choker","Bottled Tornado","War Paint"],"potions_floor_usage":[5,13,16,21,28],"damage_taken":[{"damage":1,"enemies":"Cultist","floor":1,"turns":4},{"damage":0,"enemies":"Small Slimes","floor":3,"turns":4},{"damage":3,"enemies":"2 Louse","floor":4,"turns":2},{"damage":1,"enemies":"Looter","floor":5,"turns":3},{"damage":34,"enemies":"Gremlin Nob","floor":7,"turns":4},{"damage":30,"enemies":"Lagavulin","floor":13,"turns":7},{"damage":20,"enemies":"Exordium Wildlife","floor":14,"turns":5},{"damage":68,"enemies":"The Guardian","floor":16,"turns":16},{"damage":9,"enemies":"Shell Parasite","floor":18,"turns":6},{"damage":2,"enemies":"Chosen","floor":20,"turns":4},{"damage":12,"enemies":"Snecko","floor":21,"turns":5},{"damage":21,"enemies":"Snake Plant","floor":22,"turns":5},{"damage":21,"enemies":"3 Cultists","floor":24,"turns":6},{"damage":90,"enemies":"Gremlin Leader","floor":28,"turns":7},{"damage":19,"enemies":"Snecko","floor":30,"turns":3}],"seed_played":"1653480149992559271","potions_obtained":[{"floor":3,"key":"Block Potion"},{"floor":7,"key":"SteroidPotion"},{"floor":11,"key":"GamblersBrew"},{"floor":18,"key":"Energy Potion"},{"floor":24,"key":"AttackPotion"}],"is_trial":false,"path_per_floor":["M","?","M","M","M","R","E","R","T","R","?","R","E","M","R","B",null,"M","$","M","M","M","R","M","R","T","?","E","?","M"],"character_chosen":"IRONCLAD","items_purchased":["Demon Form","Apotheosis"],"campfire_rested":3,"item_purchase_floors":[19,19],"current_hp_per_floor":[93,69,75,78,83,83,55,55,55,55,55,83,66,52,82,20,82,85,85,93,89,76,76,67,103,103,103,19,19,0],"gold":168,"neow_bonus":"TWENTY_PERCENT_HP_BONUS","is_prod":false,"is_daily":false,"chose_seed":false,"campfire_upgraded":4,"win_rate":0,"timestamp":1549887747,"path_taken":["M","?","M","M","M","R","E","R","T","R","?","R","E","M","R","BOSS","M","$","M","?","M","R","M","R","T","?","E","?","M"],"build_version":"2019-01-23","purchased_purges":0,"victory":false,"max_hp_per_floor":[96,96,96,96,96,96,96,96,96,96,96,96,103,103,103,103,103,109,109,113,115,117,117,123,123,123,123,123,123,123],"card_choices":[{"not_picked":["Warcry","Flex"],"picked":"Sword Boomerang","floor":1},{"not_picked":["Power Through","Dropkick"],"picked":"Flex","floor":3},{"not_picked":["Sword Boomerang","Headbutt","Twin Strike"],"picked":"SKIP","floor":4},{"not_picked":["Iron Wave","Twin Strike"],"picked":"Juggernaut","floor":5},{"not_picked":["Thunderclap","Reckless Charge"],"picked":"Entrench","floor":7},{"not_picked":["Exhume","Ghostly Armor"],"picked":"Armaments","floor":13},{"not_picked":["Pommel Strike","Thunderclap"],"picked":"Shrug It Off","floor":14},{"not_picked":["Offering","Bludgeon"],"picked":"Feed","floor":16},{"not_picked":["Searing Blow","Dual Wield","Clothesline"],"picked":"Singing Bowl","floor":18},{"not_picked":["Thunderclap+1","Clash"],"picked":"Shrug It Off","floor":20},{"not_picked":["Pommel Strike","Flex","Infernal Blade"],"picked":"Singing Bowl","floor":21},{"not_picked":["Warcry","Thunderclap+1","Blood for Blood"],"picked":"Singing Bowl","floor":22},{"not_picked":["Wild Strike","Thunderclap","Clash"],"picked":"Singing Bowl","floor":24},{"not_picked":["Headbutt","Combust"],"picked":"Double Tap","floor":28}],"player_experience":726982,"relics_obtained":[{"floor":7,"key":"Singing Bowl"},{"floor":9,"key":"MawBank"},{"floor":13,"key":"Strawberry"},{"floor":26,"key":"Bottled Tornado"},{"floor":28,"key":"War Paint"}],"event_choices":[{"damage_healed":0,"gold_gain":0,"player_choice":"Take Damage","damage_taken":24,"relics_obtained":["Golden Idol"],"max_hp_gain":0,"max_hp_loss":0,"event_name":"Golden Idol","floor":2,"gold_loss":0},{"damage_healed":0,"gold_gain":0,"player_choice":"Bought 1 Potion","damage_taken":0,"max_hp_gain":0,"max_hp_loss":0,"event_name":"The Woman in Blue","floor":11,"gold_loss":0},{"damage_healed":0,"gold_gain":0,"player_choice":"Ignored","damage_taken":0,"max_hp_gain":0,"max_hp_loss":0,"event_name":"Vampires","floor":27,"gold_loss":0},{"cards_removed":["Strike_R"],"damage_healed":0,"gold_gain":0,"player_choice":"Gave Gold","damage_taken":0,"max_hp_gain":0,"max_hp_loss":0,"event_name":"Beggar","floor":29,"gold_loss":75}],"is_beta":false,"boss_relics":[{"not_picked":["White Beast Statue","Tiny House"],"picked":"Velvet Choker"}],"items_purged_floors":[],"is_endless":false,"potions_floor_spawned":[3,7,18,24],"killed_by":"Snecko","ascension_level":12}