{"gold_per_floor":[117,117,129,142,169,181,221,4,30,30,46,66,66,77,77,178,178,193,211,36,52,69,69,94,94,141,66,97,108,108,118,118,214,214,214],"floor_reached":35,"playtime":5547,"items_purged":["Defend_G","Strike_G"],"score":399,"play_id":"8708d9fc-0fb4-4805-a804-2ecea910b5d7","local_time":"20181019170132","is_ascension_mode":false,"campfire_choices":[{"data":"Neutralize","floor":6.0,"key":"SMITH"},{"data":"Backstab","floor":10.0,"key":"SMITH"},{"data":"Deflect","floor":15.0,"key":"SMITH"},{"data":"Adrenaline","floor":23.0,"key":"SMITH"},{"data":"Noxious Fumes","floor":32.0,"key":"SMITH"}],"neow_cost":"NONE","seed_source_timestamp":0,"circlet_count":0,"master_deck":["Defend_G","Defend_G","Defend_G","Strike_G","Strike_G","Survivor","Neutralize+1","Infinite Blades","Dodge and Roll","Leg Sweep","Prepared","Backstab+1","Noxious Fumes+1","Deflect+1","Adrenaline+1","Dodge and Roll","Crippling Poison","Footwork","PiercingWail+1","Burst","Well Laid Plans","Backflip","After Image","Clumsy","Pain","Pain"],"special_seed":0,"relics":["Ring of the Snake","The Specimen","MawBank","Blood Vial","PreservedInsect","Bronze Scales","Empty Cage","Ancient Tea Set","Boot","FossilizedHelix","Calling Bell","Potion Belt","Shuriken","Tough Bandages"],"potions_floor_usage":[],"damage_taken":[{"damage":0.0,"enemies":"Cultist","floor":1.0,"turns":4.0},{"damage":3.0,"enemies":"Jaw Worm","floor":3.0,"turns":4.0},{"damage":1.0,"enemies":"Small Slimes","floor":4.0,"turns":6.0},{"damage":38.0,"enemies":"Gremlin Nob","floor":7.0,"turns":6.0},{"damage":0.0,"enemies":"2 Fungi Beasts","floor":11.0,"turns":3.0},{"damage":10.0,"enemies":"Exordium Thugs","floor":12.0,"turns":5.0},{"damage":0.0,"enemies":"Exordium Wildlife","floor":14.0,"turns":5.0},{"damage":8.0,"enemies":"The Guardian","floor":16.0,"turns":15.0},{"damage":0.0,"enemies":"Shell Parasite","floor":18.0,"turns":7.0},{"damage":10.0,"enemies":"Chosen","floor":19.0,"turns":8.0},{"damage":0.0,"enemies":"Shelled Parasite and Fungi","floor":21.0,"turns":8.0},{"damage":10.0,"enemies":"3 Cultists","floor":22.0,"turns":7.0},{"damage":1.0,"enemies":"Slavers","floor":24.0,"turns":5.0},{"damage":1.0,"enemies":"Book of Stabbing","floor":28.0,"turns":7.0},{"damage":0.0,"enemies":"Cultist and Chosen","floor":29.0,"turns":8.0},{"damage":1.0,"enemies":"Snecko","floor":31.0,"turns":7.0},{"damage":17.0,"enemies":"Collector","floor":33.0,"turns":12.0},{"damage":0,"enemies":"Orb Walker","floor":35,"turns":1}],"seed_played":"-7188826491080365873","potions_obtained":[{"floor":7.0,"key":"Energy Potion"},{"floor":11.0,"key":"Dexterity Potion"},{"floor":14.0,"key":"Poison Potion"},{"floor":19.0,"key":"Block Potion"},{"floor":31.0,"key":"FearPotion"}],"is_trial":false,"path_per_floor":["M","T","M","M","T","R","E","$","T","R","M","M","?","M","R","B",null,"M","M","$","M","M","R","E","?","T","$","E","M","?","M","R","B",null],"character_chosen":"THE_SILENT","items_purchased":["PreservedInsect","Footwork","Well Laid Plans"],"campfire_rested":0,"item_purchase_floors":[8,20,27],"current_hp_per_floor":[70,70,67,66,66,66,28,28,28,28,30,22,22,24,24,18,70,70,60,60,62,54,54,55,55,55,55,56,58,58,59,59,44,70,70],"gold":214,"neow_bonus":"THREE_CARDS","is_prod":false,"is_daily":false,"chose_seed":false,"campfire_upgraded":5,"win_rate":0.0,"timestamp":1539986492,"path_taken":["M","?","M","M","?","R","E","?","T","R","M","M","?","M","R","BOSS","M","M","?","M","M","R","E","?","T","?","E","M","?","M","R","BOSS","M"],"build_version":"2018-10-18","purchased_purges":2,"victory":false,"max_hp_per_floor":[70,70,70,70,70,70,70,70,70,70,70,70,70,70,70,70,70,70,70,70,70,70,70,70,70,70,70,70,70,70,70,70,70,70,70],"card_choices":[{"not_picked":["Deadly Poison","Outmaneuver"],"picked":"Infinite Blades","floor":0.0},{"not_picked":["Poisoned Stab","Bane"],"picked":"Dodge and Roll","floor":1.0},{"not_picked":["Blade Dance","Underhanded Strike"],"picked":"Leg Sweep","floor":3.0},{"not_picked":["Expertise","Poisoned Stab"],"picked":"Prepared","floor":4.0},{"not_picked":["Flying Knee","Infinite Blades"],"picked":"Backstab","floor":7.0},{"not_picked":["Finisher","Distraction"],"picked":"Noxious Fumes","floor":11.0},{"not_picked":["Dagger Spray","Corpse Explosion","Backflip"],"picked":"SKIP","floor":12.0},{"not_picked":["Leg Sweep","Prepared"],"picked":"Deflect","floor":14.0},{"not_picked":["Corpse Explosion","Night Terror"],"picked":"Adrenaline","floor":16.0},{"not_picked":["Bane","Dagger Spray"],"picked":"Dodge and Roll","floor":18.0},{"not_picked":["Backstab","Quick Slash"],"picked":"Crippling Poison","floor":19.0},{"not_picked":["Bane","Sucker Punch"],"picked":"PiercingWail+1","floor":21.0},{"not_picked":["Prepared+1","Dagger Spray","PiercingWail+1"],"picked":"SKIP","floor":22.0},{"not_picked":["Doppelganger","Eviscerate"],"picked":"Burst","floor":24.0},{"not_picked":["Predator","Blade Dance+1","Acrobatics"],"picked":"SKIP","floor":28.0},{"not_picked":["PiercingWail","Bane","Slice"],"picked":"SKIP","floor":29.0},{"not_picked":["Slice","Dagger Throw"],"picked":"Backflip","floor":31.0},{"not_picked":["Unload","Wraith Form v2"],"picked":"After Image","floor":33.0}],"player_experience":23209,"relics_obtained":[{"floor":2.0,"key":"The Specimen"},{"floor":5.0,"key":"MawBank"},{"floor":7.0,"key":"Blood Vial"},{"floor":9.0,"key":"Bronze Scales"},{"floor":24.0,"key":"Ancient Tea Set"},{"floor":26.0,"key":"Boot"},{"floor":28.0,"key":"FossilizedHelix"},{"floor":34.0,"key":"Potion Belt"},{"floor":34.0,"key":"Shuriken"},{"floor":34.0,"key":"Tough Bandages"}],"event_choices":[{"cards_removed":["Strike_G"],"damage_healed":0.0,"max_hp_gain":0.0,"max_hp_loss":0.0,"gold_gain":0.0,"event_name":"Purifier","player_choice":"Purged","floor":13.0,"gold_loss":0.0,"damage_taken":0.0},{"damage_healed":0.0,"max_hp_gain":0.0,"max_hp_loss":0.0,"gold_gain":0.0,"event_name":"The Mausoleum","player_choice":"Ignored","floor":25.0,"gold_loss":0.0,"damage_taken":0.0},{"damage_healed":0.0,"max_hp_gain":0.0,"max_hp_loss":0.0,"gold_gain":0.0,"event_name":"Vampires","player_choice":"Ignored","floor":30.0,"gold_loss":0.0,"damage_taken":0.0}],"is_beta":false,"boss_relics":[{"not_picked":["Runic Dome","White Beast Statue"],"picked":"Empty Cage"},{"not_picked":["Lizard Tail","Velvet Choker"],"picked":"Calling Bell"}],"items_purged_floors":[8,20],"is_endless":false,"potions_floor_spawned":[7,11,14,19,22,31],"killed_by":"Orb Walker","ascension_level":0}