{"gold_per_floor":[109,123,140,140,140,167,181,214,214,214,232,232,232,6,6,6],"floor_reached":16,"playtime":514,"items_purged":["Strike_R"],"score":171,"play_id":"61b23bf9-e424-4429-8e1c-109de6e20ad6","local_time":"20190202084311","is_ascension_mode":true,"campfire_choices":[{"floor":10,"key":"DIG"},{"floor":12,"key":"DIG"},{"floor":13,"key":"DIG"},{"data":"Armaments","floor":15,"key":"SMITH"}],"neow_cost":"NONE","seed_source_timestamp":64776069174293,"circlet_count":0,"master_deck":["AscendersBane","Strike_R","Strike_R","Strike_R","Strike_R","Defend_R","Defend_R","Defend_R","Bash","Shrug It Off","Carnage","Power Through","Clothesline","Limit Break","Armaments+1"],"relics":["Burning Blood","GremlinMask","Shovel","Art of War","PreservedInsect","Sundial","WingedGreaves","Darkstone Periapt","Oddly Smooth Stone"],"potions_floor_usage":[11,16],"damage_taken":[{"damage":8,"enemies":"Jaw Worm","floor":1,"turns":5},{"damage":1,"enemies":"Small Slimes","floor":2,"turns":4},{"damage":0,"enemies":"Cultist","floor":3,"turns":2},{"damage":35,"enemies":"Gremlin Nob","floor":6,"turns":5},{"damage":4,"enemies":"2 Fungi Beasts","floor":7,"turns":4},{"damage":28,"enemies":"Lagavulin","floor":8,"turns":7},{"damage":13,"enemies":"Lots of Slimes","floor":11,"turns":4},{"damage":36,"enemies":"Hexaghost","floor":16,"turns":14}],"seed_played":"5632582415869858890","potions_obtained":[{"floor":7,"key":"LiquidBronze"},{"floor":11,"key":"SpeedPotion"}],"is_trial":false,"path_per_floor":["M","M","M","?","?","E","M","E","T","R","M","R","R","$","R","B"],"character_chosen":"IRONCLAD","items_purchased":["Oddly Smooth Stone"],"campfire_rested":0,"item_purchase_floors":[14],"current_hp_per_floor":[78,83,88,88,88,59,61,39,39,39,32,32,32,32,32,0],"gold":6,"neow_bonus":"TEN_PERCENT_HP_BONUS","is_prod":false,"is_daily":false,"chose_seed":false,"campfire_upgraded":1,"win_rate":0,"timestamp":1549089791,"path_taken":["M","M","M","?","?","E","M","E","T","R","?","R","R","$","R","BOSS"],"build_version":"2019-01-23","purchased_purges":1,"victory":false,"max_hp_per_floor":[88,88,88,88,88,88,88,88,88,88,88,88,88,88,88,88],"card_choices":[{"not_picked":["Clash","Blood for Blood"],"picked":"Shrug It Off","floor":1},{"not_picked":["Shrug It Off","Headbutt"],"picked":"Carnage","floor":2},{"not_picked":["Twin Strike","Battle Trance"],"picked":"Power Through","floor":3},{"not_picked":["Sever Soul","Havoc"],"picked":"Clothesline","floor":6},{"not_picked":["Reckless Charge","Searing Blow","Headbutt"],"picked":"SKIP","floor":7},{"not_picked":["Armaments","Infernal Blade"],"picked":"Limit Break","floor":8},{"not_picked":["Bloodletting","Feel No Pain"],"picked":"Armaments","floor":11}],"player_experience":701051,"relics_obtained":[{"floor":6,"key":"Shovel"},{"floor":8,"key":"Art of War"},{"floor":9,"key":"PreservedInsect"},{"floor":10,"key":"Sundial"},{"floor":12,"key":"WingedGreaves"},{"floor":13,"key":"Darkstone Periapt"}],"event_choices":[{"cards_removed":["Defend_R"],"damage_healed":0,"gold_gain":0,"player_choice":"Forget","damage_taken":0,"max_hp_gain":0,"max_hp_loss":0,"event_name":"Living Wall","floor":4,"gold_loss":0},{"damage_healed":0,"gold_gain":0,"player_choice":"Trade","damage_taken":0,"relics_obtained":["GremlinMask"],"max_hp_gain":0,"max_hp_loss":0,"event_name":"FaceTrader","floor":5,"gold_loss":0}],"is_beta":false,"boss_relics":[],"items_purged_floors":[14],"is_endless":false,"potions_floor_spawned":[7,11],"killed_by":"Hexaghost","ascension_level":11}