{"gold_per_floor":[18,28,45,45,120,120,152,166,166,185,185,202,217,236,236,236],"floor_reached":16,"playtime":3656,"items_purged":[],"score":106,"play_id":"ba3e41fa-679c-4a54-a74c-e6e30e4568c5","local_time":"20190224161227","is_ascension_mode":false,"campfire_choices":[{"data":"Shrug It Off","floor":6,"key":"SMITH"},{"data":"Burning Pact","floor":11,"key":"SMITH"},{"data":"Whirlwind","floor":15,"key":"SMITH"}],"neow_cost":"NO_GOLD","seed_source_timestamp":690617501533825,"circlet_count":0,"master_deck":["Strike_R","Strike_R","Strike_R","Defend_R","Defend_R","Defend_R","Defend_R","Bash","Shrug It Off+1","Disarm","Headbutt","Whirlwind+1","Flame Barrier","Burning Pact+1","Ghostly Armor","Ghostly Armor","Shrug It Off"],"relics":["Burning Blood","Blue Candle","Letter Opener"],"potions_floor_usage":[7,16,16,16,16,16,16],"damage_taken":[{"damage":0,"enemies":"Cultist","floor":1,"turns":4},{"damage":3,"enemies":"Jaw Worm","floor":2,"turns":7},{"damage":0,"enemies":"Small Slimes","floor":3,"turns":3},{"damage":36,"enemies":"Lagavulin","floor":7,"turns":7},{"damage":0,"enemies":"Looter","floor":8,"turns":3},{"damage":6,"enemies":"2 Fungi Beasts","floor":10,"turns":3},{"damage":1,"enemies":"Blue Slaver","floor":12,"turns":6},{"damage":4,"enemies":"Large Slime","floor":13,"turns":8},{"damage":5,"enemies":"Red Slaver","floor":14,"turns":5},{"damage":56,"enemies":"Hexaghost","floor":16,"turns":16}],"seed_played":"2573815268298772544","potions_obtained":[{"floor":2,"key":"PowerPotion"},{"floor":8,"key":"Explosive Potion"},{"floor":10,"key":"Poison Potion"},{"floor":13,"key":"EntropicBrew"}],"is_trial":false,"path_per_floor":["M","M","M","$","?","R","E","M","T","M","R","M","M","M","R","B"],"character_chosen":"IRONCLAD","items_purchased":[],"campfire_rested":0,"item_purchase_floors":[],"current_hp_per_floor":[80,80,80,80,69,69,39,45,45,45,45,50,52,53,53,0],"gold":236,"neow_bonus":"TRANSFORM_TWO_CARDS","is_prod":false,"is_daily":false,"chose_seed":false,"campfire_upgraded":3,"win_rate":0,"timestamp":1550992347,"path_taken":["M","M","M","?","?","R","E","M","T","M","R","M","M","M","R","BOSS"],"build_version":"2019-01-23","purchased_purges":0,"victory":false,"max_hp_per_floor":[80,80,80,80,80,80,80,80,80,80,80,80,80,80,80,80],"card_choices":[{"not_picked":["Warcry","Wild Strike","Twin Strike"],"picked":"SKIP","floor":1},{"not_picked":["Sever Soul","Power Through"],"picked":"Headbutt","floor":2},{"not_picked":["Disarm","Armaments"],"picked":"Whirlwind","floor":3},{"not_picked":["Heavy Blade","Immolate"],"picked":"Flame Barrier","floor":7},{"not_picked":["Twin Strike","Reckless Charge","Havoc"],"picked":"SKIP","floor":8},{"not_picked":["Pummel","Pommel Strike"],"picked":"Burning Pact","floor":10},{"not_picked":["True Grit","Thunderclap"],"picked":"Ghostly Armor","floor":12},{"not_picked":["Blood for Blood","Warcry"],"picked":"Ghostly Armor","floor":13},{"not_picked":["Pommel Strike","Corruption"],"picked":"Shrug It Off","floor":14}],"player_experience":375685,"relics_obtained":[{"floor":7,"key":"Blue Candle"},{"floor":9,"key":"Letter Opener"}],"event_choices":[{"damage_healed":0,"gold_gain":75,"player_choice":"Gather Gold","damage_taken":11,"max_hp_gain":0,"max_hp_loss":0,"event_name":"World of Goop","floor":5,"gold_loss":0}],"is_beta":false,"boss_relics":[],"items_purged_floors":[],"is_endless":false,"potions_floor_spawned":[2,8,10,13],"killed_by":"Hexaghost","ascension_level":0}