{"gold_per_floor":[113,113,130,145,156,181,181,197,197,232,232,232,251,285,285,285],"floor_reached":16,"playtime":1046,"items_purged":[],"score":195,"play_id":"6ba5d097-65b0-4974-b9f0-c3219f1764a9","local_time":"20190103210100","is_ascension_mode":true,"campfire_choices":[{"data":"Bludgeon","floor":7.0,"key":"SMITH"},{"data":"Whirlwind","floor":15.0,"key":"SMITH"}],"neow_cost":"NONE","seed_source_timestamp":9922565981655,"circlet_count":0,"master_deck":["AscendersBane","Strike_R+1","Strike_R","Strike_R","Strike_R","Strike_R+1","Defend_R","Defend_R","Defend_R","Defend_R","Bash+1","Headbutt","Evolve","Bludgeon+1","Cleave","Whirlwind+1","Body Slam","Wild Strike"],"special_seed":0,"relics":["Burning Blood","FaceOfCleric","Matryoshka","Regal Pillow","Dodecahedron","Vajra","Gambling Chip"],"potions_floor_usage":[16],"damage_taken":[{"damage":7.0,"enemies":"Jaw Worm","floor":1.0,"turns":3.0},{"damage":0.0,"enemies":"Cultist","floor":3.0,"turns":4.0},{"damage":3.0,"enemies":"2 Louse","floor":4.0,"turns":3.0},{"damage":26.0,"enemies":"Large Slime","floor":5.0,"turns":7.0},{"damage":25.0,"enemies":"3 Sentries","floor":6.0,"turns":8.0},{"damage":10.0,"enemies":"2 Fungi Beasts","floor":8.0,"turns":3.0},{"damage":12.0,"enemies":"Gremlin Nob","floor":10.0,"turns":4.0},{"damage":6.0,"enemies":"Looter","floor":13.0,"turns":2.0},{"damage":20.0,"enemies":"Lagavulin","floor":14.0,"turns":4.0},{"damage":36,"enemies":"Hexaghost","floor":16,"turns":9}],"seed_played":"8517184509549298494","potions_obtained":[{"floor":1.0,"key":"EssenceOfSteel"},{"floor":5.0,"key":"SpeedPotion"},{"floor":8.0,"key":"Block Potion"},{"floor":10.0,"key":"SpeedPotion"}],"is_trial":false,"path_per_floor":["M","?","M","M","M","E","R","M","T","E","?","?","M","E","R","B"],"character_chosen":"IRONCLAD","items_purchased":[],"campfire_rested":0,"item_purchase_floors":[],"current_hp_per_floor":[71,71,78,82,63,45,45,42,42,37,65,48,49,36,36,0],"gold":285,"neow_bonus":"UPGRADE_CARD","is_prod":false,"is_daily":false,"chose_seed":false,"campfire_upgraded":2,"win_rate":0,"timestamp":1546545660,"path_taken":["M","?","M","?","M","E","R","M","T","E","?","?","M","E","R","BOSS"],"build_version":"2018-12-20","purchased_purges":0,"victory":false,"max_hp_per_floor":[80,80,81,82,83,84,84,85,85,86,86,86,87,88,88,88],"card_choices":[{"not_picked":["Reckless Charge","Armaments","Thunderclap"],"picked":"SKIP","floor":1.0},{"not_picked":["Fire Breathing","Clash"],"picked":"Headbutt","floor":3.0},{"not_picked":["Wild Strike","Intimidate"],"picked":"Evolve","floor":4.0},{"not_picked":["Thunderclap","Warcry"],"picked":"Bludgeon","floor":5.0},{"not_picked":["Brutality","Dropkick"],"picked":"Cleave","floor":6.0},{"not_picked":["Second Wind","Headbutt"],"picked":"Whirlwind","floor":8.0},{"not_picked":["Heavy Blade","Sever Soul"],"picked":"Body Slam","floor":10.0},{"not_picked":["Iron Wave","Body Slam","Whirlwind"],"picked":"SKIP","floor":13.0},{"not_picked":["Bludgeon","Blood for Blood"],"picked":"Wild Strike","floor":14.0}],"player_experience":307312,"relics_obtained":[{"floor":6.0,"key":"Matryoshka"},{"floor":9.0,"key":"Regal Pillow"},{"floor":9.0,"key":"Dodecahedron"},{"floor":10.0,"key":"Vajra"},{"floor":14.0,"key":"Gambling Chip"}],"event_choices":[{"damage_healed":0.0,"max_hp_gain":0.0,"max_hp_loss":0.0,"gold_gain":0.0,"event_name":"FaceTrader","player_choice":"Trade","floor":2.0,"gold_loss":0.0,"damage_taken":0.0,"relics_obtained":["FaceOfCleric"]},{"damage_healed":28.0,"max_hp_gain":0.0,"max_hp_loss":0.0,"gold_gain":0.0,"event_name":"Big Fish","player_choice":"Banana","floor":11.0,"gold_loss":0.0,"damage_taken":0.0},{"damage_healed":0.0,"max_hp_gain":0.0,"max_hp_loss":0.0,"gold_gain":0.0,"event_name":"Shining Light","player_choice":"Entered Light","floor":12.0,"gold_loss":0.0,"damage_taken":17.0,"cards_upgraded":["Strike_R","Strike_R"]}],"is_beta":false,"boss_relics":[],"items_purged_floors":[],"is_endless":false,"potions_floor_spawned":[1,5,8,10],"killed_by":"Hexaghost","ascension_level":12}