{"path_per_floor":["M","?","M","$","?","M","R","$","T","M","M","M","M","M","R","B",null,"M","M","M","$"],"character_chosen":"DEFECT","items_purchased":["Capacitor","Stack","Force Field"],"gold_per_floor":[117,117,128,32,32,44,44,9,9,23,40,52,66,78,78,179,179,191,210,228,153,153],"floor_reached":22,"campfire_rested":1,"playtime":1650,"current_hp_per_floor":[79,63,58,58,58,58,82,82,82,72,68,65,63,61,61,5,82,54,19,31,31,0],"items_purged":["Decay"],"gold":153,"score":182,"play_id":"fbd6cf03-7c44-41ce-9ad4-e2d4279b508a","local_time":"20180427042247","is_prod":false,"is_daily":false,"chose_seed":false,"is_ascension_mode":false,"campfire_upgraded":1,"timestamp":1524811967,"path_taken":["M","?","M","$","?","M","R","?","T","M","M","M","?","M","R","BOSS","M","M","M","$","M"],"build_version":"2018-04-26v2","seed_source_timestamp":174131703411668,"purchased_purges":2,"victory":false,"master_deck":["Strike_B","Strike_B","Strike_B","Strike_B","Defend_B","Defend_B","Defend_B","Defend_B+1","Zap+1","Dualcast+1","Sweeping Beam","Hello World","Capacitor","Stack","Double Energy","Force Field","Leap","Axe Kick","Darkness","Glacier","Prime","Impulse","Self Repair","Coolheaded+1"],"max_hp_per_floor":[82,82,82,82,82,82,82,82,82,82,82,82,82,82,82,82,82,82,82,82,82,82],"relics":["Cracked Core","Strawberry","Bottled Lightning","Lizard Tail"],"card_choices":[{"not_picked":["Stack","Streamline"],"picked":"Sweeping Beam","floor":1},{"not_picked":["Hologram","Storm"],"picked":"Hello World","floor":3},{"not_picked":["Ball Lightning","Skim"],"picked":"Double Energy","floor":6},{"not_picked":["Buffer","Barrage"],"picked":"Leap","floor":10},{"not_picked":["Hello World","Fusion"],"picked":"Axe Kick","floor":11},{"not_picked":["Reprogram","Genetic Algorithm"],"picked":"Darkness","floor":12},{"not_picked":["Sweeping Beam","Reprogram"],"picked":"Glacier","floor":14},{"not_picked":["Reboot","Biased Cognition"],"picked":"Prime","floor":16},{"not_picked":["Axe Kick","Coolheaded"],"picked":"Impulse","floor":18},{"not_picked":["Beam Cell","Go for the Eyes"],"picked":"Self Repair","floor":19},{"not_picked":["Skim","Capacitor"],"picked":"Coolheaded","floor":20}],"player_experience":370159,"potions_floor_usage":[10,11,12,13,19,20],"damage_taken":[{"damage":3,"enemies":"Jaw Worm","floor":1,"turns":3},{"damage":5,"enemies":"2 Louse","floor":3,"turns":3},{"damage":0,"enemies":"Small Slimes","floor":6,"turns":2},{"damage":13,"enemies":"2 Fungi Beasts","floor":10,"turns":3},{"damage":4,"enemies":"Blue Slaver","floor":11,"turns":3},{"damage":3,"enemies":"Exordium Wildlife","floor":12,"turns":2},{"damage":2,"enemies":"Red Slaver","floor":13,"turns":5},{"damage":2,"enemies":"Looter","floor":14,"turns":3},{"damage":56,"enemies":"The Guardian","floor":16,"turns":14},{"damage":28,"enemies":"3 Byrds","floor":18,"turns":7},{"damage":35,"enemies":"Spheric Guardian","floor":19,"turns":6},{"damage":38,"enemies":"Snake Plant","floor":20,"turns":7},{"damage":32,"enemies":"Cultist and Chosen","floor":22,"turns":5}],"event_choices":[{"event_name":"Shining Light","player_choice":"Entered Light","floor":2,"damage_taken":0},{"event_name":"Wheel of Change","player_choice":"Curse","floor":5,"damage_taken":0}],"boss_relics":[{"not_picked":["Runic Dome","Nuclear Battery"],"picked":"Lizard Tail"}],"potions_floor_spawned":[6,10,11,12,18,19],"seed_played":"7961346688537945083","killed_by":"Cultist and Chosen","ascension_level":0,"is_trial":false}