{"gold_per_floor":[364,439,174,174,174,174,188,188,218,86,100,100,120,149,149,247,247,260,17,29,46,46,60,60,71,71,71,71,81,98,118,118,223,223,236,252,266,266,276,276,177,177,177,177,187,187],"floor_reached":46,"playtime":2038,"items_purged":["Injury","Strike_R","Strike_R","Strike_R"],"score":678,"play_id":"aa1b363c-faf4-4320-bc39-d5ea9c92af2f","local_time":"20190209161453","is_ascension_mode":true,"campfire_choices":[{"data":"Metallicize","floor":6,"key":"SMITH"},{"data":"Burning Pact","floor":8,"key":"SMITH"},{"data":"Apotheosis","floor":12,"key":"SMITH"},{"floor":15,"key":"REST"},{"floor":24,"key":"REST"},{"floor":28,"key":"REST"},{"floor":32,"key":"REST"},{"floor":40,"key":"RECALL"},{"floor":42,"key":"REST"}],"neow_cost":"CURSE","seed_source_timestamp":695172383243658,"circlet_count":0,"master_deck":["AscendersBane","Strike_R","Strike_R","Defend_R","Defend_R","Defend_R","Defend_R+1","Bash+1","Cleave","Metallicize+1","Burning Pact+1","Apotheosis+1","Entrench","Whirlwind","Armaments+1","Double Tap+1","Sentinel+1","Metallicize","Sentinel+1","Uppercut","Body Slam","Impervious+1","Seeing Red+1","Reaper","True Grit+1","Writhe","Shrug It Off+1","True Grit+1"],"relics":["Burning Blood","Membership Card","Tiny Chest","Toxic Egg 2","Sozu","Ice Cream","Pantograph","Velvet Choker"],"potions_floor_usage":[13,21,22],"damage_taken":[{"damage":0,"enemies":"Small Slimes","floor":1,"turns":3},{"damage":11,"enemies":"2 Louse","floor":7,"turns":3},{"damage":3,"enemies":"Jaw Worm","floor":11,"turns":5},{"damage":13,"enemies":"Gremlin Gang","floor":13,"turns":4},{"damage":34,"enemies":"Gremlin Nob","floor":14,"turns":5},{"damage":62,"enemies":"Slime Boss","floor":16,"turns":17},{"damage":37,"enemies":"Spheric Guardian","floor":18,"turns":8},{"damage":0,"enemies":"Shell Parasite","floor":20,"turns":5},{"damage":12,"enemies":"Cultist and Chosen","floor":21,"turns":8},{"damage":24,"enemies":"Colosseum Slavers","floor":22,"turns":4},{"damage":2,"enemies":"Sentry and Sphere","floor":23,"turns":8},{"damage":4,"enemies":"Snake Plant","floor":25,"turns":7},{"damage":18,"enemies":"Chosen and Byrds","floor":29,"turns":9},{"damage":28,"enemies":"3 Cultists","floor":30,"turns":6},{"damage":12,"enemies":"Sentry and Sphere","floor":31,"turns":7},{"damage":24,"enemies":"Collector","floor":33,"turns":11},{"damage":31,"enemies":"3 Shapes","floor":35,"turns":4},{"damage":10,"enemies":"3 Darklings","floor":36,"turns":6},{"damage":18,"enemies":"Writhing Mass","floor":37,"turns":8},{"damage":34,"enemies":"Sphere and 2 Shapes","floor":39,"turns":8},{"damage":79,"enemies":"Transient","floor":45,"turns":5},{"damage":27,"enemies":"Nemesis","floor":46,"turns":6}],"seed_played":"-1108929560500268814","potions_obtained":[{"floor":1,"key":"AttackPotion"},{"floor":14,"key":"SmokeBomb"},{"floor":16,"key":"Weak Potion"}],"is_trial":false,"path_per_floor":["M","?","$","?","?","R","M","R","T","$","M","R","M","E","R","B",null,"M","$","M","M","?","M","R","M","T","$","R","M","M","M","R","B",null,"M","M","M","?","M","R","$","R","T","?","M","E"],"character_chosen":"IRONCLAD","items_purchased":["Metallicize","Membership Card","Apotheosis","Ice Cream","Metallicize","True Grit+1"],"campfire_rested":5,"item_purchase_floors":[3,3,10,19,19,41],"current_hp_per_floor":[78,67,67,51,77,77,72,72,72,72,75,75,68,40,64,8,62,31,31,37,31,13,17,41,43,43,43,67,55,33,27,51,58,75,64,72,65,80,52,52,52,76,76,76,7,0],"gold":187,"neow_bonus":"TWO_FIFTY_GOLD","is_prod":false,"is_daily":false,"chose_seed":false,"campfire_upgraded":3,"win_rate":0,"timestamp":1549721693,"path_taken":["M","?","$","?","?","R","?","R","T","$","M","R","M","E","R","BOSS","M","$","M","?","?","M","R","M","T","?","R","M","?","M","R","BOSS","M","M","M","?","M","R","$","R","T","?","M","E"],"build_version":"2019-01-23","purchased_purges":4,"victory":false,"max_hp_per_floor":[80,80,80,80,80,80,80,80,80,80,80,80,80,80,80,80,80,80,80,80,80,80,80,80,80,80,80,80,80,80,80,80,80,80,80,80,80,80,80,80,80,80,80,80,80,80],"card_choices":[{"not_picked":["Havoc","Clothesline"],"picked":"Cleave","floor":1},{"not_picked":["Cleave","Sword Boomerang"],"picked":"Burning Pact","floor":7},{"not_picked":["Iron Wave","Fiend Fire"],"picked":"Entrench","floor":11},{"not_picked":["Fire Breathing","Anger"],"picked":"Whirlwind","floor":13},{"not_picked":["Heavy Blade","Clash"],"picked":"Armaments","floor":14},{"not_picked":["Brutality","Immolate"],"picked":"Double Tap+1","floor":16},{"not_picked":["Second Wind+1","Rage+1"],"picked":"Sentinel+1","floor":18},{"not_picked":["Thunderclap+1","Second Wind+1","Headbutt"],"picked":"SKIP","floor":20},{"not_picked":["Heavy Blade","Rage+1","Clash"],"picked":"SKIP","floor":21},{"not_picked":["Rupture","Thunderclap"],"picked":"Sentinel+1","floor":23},{"not_picked":["Second Wind+1","Wild Strike"],"picked":"Uppercut","floor":25},{"not_picked":["Power Through+1","Warcry+1"],"picked":"Body Slam","floor":29},{"not_picked":["Uppercut","Perfected Strike"],"picked":"Impervious+1","floor":30},{"not_picked":["Battle Trance+1","Iron Wave"],"picked":"Seeing Red+1","floor":31},{"not_picked":["Juggernaut","Immolate"],"picked":"Reaper","floor":33},{"not_picked":["Sword Boomerang+1","Iron Wave","Perfected Strike"],"picked":"SKIP","floor":35},{"not_picked":["Ghostly Armor+1","Rupture","Disarm+1"],"picked":"SKIP","floor":36},{"not_picked":["Ghostly Armor+1","Whirlwind"],"picked":"True Grit+1","floor":37},{"not_picked":["Iron Wave","Twin Strike"],"picked":"Shrug It Off+1","floor":39},{"not_picked":["Thunderclap","Wild Strike","Feel No Pain"],"picked":"SKIP","floor":45}],"player_experience":723216,"relics_obtained":[{"floor":9,"key":"Tiny Chest"},{"floor":14,"key":"Toxic Egg 2"},{"floor":26,"key":"Pantograph"}],"event_choices":[{"damage_healed":0,"gold_gain":75,"player_choice":"Gather Gold","damage_taken":11,"max_hp_gain":0,"max_hp_loss":0,"event_name":"World of Goop","floor":2,"gold_loss":0},{"damage_healed":0,"gold_gain":0,"player_choice":"Entered Light","damage_taken":16,"max_hp_gain":0,"max_hp_loss":0,"event_name":"Shining Light","floor":4,"gold_loss":0,"cards_upgraded":["Defend_R","Bash"]},{"damage_healed":26,"gold_gain":0,"player_choice":"Banana","damage_taken":0,"max_hp_gain":0,"max_hp_loss":0,"event_name":"Big Fish","floor":5,"gold_loss":0},{"damage_healed":0,"gold_gain":0,"player_choice":"Fight","damage_taken":0,"max_hp_gain":0,"max_hp_loss":0,"event_name":"Colosseum","floor":22,"gold_loss":0},{"damage_healed":0,"gold_gain":0,"player_choice":"Fled From Nobs","damage_taken":0,"max_hp_gain":0,"max_hp_loss":0,"event_name":"Colosseum","floor":22,"gold_loss":0},{"damage_healed":20,"gold_gain":0,"player_choice":"Writhe","damage_taken":0,"max_hp_gain":0,"max_hp_loss":0,"event_name":"Winding Halls","floor":38,"gold_loss":0,"cards_obtained":["Writhe"]},{"damage_healed":0,"gold_gain":0,"player_choice":"Ignored","damage_taken":0,"max_hp_gain":0,"max_hp_loss":0,"event_name":"Mysterious Sphere","floor":44,"gold_loss":0}],"is_beta":false,"boss_relics":[{"not_picked":["Calling Bell","Mark of Pain"],"picked":"Sozu"},{"not_picked":["Black Star","White Beast Statue"],"picked":"Velvet Choker"}],"items_purged_floors":[3,10,19,41],"is_endless":false,"potions_floor_spawned":[1,14,16,18,23,31,33,36,37,45],"killed_by":"Nemesis","ascension_level":12}