{"path_per_floor":["M","?","?","M","M","R","M","M","T","M","M","T","E","$","R","B",null,"M","?","?","$","M","R","E","?","T","M","M","?","M","?","R"],"character_chosen":"THE_SILENT","items_purchased":["Bandage Up","Gambling Chip"],"gold_per_floor":[114,364,364,381,400,400,410,427,481,498,508,559,584,194,194,291,291,216,216,131,131,144,144,173,173,223,241,259,259,273,273,273,273],"floor_reached":33,"campfire_rested":3,"playtime":2020,"current_hp_per_floor":[68,68,68,67,60,60,58,57,57,53,49,49,42,42,63,26,72,54,54,54,54,34,56,20,20,20,18,35,35,25,25,47,0],"items_purged":[],"gold":273,"score":280,"play_id":"82e2a3d3-ce22-49fc-a6d9-f03806fae2c5","local_time":"20180328031619","is_prod":false,"is_daily":false,"is_ascension_mode":true,"campfire_upgraded":1,"timestamp":1522215979,"path_taken":["M","?","?","?","M","R","M","?","T","M","M","?","E","$","R","BOSS","M","?","?","$","M","R","E","?","T","M","M","?","M","?","R","BOSS"],"build_version":"2018-03-22v2","purchased_purges":0,"victory":false,"master_deck":["Defend_G+1","Defend_G+1","Defend_G+1","Defend_G+1","Defend_G+1","Strike_G+1","Strike_G+1","Strike_G+1","Strike_G+1","Strike_G+1","Survivor","Neutralize","Dagger Spray+1","Backflip","PiercingWail","Calculated Gamble","Tools of the Trade","Bandage Up+1","Phantasmal Killer","Acrobatics+1","Noxious Fumes","Flying Knee","Flying Knee+1"],"max_hp_per_floor":[70,70,70,70,70,70,70,70,70,70,70,70,72,72,72,72,72,74,74,74,74,74,74,74,74,74,76,76,76,76,76,76,76],"relics":["Runic Pyramid","Vajra","Ancient Tea Set","Singing Bowl","Gambling Chip","Lizard Tail","Letter Opener","Art of War","Juzu Bracelet"],"card_choices":[{"not_picked":["Underhanded Strike","Well Laid Plans"],"picked":"Dagger Spray","floor":4},{"not_picked":["Phantasmal Killer","Heel Hook"],"picked":"Backflip","floor":5},{"not_picked":["Prepared","Bane"],"picked":"PiercingWail","floor":7},{"not_picked":["Dodge and Roll","Quick Slash"],"picked":"Calculated Gamble","floor":10},{"not_picked":["Dagger Throw","Outmaneuver"],"picked":"Tools of the Trade","floor":11},{"not_picked":["Die Die Die","Burst"],"picked":"Phantasmal Killer","floor":16},{"not_picked":["Deflect","Blur"],"picked":"Acrobatics","floor":22},{"not_picked":["Reflex","Dash"],"picked":"Noxious Fumes","floor":24},{"not_picked":["Underhanded Strike","Sucker Punch"],"picked":"Flying Knee","floor":28},{"not_picked":["Outmaneuver","Underhanded Strike"],"picked":"Flying Knee","floor":30}],"player_experience":257448,"potions_floor_usage":[13,13,13,18,24,27,28,33],"damage_taken":[{"damage":2,"enemies":"Small Slimes","floor":1,"turns":5},{"damage":1,"enemies":"Cultist","floor":4,"turns":5},{"damage":7,"enemies":"Jaw Worm","floor":5,"turns":4},{"damage":2,"enemies":"Blue Slaver","floor":7,"turns":5},{"damage":1,"enemies":"2 Fungi Beasts","floor":8,"turns":3},{"damage":4,"enemies":"Looter","floor":10,"turns":4},{"damage":4,"enemies":"Red Slaver","floor":11,"turns":3},{"damage":9,"enemies":"Gremlin Nob","floor":13,"turns":4},{"damage":41,"enemies":"The Guardian","floor":16,"turns":22},{"damage":24,"enemies":"2 Thieves","floor":18,"turns":5},{"damage":24,"enemies":"Shell Parasite","floor":22,"turns":10},{"damage":40,"enemies":"Slavers","floor":24,"turns":7},{"damage":8,"enemies":"Snake Plant","floor":27,"turns":7},{"damage":27,"enemies":"Centurion and Healer","floor":28,"turns":12},{"damage":14,"enemies":"3 Cultists","floor":30,"turns":5},{"damage":71,"enemies":"Collector","floor":33,"turns":8}],"event_choices":[{"event_name":"Golden Shrine","player_choice":"Desecrate","floor":2,"damage_taken":0},{"event_name":"Living Wall","player_choice":"Forget","floor":3,"damage_taken":0},{"event_name":"Drug Dealer","player_choice":"Ignored","floor":19,"damage_taken":0},{"event_name":"Addict","player_choice":"Obtained Relic","floor":20,"damage_taken":0},{"event_name":"Cursed Tome","player_choice":"Ignored","floor":25,"damage_taken":0},{"event_name":"Back to Basics","player_choice":"Simplicity","floor":29,"damage_taken":0},{"event_name":"Upgrade Shrine","player_choice":"Upgraded","floor":31,"damage_taken":0}],"boss_relics":[{"not_picked":["Calling Bell","Philosopher\u0027s Stone"],"picked":"Lizard Tail"}],"potions_floor_spawned":[4,5,7,16,22,24,27,30],"seed_played":"-8394778850438678085","killed_by":"Collector","ascension_level":1,"is_trial":false}