{"gold_per_floor":[113,113,9,22,35,62,62,79,79,113,113,61,61,76,76,177,177,191,208,55,71,89,89,123,123,169,189,19,19,19,118,118,222,222,233,246,1245,1245,1245],"floor_reached":39,"playtime":4737,"items_purged":[],"score":570,"play_id":"db685d66-0858-4f5b-9393-17474601d790","local_time":"20181226043601","is_ascension_mode":true,"campfire_choices":[{"floor":7,"key":"REST"},{"floor":11,"key":"REST"},{"floor":13,"key":"REST"},{"floor":15,"key":"RECALL"},{"floor":23,"key":"REST"},{"floor":25,"key":"REST"},{"floor":29,"key":"REST"},{"data":"Secret Weapon","floor":32,"key":"SMITH"}],"neow_cost":"PERCENT_DAMAGE","seed_source_timestamp":458778046039692,"circlet_count":0,"master_deck":["Strike_R","Strike_R","Strike_R","Strike_R","Strike_R","Defend_R","Defend_R","Defend_R","Defend_R","Bash","Spot Weakness","Seeing Red","Cleave","Anger","Clash","Clash+1","Flex","Iron Wave+1","Double Tap","Whirlwind+1","Pummel+1","Headbutt+1","Heavy Blade+1","Blood for Blood+1","Uppercut+1","Inflame+1","Pommel Strike+1","Twin Strike+1","Flex+1","Feel No Pain","Secret Weapon+1","Exhume","Anger+1","Normality","Normality","Discovery"],"relics":["Burning Blood","Pear","Molten Egg 2","Orrery","Art of War","Bottled Flame","Strawberry","Sozu"],"potions_floor_usage":[4,14,16,16,19,21,27,35],"damage_taken":[{"damage":4,"enemies":"2 Louse","floor":1,"turns":3},{"damage":4,"enemies":"Cultist","floor":4,"turns":3},{"damage":1,"enemies":"Small Slimes","floor":5,"turns":3},{"damage":62,"enemies":"Lagavulin","floor":6,"turns":9},{"damage":10,"enemies":"3 Louse","floor":8,"turns":2},{"damage":20,"enemies":"3 Sentries","floor":10,"turns":5},{"damage":4,"enemies":"Blue Slaver","floor":14,"turns":2},{"damage":89,"enemies":"The Guardian","floor":16,"turns":14},{"damage":23,"enemies":"Spheric Guardian","floor":18,"turns":4},{"damage":10,"enemies":"3 Byrds","floor":19,"turns":4},{"damage":36,"enemies":"Shelled Parasite and Fungi","floor":21,"turns":5},{"damage":30,"enemies":"Sentry and Sphere","floor":22,"turns":5},{"damage":25,"enemies":"Gremlin Leader","floor":24,"turns":3},{"damage":22,"enemies":"Centurion and Healer","floor":27,"turns":6},{"damage":77,"enemies":"Champ","floor":33,"turns":8},{"damage":32,"enemies":"3 Darklings","floor":35,"turns":3},{"damage":20,"enemies":"Orb Walker","floor":36,"turns":3},{"damage":80,"enemies":"Maw","floor":39,"turns":7}],"seed_played":"-3872466546102010610","potions_obtained":[{"floor":1,"key":"Weak Potion"},{"floor":6,"key":"Weak Potion"},{"floor":10,"key":"EssenceOfSteel"},{"floor":14,"key":"Poison Potion"},{"floor":18,"key":"AttackPotion"},{"floor":19,"key":"Weak Potion"},{"floor":24,"key":"Dexterity Potion"},{"floor":33,"key":"GamblersBrew"}],"is_trial":false,"path_per_floor":["M","?","$","M","M","E","R","M","T","E","R","$","R","M","R","B",null,"M","M","$","M","M","R","E","R","T","M","$","R","$","?","R","B",null,"M","M","?","?","M"],"character_chosen":"IRONCLAD","items_purchased":["Spot Weakness","Seeing Red","Flex","Art of War","Secret Weapon"],"campfire_rested":6,"item_purchase_floors":[3,3,12,20,28],"current_hp_per_floor":[74,74,74,76,81,35,66,62,62,48,79,79,106,106,106,23,106,89,85,85,55,31,62,43,74,81,65,65,98,98,98,98,27,113,87,73,73,73,0],"gold":1245,"neow_bonus":"TWENTY_PERCENT_HP_BONUS","is_prod":false,"is_daily":false,"chose_seed":false,"campfire_upgraded":1,"win_rate":0,"timestamp":1545811561,"path_taken":["M","?","$","M","M","E","R","?","T","E","R","?","R","M","R","BOSS","M","M","$","M","M","R","E","R","T","M","$","R","$","?","R","BOSS","M","M","?","?","M"],"build_version":"2018-12-25","purchased_purges":0,"victory":false,"max_hp_per_floor":[96,96,96,96,96,106,106,106,106,106,106,106,106,106,106,106,106,106,106,106,106,106,106,106,106,113,113,113,113,113,113,113,113,113,113,113,113,113,113],"card_choices":[{"not_picked":["Shrug It Off","Body Slam"],"picked":"Blood for Blood","floor":1},{"not_picked":["Armaments","Flex"],"picked":"Cleave","floor":4},{"not_picked":["Headbutt","Clothesline"],"picked":"Anger","floor":5},{"not_picked":["Rage","Brutality"],"picked":"Clash","floor":6},{"not_picked":["Body Slam","Armaments","Headbutt"],"picked":"SKIP","floor":8},{"not_picked":["Cleave","Combust"],"picked":"Clash","floor":10},{"not_picked":["Metallicize","Body Slam+1"],"picked":"Iron Wave+1","floor":14},{"not_picked":["Juggernaut","Dark Embrace"],"picked":"Double Tap","floor":16},{"not_picked":["Fire Breathing","Perfected Strike+1"],"picked":"Whirlwind+1","floor":17},{"not_picked":["Wild Strike+1","Armaments"],"picked":"Pummel+1","floor":17},{"not_picked":["Second Wind","Clothesline+1"],"picked":"Headbutt+1","floor":17},{"not_picked":["Flex","Iron Wave+1"],"picked":"Heavy Blade+1","floor":17},{"not_picked":["Armaments","Iron Wave+1"],"picked":"Blood for Blood+1","floor":17},{"not_picked":["Shrug It Off","Warcry"],"picked":"Uppercut+1","floor":18},{"not_picked":["Clothesline+1","Twin Strike+1"],"picked":"Inflame+1","floor":19},{"not_picked":["Blood for Blood+1","Havoc"],"picked":"Pommel Strike+1","floor":21},{"not_picked":["Warcry","Fire Breathing"],"picked":"Twin Strike+1","floor":22},{"not_picked":["Anger+1","Inflame"],"picked":"Flex+1","floor":24},{"not_picked":["Offering","Armaments"],"picked":"Feel No Pain","floor":27},{"not_picked":["Offering","Dark Embrace"],"picked":"Exhume","floor":33},{"not_picked":["Blood for Blood+1","Armaments"],"picked":"Anger+1","floor":35},{"not_picked":["Iron Wave+1","Armaments","Havoc"],"picked":"SKIP","floor":36},{"not_picked":["Thinking Ahead","Dark Shackles"],"picked":"Discovery","floor":38}],"player_experience":545519,"relics_obtained":[{"floor":6,"key":"Pear"},{"floor":10,"key":"Molten Egg 2"},{"floor":24,"key":"Bottled Flame"},{"floor":26,"key":"Strawberry"}],"event_choices":[{"cards_removed":["Blood for Blood"],"damage_healed":0,"gold_gain":0,"player_choice":"Purged","damage_taken":0,"max_hp_gain":0,"max_hp_loss":0,"event_name":"Purifier","floor":2,"gold_loss":0},{"damage_healed":0,"gold_gain":99,"player_choice":"Stole From Cult","damage_taken":0,"max_hp_gain":0,"max_hp_loss":0,"event_name":"Nest","floor":31,"gold_loss":0},{"damage_healed":0,"gold_gain":999,"player_choice":"Gold","damage_taken":0,"max_hp_gain":0,"max_hp_loss":0,"event_name":"MindBloom","floor":37,"gold_loss":0,"cards_obtained":["Normality","Normality"]},{"damage_healed":0,"gold_gain":0,"player_choice":"Memory 1","damage_taken":0,"max_hp_gain":0,"max_hp_loss":0,"event_name":"SensoryStone","floor":38,"gold_loss":0}],"is_beta":true,"boss_relics":[{"not_picked":["Velvet Choker","Runic Pyramid"],"picked":"Orrery"},{"not_picked":["Pandora\u0027s Box","Cursed Key"],"picked":"Sozu"}],"items_purged_floors":[],"is_endless":false,"potions_floor_spawned":[1,6,10,14,18,19,24,33,35],"killed_by":"Maw","ascension_level":3}