{"gold_per_floor":[114,189,201,126,173,173,191,211,211,211,240,240,11,74,74,147,147,165,55,1,12,12,12,27,54,54,154,154,166,0,20,20,96,96,109,129,129,178,178,178],"floor_reached":40,"playtime":1707,"items_purged":[],"score":789,"play_id":"10ad0c0f-9e7c-4625-8221-a7abfed05157","local_time":"20190118213710","is_ascension_mode":true,"campfire_choices":[{"data":"Shockwave","floor":6,"key":"SMITH"},{"data":"Cleave","floor":10,"key":"SMITH"},{"data":"Bash","floor":12,"key":"SMITH"},{"data":"Metallicize","floor":15,"key":"SMITH"},{"floor":23,"key":"RECALL"},{"data":"True Grit","floor":28,"key":"SMITH"},{"data":"Shrug It Off","floor":32,"key":"SMITH"}],"neow_cost":"NONE","seed_source_timestamp":5422664044079,"circlet_count":0,"master_deck":["AscendersBane","Strike_R","Strike_R+1","Strike_R+1","Strike_R","Defend_R","Defend_R","Defend_R","Bash+1","Cleave+1","Shockwave+1","Headbutt","Clothesline","Metallicize+1","Brutality","Shrug It Off+1","Shrug It Off","True Grit+1","Twin Strike+1","Cleave","Impervious","Clumsy","Regret","Shrug It Off"],"relics":["Burning Blood","Strawberry","Oddly Smooth Stone","Letter Opener","Centennial Puzzle","Brimstone","Blue Candle","Velvet Choker","Orichalcum","Regal Pillow","Unceasing Top","Paper Frog","Whetstone","Calling Bell","Red Skull","Mercury Hourglass","Calipers","WingedGreaves"],"potions_floor_usage":[11,14,27,27,38],"damage_taken":[{"damage":2,"enemies":"2 Louse","floor":1,"turns":5},{"damage":2,"enemies":"Jaw Worm","floor":3,"turns":5},{"damage":2,"enemies":"Cultist","floor":7,"turns":5},{"damage":4,"enemies":"Red Slaver","floor":8,"turns":3},{"damage":18,"enemies":"3 Sentries","floor":11,"turns":7},{"damage":1,"enemies":"3 Sentries","floor":14,"turns":5},{"damage":32,"enemies":"Hexaghost","floor":16,"turns":7},{"damage":12,"enemies":"Shell Parasite","floor":18,"turns":4},{"damage":0,"enemies":"Chosen","floor":21,"turns":3},{"damage":25,"enemies":"Shelled Parasite and Fungi","floor":24,"turns":5},{"damage":8,"enemies":"Colosseum Slavers","floor":27,"turns":3},{"damage":0,"enemies":"Colosseum Nobs","floor":27,"turns":3},{"damage":2,"enemies":"Snecko","floor":29,"turns":5},{"damage":0,"enemies":"3 Cultists","floor":31,"turns":3},{"damage":55,"enemies":"Automaton","floor":33,"turns":8},{"damage":2,"enemies":"3 Shapes","floor":35,"turns":4},{"damage":44,"enemies":"3 Darklings","floor":36,"turns":4},{"damage":25,"enemies":"2 Orb Walkers","floor":38,"turns":4},{"damage":23,"enemies":"Reptomancer","floor":40,"turns":3}],"seed_played":"-3806331031864842199","potions_obtained":[{"floor":7,"key":"Block Potion"},{"floor":11,"key":"Block Potion"},{"floor":14,"key":"Strength Potion"},{"floor":18,"key":"SteroidPotion"},{"floor":36,"key":"FearPotion"}],"is_trial":false,"path_per_floor":["M","?","M","?","T","R","M","M","T","R","E","R","$","?","R","B",null,"M","?","$","M","?","R","M","T","T","?","R","M","$","M","R","B",null,"M","M","?","?","?","E"],"character_chosen":"IRONCLAD","items_purchased":["Brimstone","Shrug It Off","Whetstone"],"campfire_rested":0,"item_purchase_floors":[13,20,30],"current_hp_per_floor":[79,68,72,72,72,72,76,78,78,78,66,66,66,71,71,45,73,67,67,67,73,73,73,54,54,54,58,58,62,62,68,68,19,66,70,32,32,13,13,0],"gold":178,"neow_bonus":"RANDOM_COMMON_RELIC","is_prod":false,"is_daily":false,"chose_seed":false,"campfire_upgraded":6,"win_rate":0,"timestamp":1547843830,"path_taken":["M","?","M","?","?","R","?","M","T","R","E","R","?","?","R","BOSS","M","?","?","M","?","R","M","?","T","?","R","M","?","?","R","BOSS","M","M","?","?","?","E"],"build_version":"2019-01-17","purchased_purges":0,"victory":false,"max_hp_per_floor":[82,82,82,82,82,82,82,82,82,82,82,82,82,82,82,82,82,82,82,82,82,82,82,82,82,82,82,82,82,82,82,82,82,82,82,82,82,82,82,82],"card_choices":[{"not_picked":["Wild Strike","Sever Soul"],"picked":"Cleave","floor":1},{"not_picked":["Seeing Red","Twin Strike"],"picked":"Shockwave","floor":3},{"not_picked":["Bloodletting","Corruption"],"picked":"Headbutt","floor":7},{"not_picked":["Armaments","Fire Breathing","Heavy Blade"],"picked":"SKIP","floor":8},{"not_picked":["Anger","Thunderclap"],"picked":"Clothesline","floor":11},{"not_picked":["Intimidate","Armaments"],"picked":"Metallicize","floor":14},{"not_picked":["Immolate","Barricade"],"picked":"Brutality","floor":16},{"not_picked":["Clothesline","Armaments","Anger"],"picked":"SKIP","floor":18},{"not_picked":["Cleave","Clothesline"],"picked":"Shrug It Off","floor":21},{"not_picked":["Havoc","Pommel Strike","Perfected Strike+1"],"picked":"SKIP","floor":24},{"not_picked":["Flex","Inflame"],"picked":"True Grit","floor":27},{"not_picked":["Sentinel","True Grit"],"picked":"Twin Strike","floor":29},{"not_picked":["Second Wind+1","Power Through"],"picked":"Cleave","floor":31},{"not_picked":["Exhume","Juggernaut"],"picked":"Impervious","floor":33},{"not_picked":["Reckless Charge","Wild Strike","Clothesline"],"picked":"SKIP","floor":35},{"not_picked":["Blood for Blood","Anger"],"picked":"Shrug It Off","floor":36}],"player_experience":895698,"relics_obtained":[{"floor":5,"key":"Oddly Smooth Stone"},{"floor":9,"key":"Letter Opener"},{"floor":11,"key":"Centennial Puzzle"},{"floor":14,"key":"Blue Candle"},{"floor":25,"key":"Orichalcum"},{"floor":26,"key":"Regal Pillow"},{"floor":27,"key":"Unceasing Top"},{"floor":27,"key":"Paper Frog"},{"floor":34,"key":"Red Skull"},{"floor":34,"key":"Mercury Hourglass"},{"floor":34,"key":"Calipers"},{"floor":38,"key":"WingedGreaves"}],"event_choices":[{"damage_healed":0,"gold_gain":75,"player_choice":"Gather Gold","damage_taken":11,"max_hp_gain":0,"max_hp_loss":0,"event_name":"World of Goop","floor":2,"gold_loss":0},{"cards_removed":["Strike_R"],"damage_healed":0,"gold_gain":0,"player_choice":"Card Removal","damage_taken":0,"max_hp_gain":0,"max_hp_loss":0,"event_name":"The Cleric","floor":4,"gold_loss":75},{"damage_healed":0,"gold_gain":0,"player_choice":"Searched \u00271\u0027 times","damage_taken":0,"max_hp_gain":0,"max_hp_loss":0,"event_name":"Dead Adventurer","floor":14,"gold_loss":0},{"cards_removed":["Defend_R"],"damage_healed":0,"gold_gain":0,"player_choice":"Upgrade and Remove","damage_taken":0,"max_hp_gain":0,"max_hp_loss":0,"event_name":"Designer","floor":19,"gold_loss":110,"cards_upgraded":["Strike_R"]},{"damage_healed":0,"gold_gain":0,"player_choice":"Ignored","damage_taken":0,"max_hp_gain":0,"max_hp_loss":0,"event_name":"Ghosts","floor":22,"gold_loss":0},{"damage_healed":0,"gold_gain":0,"player_choice":"Fight","damage_taken":0,"max_hp_gain":0,"max_hp_loss":0,"event_name":"Colosseum","floor":27,"gold_loss":0},{"damage_healed":0,"gold_gain":0,"player_choice":"Fought Nobs","damage_taken":0,"max_hp_gain":0,"max_hp_loss":0,"event_name":"Colosseum","floor":27,"gold_loss":0},{"damage_healed":0,"gold_gain":0,"player_choice":"Ignored","damage_taken":0,"max_hp_gain":0,"max_hp_loss":0,"event_name":"Tomb of Lord Red Mask","floor":37,"gold_loss":0},{"damage_healed":0,"gold_gain":0,"player_choice":"Fight","damage_taken":0,"max_hp_gain":0,"max_hp_loss":0,"event_name":"Mysterious Sphere","floor":38,"gold_loss":0},{"cards_removed":["Pain"],"damage_healed":0,"gold_gain":0,"player_choice":"Purged","damage_taken":0,"max_hp_gain":0,"max_hp_loss":0,"event_name":"Purifier","floor":39,"gold_loss":0}],"is_beta":true,"boss_relics":[{"not_picked":["Pandora\u0027s Box","Runic Pyramid"],"picked":"Velvet Choker"},{"not_picked":["Empty Cage","Snecko Eye"],"picked":"Calling Bell"}],"items_purged_floors":[],"is_endless":false,"potions_floor_spawned":[7,11,14,18,27,36],"killed_by":"Reptomancer","ascension_level":20}