{"path_per_floor":["M","?","?","?","M","R","M","M","T","$","R","M","E","$","R","B",null,"M","?","?","?","M","R","$","M","T","T","R","$","M","M","R"],"character_chosen":"THE_SILENT","items_purchased":["Toxic Egg 2","Kunai","Capacitor","Flying Knee","Feel No Pain","True Grit","Streamline","Jack Of All Trades","Deflect"],"gold_per_floor":[144,144,319,394,439,439,484,529,579,4,4,49,139,65,65,365,365,410,335,335,435,450,450,219,264,289,289,289,134,179,224,224,224],"floor_reached":33,"campfire_rested":6,"playtime":1912,"current_hp_per_floor":[69,55,55,44,44,65,65,62,62,62,60,50,42,42,55,25,55,49,49,40,40,37,55,55,33,33,33,50,50,48,43,45,0],"items_purged":["Doubt","Ball Lightning"],"gold":224,"score":270,"play_id":"e42ad829-0e1d-4d7a-9bd6-d716114e63c4","local_time":"20180518064206","daily_mods":["Diverse","Midas","Night Terrors"],"is_prod":false,"is_daily":true,"chose_seed":false,"is_ascension_mode":false,"campfire_upgraded":0,"timestamp":1526634726,"campfire_choices":[{"floor":6,"key":"REST"},{"floor":11,"key":"REST"},{"floor":15,"key":"REST"},{"floor":23,"key":"REST"},{"floor":28,"key":"REST"},{"floor":32,"key":"REST"}],"path_taken":["M","?","?","?","?","R","M","M","T","$","R","?","E","$","R","BOSS","M","?","?","?","M","R","$","M","T","?","R","$","M","M","R","BOSS"],"build_version":"2018-05-17","seed_source_timestamp":0,"purchased_purges":2,"victory":false,"master_deck":["Defend_G","Defend_G","Defend_G","Defend_G","Defend_G","Strike_G","Strike_G","Strike_G+1","Strike_G","Strike_G","Survivor+1","Neutralize","Leg Sweep","Clothesline","Spot Weakness","Reinforced Body+1","Whirlwind","Flying Knee","Storm of Steel+1","Skim+1","Feel No Pain","True Grit+1","Streamline","Flex+1","Jack Of All Trades+1","Deflect+1","Deflect+1","Heavy Blade"],"max_hp_per_floor":[70,70,70,70,70,65,65,65,65,65,60,60,60,60,55,55,55,55,55,60,60,60,55,55,55,55,55,50,50,50,50,45,45],"relics":["Ring of the Snake","Bag of Preparation","Toxic Egg 2","Kunai","Paper Crane","Lizard Tail","Regal Pillow","Ninja Scroll"],"card_choices":[{"not_picked":["Pommel Strike","Rebound"],"picked":"Ball Lightning","floor":1},{"not_picked":["Dagger Throw","Sucker Punch"],"picked":"Leg Sweep","floor":5},{"not_picked":["Deadly Poison","Clash"],"picked":"Clothesline","floor":7},{"not_picked":["Coolheaded","Perfected Strike"],"picked":"Spot Weakness","floor":8},{"not_picked":["Fire Breathing","Sunder"],"picked":"Reinforced Body+1","floor":12},{"not_picked":["Headbutt","Tools of the Trade"],"picked":"Whirlwind","floor":13},{"not_picked":["Thunder Strike","Amplify+1"],"picked":"Storm of Steel+1","floor":16},{"not_picked":["True Grit+1","Flex+1"],"picked":"Skim+1","floor":18},{"not_picked":["Chaos+1","Intimidate+1","Turbo+1"],"picked":"SKIP","floor":22},{"not_picked":["Sucker Punch+1","Loop"],"picked":"Flex+1","floor":25},{"not_picked":["Heavy Blade","Prepared+1"],"picked":"Deflect+1","floor":30},{"not_picked":["Power Through+1","Cleave"],"picked":"Heavy Blade","floor":31}],"player_experience":435859,"potions_floor_usage":[8,12,18,25,30],"damage_taken":[{"damage":1,"enemies":"Cultist","floor":1,"turns":5},{"damage":0,"enemies":"2 Louse","floor":5,"turns":3},{"damage":0,"enemies":"Small Slimes","floor":7,"turns":4},{"damage":3,"enemies":"3 Louse","floor":8,"turns":5},{"damage":10,"enemies":"Lots of Slimes","floor":12,"turns":6},{"damage":8,"enemies":"3 Sentries","floor":13,"turns":9},{"damage":30,"enemies":"Hexaghost","floor":16,"turns":10},{"damage":6,"enemies":"Shell Parasite","floor":18,"turns":9},{"damage":3,"enemies":"2 Thieves","floor":22,"turns":4},{"damage":22,"enemies":"Centurion and Healer","floor":25,"turns":15},{"damage":2,"enemies":"3 Cultists","floor":30,"turns":7},{"damage":5,"enemies":"Snake Plant","floor":31,"turns":8},{"damage":100,"enemies":"Collector","floor":33,"turns":19}],"relics_obtained":[{"floor":9,"key":"Bag of Preparation"},{"floor":13,"key":"Paper Crane"},{"floor":26,"key":"Regal Pillow"},{"floor":27,"key":"Ninja Scroll"}],"event_choices":[{"event_name":"Shining Light","player_choice":"Entered Light","floor":2,"damage_taken":0},{"event_name":"Liars Game","player_choice":"agreed","floor":3,"damage_taken":0},{"event_name":"World of Goop","player_choice":"Gather Gold","floor":4,"damage_taken":0},{"event_name":"Beggar","player_choice":"Gave Gold","floor":19,"damage_taken":0},{"event_name":"Forgotten Altar","player_choice":"Shed Blood","floor":20,"damage_taken":0},{"event_name":"Golden Shrine","player_choice":"Pray","floor":21,"damage_taken":0}],"boss_relics":[{"not_picked":["Sozu","White Beast Statue"],"picked":"Lizard Tail"}],"potions_floor_spawned":[5,7,13,16,25],"seed_played":"-1719172220029587943","killed_by":"Collector","ascension_level":0,"potions_obtained":[{"floor":5,"key":"Strength Potion"},{"floor":7,"key":"Poison Potion"},{"floor":13,"key":"GhostInAJar"},{"floor":16,"key":"Explosive Potion"},{"floor":25,"key":"Poison Potion"}],"is_trial":false}