{"path_per_floor":["M","?","?","M","M","R","T","M","T","M","$","T","R","M","R","B",null,"M","$","M","?","$","R","M","R","T","?","M","M","$","?","R","B",null,"M","$","?","M","?","R","M","?","T","M","M","M","M","$","R","B"],"character_chosen":"IRONCLAD","items_purchased":["Self Forming Clay","Charon\u0027s Ashes","Swift Potion","Frozen Egg 2","War Paint","Anchor","Regen Potion","Apotheosis","True Grit","Blood Vial","Regen Potion"],"gold_per_floor":[144,144,144,189,234,234,234,279,279,324,74,124,124,169,169,469,469,514,214,259,259,259,259,304,304,304,504,549,594,144,144,144,444,444,489,289,289,334,334,334,379,379,379,424,469,514,559,99,99,99],"floor_reached":51,"campfire_rested":8,"playtime":2975,"current_hp_per_floor":[80,80,80,80,74,80,80,75,75,71,71,71,80,82,83,63,83,80,80,74,74,74,83,83,83,83,83,83,78,78,78,83,14,83,82,82,82,79,79,83,73,73,73,60,86,82,57,57,86,21],"items_purged":[],"gold":99,"score":791,"play_id":"05c5e7c2-8b99-451c-b745-c5e3ef7089b8","local_time":"20180417034306","daily_mods":["Insanity","Midas","Hoarder"],"is_prod":false,"is_daily":true,"chose_seed":false,"is_ascension_mode":false,"campfire_upgraded":0,"timestamp":1523945586,"path_taken":["M","?","?","M","M","R","?","M","T","M","$","?","R","M","R","BOSS","M","$","M","?","?","R","M","R","T","?","?","M","$","?","R","BOSS","M","?","?","?","?","R","M","?","T","M","M","M","?","$","R","BOSS"],"build_version":"2018-04-12","seed_source_timestamp":0,"purchased_purges":0,"victory":true,"master_deck":["Infernal Blade","Twin Strike","Bludgeon","Heavy Blade","Fire Breathing","Pummel","Pommel Strike","Anger","Impervious","Perfected Strike","Hemokinesis","Bloodletting+1","Demon Form","Strike_R","Blood for Blood","Heavy Blade","Second Wind","Shockwave","Demon Form","Dropkick","Rampage","Clothesline","Twin Strike","Burning Pact","Ghostly Armor","Blood for Blood","Feed","Juggernaut","Demon Form","Searing Blow","Rupture","Pummel","Infernal Blade+1","Reaper","Havoc","Reckless Charge","Shockwave","Shockwave","Infernal Blade","Juggernaut","Headbutt","Berserk","Carnage","Infernal Blade","Strike_R","Fire Breathing","Shockwave","Feel No Pain","Inflame","Inflame","Inflame","Corruption","Corruption","Corruption","Whirlwind","Whirlwind","Whirlwind","Offering","Offering","Offering","Heavy Blade+1","Heavy Blade+1","Heavy Blade+1","Apotheosis","Apotheosis","Apotheosis","True Grit","True Grit","True Grit"],"max_hp_per_floor":[80,80,80,80,80,80,80,80,80,80,80,80,80,83,83,83,83,83,83,83,83,83,83,83,83,83,83,83,83,83,83,83,83,83,83,83,83,83,83,83,83,83,83,83,86,86,86,86,86,86],"relics":["Burning Blood","Toolbox","Thread and Needle","Self Forming Clay","Bag of Marbles","Eternal Feather","Charon\u0027s Ashes","Art of War","Frozen Egg 2","War Paint","Prayer Wheel","Velvet Choker","Anchor","Mummified Hand","Blood Vial"],"card_choices":[{"not_picked":["Clash","Reckless Charge"],"picked":"Whirlwind","floor":8},{"not_picked":["Fiend Fire","Feed"],"picked":"Offering","floor":16},{"not_picked":["Metallicize","Infernal Blade"],"picked":"Heavy Blade","floor":29}],"player_experience":341487,"potions_floor_usage":[10,14,24,24,33,33,41,44,47,50,50],"damage_taken":[{"damage":2,"enemies":"2 Louse","floor":1,"turns":3},{"damage":0,"enemies":"Cultist","floor":4,"turns":3},{"damage":12,"enemies":"Small Slimes","floor":5,"turns":3},{"damage":11,"enemies":"Gremlin Gang","floor":8,"turns":5},{"damage":10,"enemies":"2 Fungi Beasts","floor":10,"turns":3},{"damage":7,"enemies":"Blue Slaver","floor":14,"turns":3},{"damage":26,"enemies":"The Guardian","floor":16,"turns":10},{"damage":9,"enemies":"Spheric Guardian","floor":18,"turns":4},{"damage":12,"enemies":"Chosen","floor":20,"turns":5},{"damage":12,"enemies":"Centurion and Healer","floor":24,"turns":6},{"damage":4,"enemies":"Cultist and Chosen","floor":28,"turns":1},{"damage":11,"enemies":"Snake Plant","floor":29,"turns":3},{"damage":75,"enemies":"Champ","floor":33,"turns":7},{"damage":7,"enemies":"3 Shapes","floor":35,"turns":3},{"damage":9,"enemies":"3 Darklings","floor":38,"turns":3},{"damage":16,"enemies":"Sphere and 2 Shapes","floor":41,"turns":4},{"damage":25,"enemies":"Maw","floor":44,"turns":6},{"damage":0,"enemies":"4 Shapes","floor":45,"turns":2},{"damage":10,"enemies":"Sphere and 2 Shapes","floor":46,"turns":4},{"damage":31,"enemies":"3 Darklings","floor":47,"turns":3},{"damage":83,"enemies":"Donu and Deca","floor":50,"turns":7}],"event_choices":[{"event_name":"Match and Keep!","player_choice":"1 cards matched","floor":2,"damage_taken":0},{"event_name":"Transmorgrifier","player_choice":"Transform","floor":3,"damage_taken":0},{"event_name":"Drug Dealer","player_choice":"Ignored","floor":21,"damage_taken":0},{"event_name":"The Joust","player_choice":"Bet on Owner","floor":27,"damage_taken":0},{"event_name":"The Mausoleum","player_choice":"Yes","floor":31,"damage_taken":0},{"event_name":"The Lab","player_choice":"Got Potions","floor":39,"damage_taken":0},{"event_name":"The Woman in Blue","player_choice":"Bought 0 Potions","floor":42,"damage_taken":0}],"boss_relics":[{"not_picked":["Black Star","Black Blood"],"picked":"Eternal Feather"},{"not_picked":["Astrolabe","Orrery"],"picked":"Velvet Choker"}],"potions_floor_spawned":[1,10,14,20,29,33,38,41,46],"seed_played":"5806895975017709107","ascension_level":0,"is_trial":false}