{"gold_per_floor":[111,121,140,150,150,150,185,204,227,152,152,168,186,211,211,341,341,365,365],"floor_reached":19,"playtime":2575,"items_purged":["Strike_G"],"score":173,"play_id":"71c5cfe1-41e5-4d63-b343-ac61bc523716","local_time":"20181018172059","is_ascension_mode":false,"campfire_choices":[{"data":"Infinite Blades","floor":6,"key":"SMITH"},{"data":"Neutralize","floor":11,"key":"SMITH"},{"data":"Sucker Punch","floor":15,"key":"SMITH"}],"neow_cost":"","seed_source_timestamp":7597158844142,"circlet_count":0,"master_deck":["Defend_G","Defend_G","Defend_G","Defend_G","Defend_G","Strike_G","Strike_G","Strike_G","Strike_G","Survivor","Neutralize+1","Quick Slash","Dagger Spray","Flying Knee","Infinite Blades+1","Backflip","PiercingWail","Sucker Punch+1","Deflect","Crippling Poison","A Thousand Cuts","Footwork"],"relics":["Ring of the Snake","Golden Idol","Question Card","Oddly Smooth Stone","Snecko Eye"],"potions_floor_usage":[16,16,16],"damage_taken":[{"damage":0,"enemies":"2 Louse","floor":1,"turns":3},{"damage":0,"enemies":"Small Slimes","floor":2,"turns":5},{"damage":0,"enemies":"Cultist","floor":3,"turns":3},{"damage":14,"enemies":"Exordium Thugs","floor":4,"turns":5},{"damage":27,"enemies":"Gremlin Nob","floor":7,"turns":5},{"damage":2,"enemies":"2 Fungi Beasts","floor":8,"turns":4},{"damage":0,"enemies":"Looter","floor":12,"turns":4},{"damage":9,"enemies":"Blue Slaver","floor":13,"turns":4},{"damage":0,"enemies":"Exordium Thugs","floor":14,"turns":4},{"damage":6,"enemies":"The Guardian","floor":16,"turns":11},{"damage":4,"enemies":"3 Byrds","floor":18,"turns":5},{"damage":63,"enemies":"Masked Bandits","floor":19,"turns":5}],"seed_played":"-2238347017332265870","potions_obtained":[{"floor":7,"key":"Poison Potion"},{"floor":8,"key":"LiquidBronze"},{"floor":13,"key":"Poison Potion"},{"floor":14,"key":"Block Potion"},{"floor":16,"key":"Ancient Potion"}],"is_trial":false,"path_per_floor":["M","M","M","M","?","R","E","M","T","$","R","M","M","M","R","B",null,"M"],"character_chosen":"THE_SILENT","items_purchased":[],"campfire_rested":0,"item_purchase_floors":[],"current_hp_per_floor":[70,70,70,56,56,56,29,27,27,27,27,27,18,18,18,12,65,61,0],"gold":365,"neow_bonus":"","is_prod":false,"is_daily":false,"chose_seed":false,"campfire_upgraded":3,"win_rate":0.0,"timestamp":1539901259,"path_taken":["M","M","M","M","?","R","E","M","T","$","R","M","M","?","R","BOSS","M","?"],"build_version":"2018-10-11","purchased_purges":1,"victory":false,"max_hp_per_floor":[70,70,70,70,65,65,65,65,65,65,65,65,65,65,65,65,65,65,65],"card_choices":[{"not_picked":["Underhanded Strike","PiercingWail"],"picked":"Quick Slash","floor":1},{"not_picked":["Escape Plan","Acrobatics"],"picked":"Dagger Spray","floor":2},{"not_picked":["Blur","Terror"],"picked":"Flying Knee","floor":3},{"not_picked":["Blade Dance","Tools of the Trade"],"picked":"Infinite Blades","floor":4},{"not_picked":["Bullet Time","Dash"],"picked":"Backflip","floor":7},{"not_picked":["Flechettes","Blade Dance","Sucker Punch"],"picked":"PiercingWail","floor":8},{"not_picked":["Unload","Masterful Stab","Dagger Spray"],"picked":"Sucker Punch","floor":12},{"not_picked":["PiercingWail","Outmaneuver","Prepared"],"picked":"Deflect","floor":13},{"not_picked":["PiercingWail","Quick Slash","Flechettes"],"picked":"Crippling Poison","floor":14},{"not_picked":["Bullet Time","Phantasmal Killer","Tools of the Trade"],"picked":"A Thousand Cuts","floor":16},{"not_picked":["Deadly Poison","Leg Sweep","Slice+1"],"picked":"Footwork","floor":18}],"player_experience":16845,"relics_obtained":[{"floor":7,"key":"Question Card"},{"floor":9,"key":"Oddly Smooth Stone"}],"event_choices":[{"event_name":"Golden Idol","player_choice":"Lose Max HP","floor":5,"damage_taken":0},{"event_name":"Masked Bandits","player_choice":"Fought Bandits","floor":19,"damage_taken":0}],"is_beta":false,"boss_relics":[{"not_picked":["Ring of the Serpent","Velvet Choker"],"picked":"Snecko Eye"}],"items_purged_floors":[10],"is_endless":false,"potions_floor_spawned":[7,8,13,14,16],"killed_by":"Masked Bandits","ascension_level":0}