{"gold_per_floor":[111,130,44,119,119,146,146,163,237,162,174,174,174,12,12,86,86,103,18,18,18,38,38,56,86,110,110,110,127,127,127,127,127],"floor_reached":33,"playtime":1001,"items_purged":["Regret"],"score":572,"play_id":"0de1d1c1-8ca9-4289-a7bb-be02c887cd07","local_time":"20190223164503","is_ascension_mode":true,"campfire_choices":[{"data":"Rage","floor":7,"key":"SMITH"},{"data":"Second Wind","floor":15,"key":"SMITH"},{"data":"Immolate","floor":23,"key":"SMITH"},{"floor":32,"key":"REST"}],"neow_cost":"NONE","seed_source_timestamp":15625720261131699,"circlet_count":0,"master_deck":["AscendersBane","Strike_R","Strike_R","Strike_R","Strike_R","Strike_R","Defend_R","Defend_R","Defend_R","Bash","Iron Wave","Rage+1","True Grit","Flex","Second Wind+1","Immolate+1","Evolve+1","Warcry","Perfected Strike","Dark Embrace+1","Decay"],"relics":["Burning Blood","NeowsBlessing","Strawberry","Frozen Egg 2","Mercury Hourglass","Juzu Bracelet","Snecko Eye","Bronze Scales","Red Skull"],"potions_floor_usage":[16,22,24],"damage_taken":[{"damage":0,"enemies":"Small Slimes","floor":1,"turns":1},{"damage":0,"enemies":"2 Louse","floor":2,"turns":1},{"damage":0,"enemies":"Gremlin Nob","floor":6,"turns":1},{"damage":8,"enemies":"Cultist","floor":8,"turns":3},{"damage":0,"enemies":"Red Slaver","floor":11,"turns":2},{"damage":42,"enemies":"Slime Boss","floor":16,"turns":9},{"damage":0,"enemies":"Chosen","floor":18,"turns":3},{"damage":17,"enemies":"2 Thieves","floor":22,"turns":4},{"damage":16,"enemies":"Sentry and Sphere","floor":24,"turns":6},{"damage":48,"enemies":"Slavers","floor":25,"turns":4},{"damage":0,"enemies":"Snecko","floor":29,"turns":3},{"damage":76,"enemies":"Champ","floor":33,"turns":10}],"seed_played":"-3664549870974060544","potions_obtained":[{"floor":6,"key":"Energy Potion"},{"floor":11,"key":"Fire Potion"},{"floor":22,"key":"Fruit Juice"}],"is_trial":false,"path_per_floor":["M","M","$","?","?","E","R","M","T","$","M","?","?","$","R","B",null,"M","$","?","$","M","R","M","E","T","?","?","M","?","?","R","B"],"character_chosen":"IRONCLAD","items_purchased":["Rage","Juzu Bracelet","Evolve+1"],"campfire_rested":1,"item_purchase_floors":[3,14,19],"current_hp_per_floor":[74,75,75,64,71,77,77,75,75,75,81,81,81,81,81,45,73,79,79,82,82,76,76,66,24,24,24,24,30,30,30,56,0],"gold":127,"neow_bonus":"THREE_ENEMY_KILL","is_prod":false,"is_daily":false,"chose_seed":false,"campfire_upgraded":3,"win_rate":0,"timestamp":1550936703,"path_taken":["M","M","$","?","?","E","R","M","T","$","M","?","?","$","R","BOSS","M","$","?","?","M","R","M","E","T","?","?","M","?","?","R","BOSS"],"build_version":"2019-01-23","purchased_purges":1,"victory":false,"max_hp_per_floor":[75,75,75,75,82,82,82,82,82,82,82,82,82,82,82,82,82,82,82,82,82,87,87,87,87,87,87,87,87,87,87,87,87],"card_choices":[{"not_picked":["Headbutt","Twin Strike"],"picked":"Iron Wave","floor":1},{"not_picked":["Sentinel","Ghostly Armor"],"picked":"Infernal Blade","floor":2},{"not_picked":["Corruption","Burning Pact"],"picked":"True Grit","floor":6},{"not_picked":["Anger","Wild Strike"],"picked":"Flex","floor":8},{"not_picked":["Perfected Strike","Pommel Strike"],"picked":"Second Wind","floor":11},{"not_picked":["Limit Break","Exhume"],"picked":"Immolate","floor":16},{"not_picked":["Havoc","Thunderclap","Iron Wave"],"picked":"SKIP","floor":18},{"not_picked":["True Grit","Pommel Strike+1"],"picked":"Warcry","floor":22},{"not_picked":["Wild Strike+1","Armaments+1"],"picked":"Perfected Strike","floor":24},{"not_picked":["Sentinel","Pommel Strike"],"picked":"Dark Embrace+1","floor":25},{"not_picked":["Perfected Strike","Headbutt","Thunderclap"],"picked":"SKIP","floor":29}],"player_experience":436509,"relics_obtained":[{"floor":6,"key":"Frozen Egg 2"},{"floor":9,"key":"Mercury Hourglass"},{"floor":25,"key":"Bronze Scales"},{"floor":26,"key":"Red Skull"}],"event_choices":[{"damage_healed":0,"gold_gain":75,"player_choice":"Gather Gold","damage_taken":11,"max_hp_gain":0,"max_hp_loss":0,"event_name":"World of Goop","floor":4,"gold_loss":0},{"damage_healed":0,"gold_gain":0,"player_choice":"Box","damage_taken":0,"relics_obtained":["Strawberry"],"max_hp_gain":0,"max_hp_loss":0,"event_name":"Big Fish","floor":5,"gold_loss":0,"cards_obtained":["Regret"]},{"damage_healed":0,"gold_gain":0,"player_choice":"Leave","damage_taken":0,"max_hp_gain":0,"max_hp_loss":0,"event_name":"The Cleric","floor":12,"gold_loss":0},{"cards_removed":["Defend_R"],"damage_healed":0,"gold_gain":0,"player_choice":"Purged","damage_taken":0,"max_hp_gain":0,"max_hp_loss":0,"event_name":"Purifier","floor":13,"gold_loss":0},{"cards_removed":["Infernal Blade"],"damage_healed":3,"gold_gain":0,"player_choice":"Offered Uncommon","damage_taken":0,"max_hp_gain":0,"max_hp_loss":0,"event_name":"Bonfire Elementals","floor":20,"gold_loss":0},{"damage_healed":0,"gold_gain":0,"player_choice":"0 cards matched","damage_taken":0,"max_hp_gain":0,"max_hp_loss":0,"event_name":"Match and Keep!","floor":27,"gold_loss":0,"cards_obtained":[]},{"damage_healed":0,"gold_gain":0,"player_choice":"Ignored","damage_taken":0,"max_hp_gain":0,"max_hp_loss":0,"event_name":"Ghosts","floor":28,"gold_loss":0},{"damage_healed":0,"gold_gain":0,"player_choice":"Ignored","damage_taken":0,"max_hp_gain":0,"max_hp_loss":0,"event_name":"Cursed Tome","floor":30,"gold_loss":0},{"damage_healed":0,"gold_gain":0,"player_choice":"Smashed Altar","damage_taken":0,"max_hp_gain":0,"max_hp_loss":0,"event_name":"Forgotten Altar","floor":31,"gold_loss":0,"cards_obtained":["Decay"]}],"is_beta":false,"boss_relics":[{"not_picked":["Philosopher\u0027s Stone","Runic Cube"],"picked":"Snecko Eye"}],"items_purged_floors":[10],"is_endless":false,"potions_floor_spawned":[6,11,22],"killed_by":"Champ","ascension_level":20}