{"path_per_floor":["M","?","$","M","M","R","E","M","T","R","M","M","M","M","R","B",null,"M","?","?","?","?","R","E","R","T","$","?","?","M","M","R","B",null,"M","?","$","?","M","E","R","M","T","?","E","R","$","$","R","B"],"character_chosen":"DEFECT","items_purchased":["Doom and Gloom","Symbiotic Virus","Ball Lightning","Kunai","Reinforced Body","GamblersBrew","Strength Potion"],"gold_per_floor":[114,114,32,47,62,62,92,107,132,132,147,162,177,192,192,292,292,307,307,307,307,332,332,362,362,387,87,87,87,102,117,117,217,217,232,232,232,232,247,277,277,292,342,564,594,594,296,100,100,100],"floor_reached":51,"campfire_rested":4,"playtime":1983,"current_hp_per_floor":[74,74,74,74,73,73,64,56,62,62,61,50,50,50,74,55,105,76,76,76,82,78,111,107,107,120,120,120,120,117,108,108,102,130,127,127,127,127,123,125,125,114,114,114,110,130,130,130,130,102],"items_purged":["Regret"],"gold":100,"score":1023,"play_id":"ec341d98-915e-4734-938c-0ec1e377a968","local_time":"20180515015417","daily_mods":["Heirloom","Cursed Run","Vintage"],"is_prod":false,"is_daily":true,"chose_seed":false,"is_ascension_mode":false,"campfire_upgraded":4,"timestamp":1526358257,"path_taken":["M","?","$","M","M","R","E","?","T","R","?","M","M","M","R","BOSS","M","?","?","?","?","R","E","R","T","$","?","?","M","M","R","BOSS","M","?","?","?","?","E","R","M","T","?","E","R","?","$","R","BOSS"],"build_version":"2018-05-12v2","seed_source_timestamp":0,"purchased_purges":1,"victory":true,"master_deck":["Strike_B+1","Strike_B+1","Strike_B+1","Strike_B+1","Defend_B+1","Defend_B+1","Defend_B+1","Defend_B+1","Zap+1","Dualcast+1","Doom and Gloom+1","Leap+1","Pain","Normality","Creative AI+1","Regret","Parasite","Clumsy","Clumsy","Reboot+1","Amplify+1","Sunder+1","Ball Lightning+1","Reinforced Body+1"],"max_hp_per_floor":[75,75,75,75,75,75,75,75,81,81,81,81,81,81,81,87,105,105,105,105,111,111,111,111,111,124,124,124,124,124,124,124,130,130,130,130,130,130,130,130,130,130,130,130,130,130,130,130,130,130],"relics":["Cursed Key","Darkstone Periapt","Du-Vu Doll","Ice Cream","Bronze Scales","Blue Candle","Orichalcum","Dodecahedron","Dead Branch","Oddly Smooth Stone","Pen Nib","Bag of Marbles","Mummified Hand","Smiling Mask","Calling Bell","Regal Pillow","Toxic Egg 2","Peace Pipe","Molten Egg 2","Nloth\u0027s Gift","Potion Belt","Red Mask","Shuriken","Strawberry","Symbiotic Virus","Thread and Needle","Pantograph","Blood Vial","Nuclear Battery","Bag of Preparation","Frozen Egg 2","War Paint","Omamori","Anchor","Calipers","Kunai"],"card_choices":[{"not_picked":["Axe Kick","Chill"],"picked":"Leap","floor":7},{"not_picked":["Reboot","Echo Form"],"picked":"Creative AI","floor":16},{"not_picked":["Turbo+1","Gash+1","Stack+1"],"picked":"SKIP","floor":24},{"not_picked":["Meteor Strike+1","Machine Learning"],"picked":"Reboot+1","floor":33},{"not_picked":["Turbo+1","Sweeping Beam+1"],"picked":"Amplify+1","floor":40},{"not_picked":["Sweeping Beam+1","Rainbow+1"],"picked":"Sunder+1","floor":45}],"player_experience":418682,"potions_floor_usage":[7,7,11,16,18,22,33,40,50,50],"damage_taken":[{"damage":1,"enemies":"2 Louse","floor":1,"turns":2},{"damage":0,"enemies":"Small Slimes","floor":4,"turns":3},{"damage":1,"enemies":"Jaw Worm","floor":5,"turns":3},{"damage":9,"enemies":"Gremlin Nob","floor":7,"turns":4},{"damage":8,"enemies":"Gremlin Gang","floor":8,"turns":3},{"damage":1,"enemies":"3 Louse","floor":11,"turns":1},{"damage":11,"enemies":"Lots of Slimes","floor":12,"turns":3},{"damage":0,"enemies":"Looter","floor":13,"turns":2},{"damage":0,"enemies":"3 Louse","floor":14,"turns":1},{"damage":25,"enemies":"Hexaghost","floor":16,"turns":7},{"damage":29,"enemies":"2 Thieves","floor":18,"turns":4},{"damage":4,"enemies":"Masked Bandits","floor":22,"turns":3},{"damage":4,"enemies":"Gremlin Leader","floor":24,"turns":5},{"damage":3,"enemies":"Chosen","floor":30,"turns":2},{"damage":9,"enemies":"Slaver and Parasite","floor":31,"turns":3},{"damage":28,"enemies":"Collector","floor":33,"turns":6},{"damage":3,"enemies":"3 Darklings","floor":35,"turns":1},{"damage":6,"enemies":"Orb Walker","floor":39,"turns":3},{"damage":7,"enemies":"Giant Head","floor":40,"turns":6},{"damage":13,"enemies":"Spire Growth","floor":42,"turns":3},{"damage":6,"enemies":"2 Orb Walkers","floor":45,"turns":2},{"damage":28,"enemies":"Awakened One","floor":50,"turns":8}],"event_choices":[{"event_name":"The Cleric","player_choice":"Leave","floor":2,"damage_taken":0},{"event_name":"N\u0027loth","player_choice":"Traded a Singing Bowl","floor":19,"damage_taken":0},{"event_name":"Transmorgrifier","player_choice":"Skipped","floor":20,"damage_taken":0},{"event_name":"Accursed Blacksmith","player_choice":"Rummage","floor":21,"damage_taken":0},{"event_name":"Masked Bandits","player_choice":"Fought over 307 gold","floor":22,"damage_taken":0},{"event_name":"Vampires","player_choice":"Ignored","floor":28,"damage_taken":0},{"event_name":"Back to Basics","player_choice":"Simplicity","floor":29,"damage_taken":0},{"event_name":"Mysterious Sphere","player_choice":"Ignore","floor":36,"damage_taken":0},{"event_name":"SensoryStone","player_choice":"Memory 1","floor":38,"damage_taken":0},{"event_name":"Tomb of Lord Red Mask","player_choice":"Wore Mask","floor":44,"damage_taken":0}],"boss_relics":[{"not_picked":["Snecko Eye","Runic Pyramid"],"picked":"Calling Bell"},{"not_picked":["Astrolabe","Orrery"],"picked":"Nuclear Battery"}],"potions_floor_spawned":[1,5,8,12,14,18,30,31,39,40],"seed_played":"-7038820787724177597","ascension_level":0,"is_trial":false}