{"gold_per_floor":[115,127,144,219,239,239,257,257,282,301,315,345,345,345,345,345],"floor_reached":16,"playtime":754,"items_purged":[],"score":104,"play_id":"99563c26-1089-4a58-b0f5-9760219c6f07","local_time":"20190116050730","is_ascension_mode":false,"campfire_choices":[{"floor":6,"key":"REST"},{"data":"Distraction","floor":8,"key":"SMITH"},{"floor":15,"key":"REST"}],"neow_cost":"NONE","seed_source_timestamp":372063360542649,"circlet_count":0,"master_deck":["Defend_G","Defend_G","Defend_G","Defend_G","Defend_G","Strike_G","Strike_G","Strike_G","Strike_G","Strike_G","Survivor","Neutralize","Distraction+1","Riddle With Holes","Skewer","Endless Agony","Malaise","Dagger Spray","Blur","Burst","Injury","Parasite"],"relics":["Ring of the Snake","Oddly Smooth Stone","PreservedInsect","Golden Idol"],"potions_floor_usage":[11,12,16],"damage_taken":[{"damage":2,"enemies":"Cultist","floor":1,"turns":4},{"damage":0,"enemies":"2 Louse","floor":2,"turns":4},{"damage":1,"enemies":"Small Slimes","floor":3,"turns":3},{"damage":17,"enemies":"Looter","floor":5,"turns":3},{"damage":5,"enemies":"2 Fungi Beasts","floor":7,"turns":4},{"damage":0,"enemies":"Exordium Wildlife","floor":10,"turns":2},{"damage":12,"enemies":"Blue Slaver","floor":11,"turns":3},{"damage":49,"enemies":"Gremlin Nob","floor":12,"turns":5},{"damage":45,"enemies":"Slime Boss","floor":16,"turns":10}],"seed_played":"2465953208363228127","potions_obtained":[{"floor":7,"key":"Weak Potion"},{"floor":11,"key":"Fire Potion"},{"floor":12,"key":"SkillPotion"}],"is_trial":false,"path_per_floor":["M","M","M","?","M","R","M","R","T","M","M","E","?","?","R","B"],"character_chosen":"THE_SILENT","items_purchased":[],"campfire_rested":2,"item_purchase_floors":[],"current_hp_per_floor":[75,75,74,63,46,69,64,64,64,64,52,3,3,22,45,0],"gold":345,"neow_bonus":"TEN_PERCENT_HP_BONUS","is_prod":false,"is_daily":false,"chose_seed":false,"campfire_upgraded":1,"win_rate":0,"timestamp":1547627850,"path_taken":["M","?","M","?","M","R","M","R","T","M","M","E","?","?","R","BOSS"],"build_version":"2019-01-14v2","purchased_purges":0,"victory":false,"max_hp_per_floor":[77,77,77,77,77,77,77,77,77,77,77,77,77,77,77,77],"card_choices":[{"not_picked":["Deflect","Dodge and Roll"],"picked":"Distraction","floor":1},{"not_picked":["Sucker Punch","Poisoned Stab"],"picked":"Riddle With Holes","floor":2},{"not_picked":["Deadly Poison","Outmaneuver"],"picked":"Skewer","floor":3},{"not_picked":["Prepared","Outmaneuver"],"picked":"Endless Agony","floor":5},{"not_picked":["Prepared","Dodge and Roll"],"picked":"Malaise","floor":7},{"not_picked":["Blade Dance","Escape Plan"],"picked":"Dagger Spray","floor":10},{"not_picked":["Acrobatics","Deadly Poison"],"picked":"Blur","floor":11},{"not_picked":["Endless Agony","Dagger Spray"],"picked":"Burst","floor":12}],"player_experience":585842,"relics_obtained":[{"floor":9,"key":"Oddly Smooth Stone"},{"floor":12,"key":"PreservedInsect"}],"event_choices":[{"damage_healed":0,"gold_gain":75,"player_choice":"Gather Gold","damage_taken":11,"max_hp_gain":0,"max_hp_loss":0,"event_name":"World of Goop","floor":4,"gold_loss":0},{"damage_healed":0,"gold_gain":0,"player_choice":"Take Wound","damage_taken":0,"relics_obtained":["Golden Idol"],"max_hp_gain":0,"max_hp_loss":0,"event_name":"Golden Idol","floor":13,"gold_loss":0,"cards_obtained":["Injury"]},{"damage_healed":19,"gold_gain":0,"player_choice":"Healed and dodged fight","damage_taken":0,"max_hp_gain":0,"max_hp_loss":0,"event_name":"Mushrooms","floor":14,"gold_loss":0,"cards_obtained":["Parasite"]}],"is_beta":true,"boss_relics":[],"items_purged_floors":[],"is_endless":false,"potions_floor_spawned":[7,11,12],"killed_by":"Slime Boss","ascension_level":0}