{"gold_per_floor":[114,128,0,0,17,17,17,32,32,32,43,58,89,149,149,226,226,242,242,242,260,276,276,276,276,302,316,334,362,377,21,21,96,96,106,156,156,170,185,185,216,234,234,234,234,234,247,11,11,11,11],"floor_reached":51,"playtime":2357,"items_purged":["Strike_B","Writhe"],"score":1348,"play_id":"1dea9b61-c02b-4c2f-b44e-5ce6c8c1d684","local_time":"20181118230102","is_ascension_mode":true,"campfire_choices":[{"data":"Zap","floor":7.0,"key":"SMITH"},{"data":"Streamline","floor":10.0,"key":"SMITH"},{"floor":15.0,"key":"REST"},{"floor":23.0,"key":"REST"},{"floor":25.0,"key":"RECALL"},{"floor":32.0,"key":"REST"},{"floor":40.0,"key":"REST"},{"floor":44.0,"key":"REST"},{"floor":46.0,"key":"REST"},{"floor":49.0,"key":"REST"}],"neow_cost":"NONE","seed_source_timestamp":0,"circlet_count":0,"master_deck":["AscendersBane","Defend_B","Defend_B","Defend_B","Defend_B","Zap+1","Dualcast","Glacier","Streamline+1","Coolheaded","Ball Lightning","BootSequence","Steam","Core Surge","Ball Lightning","Biased Cognition","Hologram","Cold Snap+1","Core Surge","Compile Driver","Electrodynamics","Undo+1","Coolheaded","Compile Driver","Barrage+1","Conserve Battery+1","Hologram","Loop","Discovery"],"special_seed":0,"relics":["Cracked Core","NeowsBlessing","Cables","Vajra","Fusion Hammer","Pear","Enchiridion","Strawberry","Turnip","Medical Kit","Busted Crown","Emotion Chip","Dodecahedron","Sundial"],"potions_floor_usage":[],"damage_taken":[{"damage":0.0,"enemies":"2 Louse","floor":1.0,"turns":1.0},{"damage":0.0,"enemies":"Cultist","floor":2.0,"turns":1.0},{"damage":0.0,"enemies":"Jaw Worm","floor":5.0,"turns":1.0},{"damage":7.0,"enemies":"3 Louse","floor":8.0,"turns":3.0},{"damage":0.0,"enemies":"Large Slime","floor":11.0,"turns":5.0},{"damage":3.0,"enemies":"2 Fungi Beasts","floor":12.0,"turns":3.0},{"damage":16.0,"enemies":"Gremlin Nob","floor":13.0,"turns":4.0},{"damage":3.0,"enemies":"Gremlin Nob","floor":14.0,"turns":3.0},{"damage":25.0,"enemies":"Slime Boss","floor":16.0,"turns":7.0},{"damage":6.0,"enemies":"3 Byrds","floor":18.0,"turns":4.0},{"damage":0.0,"enemies":"Chosen","floor":21.0,"turns":3.0},{"damage":2.0,"enemies":"Snake Plant","floor":22.0,"turns":4.0},{"damage":0.0,"enemies":"Cultist and Chosen","floor":27.0,"turns":5.0},{"damage":0.0,"enemies":"Centurion and Healer","floor":28.0,"turns":4.0},{"damage":0.0,"enemies":"Book of Stabbing","floor":29.0,"turns":4.0},{"damage":9.0,"enemies":"Snake Plant","floor":30.0,"turns":3.0},{"damage":36.0,"enemies":"Automaton","floor":33.0,"turns":9.0},{"damage":0.0,"enemies":"Orb Walker","floor":35.0,"turns":3.0},{"damage":25.0,"enemies":"2 Orb Walkers","floor":36.0,"turns":4.0},{"damage":0.0,"enemies":"3 Darklings","floor":38.0,"turns":2.0},{"damage":0.0,"enemies":"Maw","floor":39.0,"turns":7.0},{"damage":14.0,"enemies":"Giant Head","floor":41.0,"turns":9.0},{"damage":7.0,"enemies":"Jaw Worm Horde","floor":42.0,"turns":4.0},{"damage":10.0,"enemies":"3 Darklings","floor":47.0,"turns":2.0},{"damage":24.0,"enemies":"Time Eater","floor":50.0,"turns":12.0},{"damage":65,"enemies":"Awakened One","floor":51,"turns":8}],"seed_played":"4561971446046773636","potions_obtained":[{"floor":2.0,"key":"PowerPotion"},{"floor":5.0,"key":"Swift Potion"},{"floor":14.0,"key":"FearPotion"},{"floor":16.0,"key":"Poison Potion"},{"floor":21.0,"key":"FocusPotion"},{"floor":22.0,"key":"SkillPotion"},{"floor":29.0,"key":"GamblersBrew"},{"floor":35.0,"key":"Explosive Potion"},{"floor":38.0,"key":"Dexterity Potion"},{"floor":41.0,"key":"PowerPotion"}],"is_trial":false,"path_per_floor":["M","M","$","?","M","?","R","M","T","R","M","M","E","?","R","B",null,"M","?","?","M","M","R","?","R","T","M","M","E","M","$","R","B",null,"M","?","?","M","M","R","E","M","T","R","$","R","M","$","R","B","B"],"character_chosen":"DEFECT","items_purchased":["Coolheaded","Compile Driver","Medical Kit","Loop","Discovery","Block Potion"],"campfire_rested":7,"item_purchase_floors":[3,31,31,48,48,48],"current_hp_per_floor":[64,64,64,64,64,57,57,50,50,50,50,47,31,28,49,24,59,53,63,42,42,40,64,64,64,71,71,71,71,62,62,88,52,79,79,54,54,54,54,80,66,59,59,85,85,88,78,78,88,64,0],"gold":11,"neow_bonus":"THREE_ENEMY_KILL","is_prod":false,"is_daily":false,"chose_seed":false,"campfire_upgraded":2,"win_rate":0,"timestamp":1542578462,"path_taken":["M","M","$","?","?","?","R","M","T","R","M","M","E","?","R","BOSS","M","?","?","M","M","R","?","R","T","M","?","E","M","$","R","BOSS","M","?","?","?","M","R","E","M","T","R","$","R","?","$","R","BOSS","BOSS"],"build_version":"2018-11-15","purchased_purges":2,"victory":false,"max_hp_per_floor":[71,71,71,71,71,71,71,71,71,71,71,71,71,71,71,71,71,71,81,81,81,81,81,81,81,88,88,88,88,88,88,88,88,88,88,88,88,88,88,88,88,88,88,88,88,88,88,88,88,88,88],"card_choices":[{"not_picked":["Sweeping Beam","Conserve Battery"],"picked":"Glacier","floor":1.0},{"not_picked":["Stack","Barrage"],"picked":"Streamline","floor":2.0},{"not_picked":["Storm","Conserve Battery"],"picked":"Ball Lightning","floor":5.0},{"not_picked":["Redo","White Noise"],"picked":"BootSequence","floor":8.0},{"not_picked":["Recycle","Tempest"],"picked":"Steam","floor":11.0},{"not_picked":["Stack","Redo","Reprogram"],"picked":"SKIP","floor":12.0},{"not_picked":["Sweeping Beam","Ball Lightning"],"picked":"Core Surge","floor":13.0},{"not_picked":["Double Energy","Glacier"],"picked":"Ball Lightning","floor":14.0},{"not_picked":["Machine Learning","All For One"],"picked":"Biased Cognition","floor":16.0},{"not_picked":["Stack","Turbo","Hello World"],"picked":"SKIP","floor":18.0},{"not_picked":["Force Field","Hello World"],"picked":"Hologram","floor":21.0},{"not_picked":["Steam Power","Stack+1"],"picked":"Cold Snap+1","floor":22.0},{"not_picked":["Steam","Conserve Battery"],"picked":"Compile Driver","floor":27.0},{"not_picked":["Chill","FTL"],"picked":"Electrodynamics","floor":28.0},{"not_picked":["Reinforced Body","Capacitor"],"picked":"Undo+1","floor":29.0},{"not_picked":["Static Discharge","Redo"],"picked":"Coolheaded","floor":30.0},{"not_picked":["Go for the Eyes"],"picked":"SKIP","floor":35.0},{"not_picked":[],"picked":"Barrage+1","floor":36.0},{"not_picked":[],"picked":"Conserve Battery+1","floor":38.0},{"not_picked":[],"picked":"Hologram","floor":39.0},{"not_picked":["Steam"],"picked":"SKIP","floor":41.0},{"not_picked":["Melter"],"picked":"SKIP","floor":42.0},{"not_picked":["Rebound"],"picked":"SKIP","floor":47.0}],"player_experience":810893,"relics_obtained":[{"floor":13.0,"key":"Cables"},{"floor":14.0,"key":"Vajra"},{"floor":20.0,"key":"Enchiridion"},{"floor":26.0,"key":"Strawberry"},{"floor":29.0,"key":"Turnip"},{"floor":36.0,"key":"Emotion Chip"},{"floor":41.0,"key":"Dodecahedron"},{"floor":43.0,"key":"Sundial"}],"event_choices":[{"cards_removed":["Strike_B"],"damage_healed":0.0,"max_hp_gain":0.0,"max_hp_loss":0.0,"gold_gain":0.0,"event_name":"Bonfire Elementals","player_choice":"Offered Basic","floor":4.0,"gold_loss":0.0,"damage_taken":0.0},{"cards_removed":["Strike_B"],"damage_healed":0.0,"max_hp_gain":0.0,"max_hp_loss":0.0,"gold_gain":0.0,"event_name":"Golden Wing","player_choice":"Card Removal","floor":6.0,"gold_loss":0.0,"damage_taken":7.0},{"damage_healed":0.0,"max_hp_gain":0.0,"max_hp_loss":0.0,"gold_gain":0.0,"event_name":"Dead Adventurer","player_choice":"Searched \u00271\u0027 times","floor":14.0,"gold_loss":0.0,"damage_taken":0.0},{"damage_healed":0.0,"max_hp_gain":0.0,"max_hp_loss":0.0,"gold_gain":0.0,"event_name":"The Mausoleum","player_choice":"Opened","floor":19.0,"gold_loss":0.0,"damage_taken":0.0,"relics_obtained":["Pear"],"cards_obtained":["Writhe"]},{"damage_healed":0.0,"max_hp_gain":0.0,"max_hp_loss":0.0,"gold_gain":0.0,"event_name":"Cursed Tome","player_choice":"Obtained Book","floor":20.0,"gold_loss":0.0,"damage_taken":21.0},{"damage_healed":0.0,"max_hp_gain":0.0,"max_hp_loss":0.0,"gold_gain":0.0,"event_name":"Duplicator","player_choice":"Copied","floor":24.0,"gold_loss":0.0,"damage_taken":0.0,"cards_obtained":["Core Surge"]},{"damage_healed":0.0,"max_hp_gain":0.0,"max_hp_loss":0.0,"gold_gain":0.0,"event_name":"Mysterious Sphere","player_choice":"Fight","floor":36.0,"gold_loss":0.0,"damage_taken":0.0},{"cards_removed":["Strike_B"],"damage_healed":0.0,"max_hp_gain":0.0,"max_hp_loss":0.0,"gold_gain":0.0,"event_name":"Purifier","player_choice":"Purged","floor":37.0,"gold_loss":0.0,"damage_taken":0.0}],"is_beta":true,"boss_relics":[{"not_picked":["Ectoplasm","Coffee Dripper"],"picked":"Fusion Hammer"},{"not_picked":["Tiny House","White Beast Statue"],"picked":"Busted Crown"}],"items_purged_floors":[3,31],"is_endless":false,"potions_floor_spawned":[2,5,14,16,21,22,29,35,38,41,42],"killed_by":"Awakened One","ascension_level":20}