{"gold_per_floor":[123,146,169,181,193,205,237,261,273,298,310,339,363,390,402,488,500,527,539,148,198,198,198,210,210,210,226,226,244,244,244,244,319,319,329,329,329],"floor_reached":37,"playtime":1599,"items_purged":["Decay"],"score":690,"play_id":"a1242163-03ec-4127-b37d-f710f617e2c7","local_time":"20190221125811","is_ascension_mode":true,"campfire_choices":[{"data":"Coolheaded","floor":6,"key":"SMITH"},{"floor":11,"key":"REST"},{"floor":15,"key":"REST"},{"floor":23,"key":"REST"},{"data":"Conserve Battery","floor":25,"key":"SMITH"},{"data":"Conserve Battery","floor":28,"key":"SMITH"},{"data":"Electrodynamics","floor":30,"key":"SMITH"},{"floor":32,"key":"REST"}],"neow_cost":"NONE","seed_source_timestamp":438948163282046,"circlet_count":0,"master_deck":["AscendersBane","Strike_B","Strike_B","Strike_B","Strike_B","Defend_B","Defend_B","Defend_B","Defend_B","Zap","Dualcast","Lockon","Gash","Coolheaded+1","Capacitor","Electrodynamics+1","Gash","Conserve Battery+1","Glacier","Echo Form","Conserve Battery+1","Echo Form","BootSequence","Creative AI"],"relics":["Cracked Core","MawBank","Ornamental Fan","Busted Crown","Meat on the Bone","Bottled Tornado","Runic Pyramid"],"potions_floor_usage":[7,8,12,16,16,18,33,33,37],"damage_taken":[{"damage":4,"enemies":"Jaw Worm","floor":1,"turns":6},{"damage":8,"enemies":"2 Louse","floor":2,"turns":2},{"damage":0,"enemies":"Cultist","floor":3,"turns":3},{"damage":23,"enemies":"Lots of Slimes","floor":7,"turns":3},{"damage":17,"enemies":"Large Slime","floor":8,"turns":7},{"damage":6,"enemies":"Exordium Thugs","floor":10,"turns":4},{"damage":4,"enemies":"2 Fungi Beasts","floor":12,"turns":3},{"damage":13,"enemies":"Lots of Slimes","floor":13,"turns":2},{"damage":1,"enemies":"Blue Slaver","floor":14,"turns":4},{"damage":23,"enemies":"Slime Boss","floor":16,"turns":12},{"damage":25,"enemies":"Shell Parasite","floor":18,"turns":7},{"damage":28,"enemies":"3 Byrds","floor":24,"turns":4},{"damage":13,"enemies":"Centurion and Healer","floor":27,"turns":6},{"damage":1,"enemies":"Sentry and Sphere","floor":29,"turns":8},{"damage":54,"enemies":"Automaton","floor":33,"turns":15},{"damage":19,"enemies":"Orb Walker","floor":35,"turns":5},{"damage":41,"enemies":"2 Orb Walkers","floor":37,"turns":3}],"seed_played":"-7133119328153465587","potions_obtained":[{"floor":5,"key":"PowerPotion"},{"floor":5,"key":"FearPotion"},{"floor":8,"key":"AttackPotion"},{"floor":10,"key":"EssenceOfSteel"},{"floor":12,"key":"LiquidBronze"},{"floor":14,"key":"Explosive Potion"},{"floor":16,"key":"EssenceOfSteel"},{"floor":18,"key":"FearPotion"},{"floor":27,"key":"AttackPotion"},{"floor":35,"key":"Weak Potion"}],"is_trial":false,"path_per_floor":["M","M","M","?","?","R","M","M","T","M","R","M","M","M","R","B",null,"M","?","$","?","?","R","M","R","T","M","R","M","R","?","R","B",null,"M","?","?"],"character_chosen":"DEFECT","items_purchased":["Meat on the Bone","Conserve Battery"],"campfire_rested":4,"item_purchase_floors":[20,20],"current_hp_per_floor":[60,52,52,52,52,52,29,12,12,6,27,23,10,9,30,7,55,30,30,30,30,30,51,35,35,35,34,34,45,45,45,66,24,59,40,40,0],"gold":329,"neow_bonus":"RANDOM_COMMON_RELIC","is_prod":false,"is_daily":false,"chose_seed":false,"campfire_upgraded":4,"win_rate":0,"timestamp":1550746691,"path_taken":["M","M","M","?","?","R","M","?","T","M","R","M","M","?","R","BOSS","M","?","$","?","?","R","?","R","T","M","R","M","R","?","R","BOSS","M","?","?"],"build_version":"2019-01-23","purchased_purges":1,"victory":false,"max_hp_per_floor":[71,71,71,71,71,71,71,71,71,71,71,71,71,71,71,71,71,71,71,71,71,71,71,71,71,71,71,71,71,71,71,71,71,71,71,71,71],"card_choices":[{"not_picked":["Hologram","Redo"],"picked":"Lockon","floor":1},{"not_picked":["Ball Lightning","Steam"],"picked":"Gash","floor":2},{"not_picked":["Double Energy","White Noise"],"picked":"Coolheaded","floor":3},{"not_picked":["Stack","Barrage"],"picked":"Capacitor","floor":7},{"not_picked":["Go for the Eyes","Skim"],"picked":"Electrodynamics","floor":8},{"not_picked":["Leap","Storm"],"picked":"Gash","floor":10},{"not_picked":["Coolheaded","Compile Driver"],"picked":"Conserve Battery","floor":12},{"not_picked":["Doom and Gloom","Streamline"],"picked":"Glacier","floor":13},{"not_picked":["Multi-Cast","Auto Shields","Rebound"],"picked":"SKIP","floor":14},{"not_picked":["All For One","Multi-Cast"],"picked":"Echo Form","floor":16},{"not_picked":["Hello World"],"picked":"SKIP","floor":18},{"not_picked":[],"picked":"BootSequence","floor":24},{"not_picked":["Steam Power"],"picked":"SKIP","floor":27},{"not_picked":["Auto Shields+1"],"picked":"SKIP","floor":29},{"not_picked":[],"picked":"Creative AI","floor":33},{"not_picked":["Darkness"],"picked":"SKIP","floor":35}],"player_experience":744967,"relics_obtained":[{"floor":9,"key":"Ornamental Fan"},{"floor":26,"key":"Bottled Tornado"}],"event_choices":[{"damage_healed":0,"gold_gain":0,"player_choice":"Fled","damage_taken":0,"max_hp_gain":0,"max_hp_loss":0,"event_name":"Scrap Ooze","floor":4,"gold_loss":0},{"damage_healed":0,"gold_gain":0,"player_choice":"Got Potions","damage_taken":0,"max_hp_gain":0,"max_hp_loss":0,"event_name":"Lab","floor":5,"gold_loss":0},{"damage_healed":0,"gold_gain":0,"player_choice":"Cursed","damage_taken":0,"max_hp_gain":0,"max_hp_loss":0,"event_name":"Wheel of Change","floor":19,"gold_loss":0,"cards_obtained":["Decay"]},{"damage_healed":0,"gold_gain":50,"player_choice":"Stole From Cult","damage_taken":0,"max_hp_gain":0,"max_hp_loss":0,"event_name":"Nest","floor":21,"gold_loss":0},{"damage_healed":0,"gold_gain":0,"player_choice":"Copied","damage_taken":0,"max_hp_gain":0,"max_hp_loss":0,"event_name":"Duplicator","floor":22,"gold_loss":0,"cards_obtained":["Echo Form"]},{"damage_healed":0,"gold_gain":0,"player_choice":"Ignored","damage_taken":0,"max_hp_gain":0,"max_hp_loss":0,"event_name":"Ghosts","floor":31,"gold_loss":0},{"damage_healed":0,"gold_gain":0,"player_choice":"Ignored","damage_taken":0,"max_hp_gain":0,"max_hp_loss":0,"event_name":"Tomb of Lord Red Mask","floor":36,"gold_loss":0},{"damage_healed":0,"gold_gain":0,"player_choice":"Fight","damage_taken":0,"max_hp_gain":0,"max_hp_loss":0,"event_name":"Mysterious Sphere","floor":37,"gold_loss":0}],"is_beta":false,"boss_relics":[{"not_picked":["Lizard Tail","Cursed Key"],"picked":"Busted Crown"},{"not_picked":["Runic Dome","Velvet Choker"],"picked":"Runic Pyramid"}],"items_purged_floors":[20],"is_endless":false,"potions_floor_spawned":[8,10,12,14,16,18,27,35],"killed_by":"2 Orb Walkers","ascension_level":18}