{"gold_per_floor":[113,113,113,123,141,141,153,153,153,173,203,213,213,227,227,328,328,345,319,86,104,104,167,167,266,266,23,52,64,91,19,19,19],"floor_reached":33,"playtime":4172,"items_purged":[],"score":427,"play_id":"61476a54-1e34-4331-b046-adc7b01f3ffd","local_time":"20190213231704","is_ascension_mode":true,"campfire_choices":[{"data":"Neutralize","floor":6,"key":"SMITH"},{"data":"Dash","floor":8,"key":"SMITH"},{"data":"Backstab","floor":13,"key":"SMITH"},{"data":"Backflip","floor":15,"key":"SMITH"},{"floor":24,"key":"REST"},{"floor":32,"key":"REST"}],"neow_cost":"NONE","seed_source_timestamp":367198347236428,"circlet_count":0,"master_deck":["Defend_G","Defend_G","Defend_G","Defend_G","Defend_G","Strike_G+1","Strike_G","Strike_G","Strike_G","Strike_G","Survivor","Neutralize+1","Dodge and Roll","Prepared","Dagger Throw","Dash+1","Backstab+1","Dagger Spray","Well Laid Plans","Backflip+1","Tools of the Trade","Cloak And Dagger","Flying Knee+1","Dagger Throw","Ghostly","Ghostly","Ghostly","Ghostly","Ghostly","Glass Knife","Infinite Blades","Deflect"],"relics":["Ring of the Snake","The Courier","Centennial Puzzle","Bag of Preparation","Black Star","Membership Card","Omamori","Tiny Chest","Bottled Flame","Whetstone","Incense Burner","Vajra","Blood Vial","Dead Branch","MawBank","Toolbox"],"potions_floor_usage":[11,11,16,21,21,23,28,33],"damage_taken":[{"damage":0,"enemies":"Cultist","floor":1,"turns":4},{"damage":3,"enemies":"Jaw Worm","floor":4,"turns":7},{"damage":0,"enemies":"Small Slimes","floor":5,"turns":3},{"damage":1,"enemies":"2 Fungi Beasts","floor":7,"turns":4},{"damage":0,"enemies":"Exordium Wildlife","floor":10,"turns":3},{"damage":1,"enemies":"3 Sentries","floor":11,"turns":8},{"damage":4,"enemies":"Large Slime","floor":12,"turns":7},{"damage":0,"enemies":"Blue Slaver","floor":14,"turns":3},{"damage":9,"enemies":"The Guardian","floor":16,"turns":17},{"damage":3,"enemies":"Shell Parasite","floor":18,"turns":9},{"damage":7,"enemies":"2 Thieves","floor":19,"turns":5},{"damage":29,"enemies":"Centurion and Healer","floor":21,"turns":9},{"damage":24,"enemies":"Book of Stabbing","floor":23,"turns":9},{"damage":1,"enemies":"Gremlin Leader","floor":28,"turns":13},{"damage":0,"enemies":"Sentry and Sphere","floor":30,"turns":4},{"damage":50,"enemies":"Champ","floor":33,"turns":10}],"seed_played":"-6709043462585701413","potions_obtained":[{"floor":0,"key":"Strength Potion"},{"floor":0,"key":"Ancient Potion"},{"floor":0,"key":"SkillPotion"},{"floor":4,"key":"Dexterity Potion"},{"floor":11,"key":"LiquidBronze"},{"floor":14,"key":"Poison Potion"},{"floor":23,"key":"SkillPotion"},{"floor":30,"key":"Dexterity Potion"}],"is_trial":false,"path_per_floor":["M","T","$","M","M","R","M","R","T","M","E","M","R","M","R","B",null,"M","M","$","M","?","E","R","?","T","$","E","?","M","$","R","B"],"character_chosen":"THE_SILENT","items_purchased":["Membership Card","Omamori","Fire Potion","Incense Burner","Vajra","Blood Vial","Toolbox"],"campfire_rested":2,"item_purchase_floors":[20,20,20,27,27,27,31],"current_hp_per_floor":[63,63,63,60,60,60,59,59,59,59,58,54,54,54,54,45,64,61,54,54,25,25,1,11,11,11,11,12,8,10,10,22,0],"gold":19,"neow_bonus":"THREE_SMALL_POTIONS","is_prod":false,"is_daily":false,"chose_seed":false,"campfire_upgraded":4,"win_rate":0,"timestamp":1550096224,"path_taken":["M","?","$","M","M","R","?","R","T","M","E","M","R","M","R","BOSS","M","M","$","M","?","E","R","?","T","$","E","?","M","$","R","BOSS"],"build_version":"2019-01-23","purchased_purges":0,"victory":false,"max_hp_per_floor":[70,70,70,70,70,70,70,70,70,70,70,70,70,70,70,70,70,70,70,70,70,35,35,35,35,35,35,35,40,40,40,40,40],"card_choices":[{"not_picked":["Crippling Poison","Distraction"],"picked":"Dodge and Roll","floor":1},{"not_picked":["Poisoned Stab","Deadly Poison"],"picked":"Prepared","floor":4},{"not_picked":["Poisoned Stab","Deadly Poison"],"picked":"Dagger Throw","floor":5},{"not_picked":["Poisoned Stab","Flying Knee"],"picked":"Dash","floor":7},{"not_picked":["Acrobatics","Dodge and Roll"],"picked":"Backstab","floor":10},{"not_picked":["Distraction","Poisoned Stab"],"picked":"Dagger Spray","floor":11},{"not_picked":["Prepared","Distraction"],"picked":"Well Laid Plans","floor":12},{"not_picked":["Concentrate","Underhanded Strike"],"picked":"Backflip","floor":14},{"not_picked":["Bullet Time","Unload"],"picked":"Tools of the Trade","floor":16},{"not_picked":["Distraction","Poisoned Stab"],"picked":"Cloak And Dagger","floor":18},{"not_picked":["Slice","Poisoned Stab+1"],"picked":"Flying Knee","floor":19},{"not_picked":["Reflex","Setup"],"picked":"Dagger Throw","floor":21},{"not_picked":["Deflect","Blur"],"picked":"Glass Knife","floor":23},{"not_picked":["Backflip","Slice"],"picked":"Infinite Blades","floor":28},{"not_picked":["Crippling Poison","Flying Knee"],"picked":"Deflect","floor":30}],"player_experience":462497,"relics_obtained":[{"floor":2,"key":"The Courier"},{"floor":9,"key":"Centennial Puzzle"},{"floor":11,"key":"Bag of Preparation"},{"floor":23,"key":"Tiny Chest"},{"floor":23,"key":"Bottled Flame"},{"floor":26,"key":"Whetstone"},{"floor":28,"key":"Dead Branch"},{"floor":28,"key":"MawBank"}],"event_choices":[{"damage_healed":0,"gold_gain":0,"player_choice":"Became a Ghost","damage_taken":0,"max_hp_gain":0,"max_hp_loss":35,"event_name":"Ghosts","floor":22,"gold_loss":0,"cards_obtained":["Ghostly","Ghostly","Ghostly","Ghostly","Ghostly"]},{"damage_healed":0,"gold_gain":99,"player_choice":"Stole From Cult","damage_taken":0,"max_hp_gain":0,"max_hp_loss":0,"event_name":"Nest","floor":25,"gold_loss":0},{"damage_healed":0,"gold_gain":0,"player_choice":"Shed Blood","damage_taken":9,"max_hp_gain":5,"max_hp_loss":0,"event_name":"Forgotten Altar","floor":29,"gold_loss":0}],"is_beta":false,"boss_relics":[{"not_picked":["Pandora\u0027s Box","Calling Bell"],"picked":"Black Star"}],"items_purged_floors":[],"is_endless":false,"potions_floor_spawned":[4,5,11,14,23,30],"killed_by":"Champ","ascension_level":8}