{"gold_per_floor":[117,192,202,214,364,364,397,397,397,397,12,12,0,16,16,16],"floor_reached":16,"playtime":542,"items_purged":[],"score":196,"play_id":"6d60f18b-9044-4d5b-a172-f053289d92fb","local_time":"20190126162618","is_ascension_mode":true,"campfire_choices":[{"data":"Hologram","floor":6.0,"key":"SMITH"},{"data":"Storm","floor":10.0,"key":"SMITH"},{"floor":12.0,"key":"REST"},{"data":"Dualcast","floor":15.0,"key":"SMITH"}],"neow_cost":"NONE","seed_source_timestamp":15488344271281,"circlet_count":0,"master_deck":["AscendersBane","Strike_B","Strike_B","Strike_B","Strike_B","Defend_B","Defend_B","Defend_B","Defend_B","Zap+1","Dualcast+1","Storm+1","Cold Snap","Hologram+1","Doubt","Core Surge","Bandage Up+1","Conserve Battery+1","Ball Lightning"],"special_seed":0,"relics":["Cracked Core","Toxic Egg 2","Frozen Egg 2"],"potions_floor_usage":[],"damage_taken":[{"damage":1.0,"enemies":"2 Louse","floor":1.0,"turns":2.0},{"damage":7.0,"enemies":"Small Slimes","floor":3.0,"turns":3.0},{"damage":0.0,"enemies":"Cultist","floor":4.0,"turns":3.0},{"damage":36.0,"enemies":"Lagavulin","floor":7.0,"turns":6.0},{"damage":3.0,"enemies":"Looter","floor":13.0,"turns":5.0},{"damage":21.0,"enemies":"Large Slime","floor":14.0,"turns":7.0},{"damage":47,"enemies":"Slime Boss","floor":16,"turns":8}],"seed_played":"-2008646358217596466","potions_obtained":[{"floor":3.0,"key":"Poison Potion"},{"floor":4.0,"key":"Energy Potion"},{"floor":8.0,"key":"Regen Potion"}],"is_trial":false,"path_per_floor":["M","?","M","M","?","R","E","?","T","R","$","R","M","M","R","B"],"character_chosen":"DEFECT","items_purchased":["Frozen Egg 2","Bandage Up+1"],"campfire_rested":1,"item_purchase_floors":[11,11],"current_hp_per_floor":[63,52,45,45,45,45,9,9,9,9,9,30,33,33,33,0],"gold":16,"neow_bonus":"UPGRADE_CARD","is_prod":false,"is_daily":false,"chose_seed":false,"campfire_upgraded":3,"win_rate":0,"timestamp":1548516378,"path_taken":["M","?","M","M","?","R","E","?","T","R","$","R","M","M","R","BOSS"],"build_version":"2019-01-23","purchased_purges":0,"victory":false,"max_hp_per_floor":[71,71,71,71,71,71,71,71,71,71,71,71,71,71,71,71],"card_choices":[{"not_picked":["Barrage","Capacitor"],"picked":"Storm","floor":1.0},{"not_picked":["Coolheaded","Steam"],"picked":"Cold Snap","floor":3.0},{"not_picked":["Cold Snap","Sweeping Beam"],"picked":"Hologram","floor":4.0},{"not_picked":["Compile Driver","Go for the Eyes"],"picked":"Core Surge","floor":7.0},{"not_picked":["Redo+1","Go for the Eyes"],"picked":"Conserve Battery+1","floor":13.0},{"not_picked":["Sunder","FTL"],"picked":"Ball Lightning","floor":14.0}],"player_experience":921735,"relics_obtained":[{"floor":7.0,"key":"Toxic Egg 2"}],"event_choices":[{"damage_healed":0.0,"max_hp_gain":0.0,"max_hp_loss":0.0,"gold_gain":75.0,"event_name":"World of Goop","player_choice":"Gather Gold","floor":2.0,"gold_loss":0.0,"damage_taken":11.0},{"damage_healed":0.0,"max_hp_gain":0.0,"max_hp_loss":0.0,"gold_gain":150.0,"event_name":"Liars Game","player_choice":"AGREE","floor":5.0,"gold_loss":0.0,"damage_taken":0.0,"cards_obtained":["Doubt"]},{"damage_healed":0.0,"max_hp_gain":0.0,"max_hp_loss":0.0,"gold_gain":0.0,"event_name":"Lab","player_choice":"Got Potions","floor":8.0,"gold_loss":0.0,"damage_taken":0.0}],"is_beta":true,"boss_relics":[],"items_purged_floors":[],"is_endless":false,"potions_floor_spawned":[3,4],"killed_by":"Slime Boss","ascension_level":20}