{"path_per_floor":["M","M","M","M","?","E","$","E","T","M","?","M","M","M","R","B",null,"M","?","$","M","$"],"character_chosen":"IRONCLAD","items_purchased":["Bloodletting","Bag of Preparation"],"gold_per_floor":[218,233,243,257,257,286,135,166,191,206,206,223,240,251,251,348,348,365,365,116,133,8,8],"floor_reached":23,"campfire_rested":1,"playtime":766,"current_hp_per_floor":[80,80,80,79,79,60,60,32,32,27,20,18,17,17,41,22,80,57,57,57,57,57,0],"items_purged":["Regret","Strike_R","Defend_R"],"gold":8,"score":226,"play_id":"7f608ea9-5065-4b1e-b4cc-afcec0801cf8","local_time":"20180429194108","is_prod":false,"is_daily":false,"chose_seed":false,"is_ascension_mode":true,"campfire_upgraded":0,"timestamp":1525045268,"path_taken":["M","M","M","?","?","E","$","E","T","?","?","M","M","M","R","BOSS","M","?","$","M","?","E"],"build_version":"2018-04-28v2","seed_source_timestamp":10409893641810,"purchased_purges":3,"victory":false,"master_deck":["Strike_R","Strike_R","Defend_R","Defend_R","Defend_R","Bash","Cleave","Reckless Charge","Headbutt","Bloodletting","Rupture","Bludgeon","Battle Trance","Limit Break","Iron Wave","Berserk"],"max_hp_per_floor":[80,80,80,80,80,80,80,80,80,80,80,80,80,80,80,80,80,80,80,80,80,80,80],"relics":["Burning Blood","Red Skull","Prayer Wheel","Omamori","Oddly Smooth Stone","White Beast Statue","Bag of Preparation"],"card_choices":[{"not_picked":["Thunderclap","Body Slam"],"picked":"Cleave","floor":1},{"not_picked":["Dropkick","Armaments"],"picked":"Reckless Charge","floor":2},{"not_picked":["Searing Blow","Anger"],"picked":"Headbutt","floor":6},{"not_picked":["Dropkick","Clothesline"],"picked":"Rupture","floor":10},{"not_picked":["Bloodletting","Sentinel"],"picked":"Bludgeon","floor":12},{"not_picked":["Havoc","Shrug It Off"],"picked":"Battle Trance","floor":14},{"not_picked":["Fiend Fire","Barricade"],"picked":"Limit Break","floor":16},{"not_picked":["Clothesline","True Grit"],"picked":"Iron Wave","floor":18},{"not_picked":["Headbutt","Anger"],"picked":"Berserk","floor":21}],"player_experience":130625,"potions_floor_usage":[6,8,16,16,21,21,23],"damage_taken":[{"damage":1,"enemies":"Cultist","floor":1,"turns":4},{"damage":6,"enemies":"2 Louse","floor":2,"turns":2},{"damage":0,"enemies":"Small Slimes","floor":3,"turns":2},{"damage":7,"enemies":"2 Fungi Beasts","floor":4,"turns":3},{"damage":25,"enemies":"3 Sentries","floor":6,"turns":6},{"damage":34,"enemies":"Lagavulin","floor":8,"turns":5},{"damage":11,"enemies":"Looter","floor":10,"turns":2},{"damage":8,"enemies":"3 Louse","floor":12,"turns":2},{"damage":7,"enemies":"Lots of Slimes","floor":13,"turns":3},{"damage":6,"enemies":"2 Fungi Beasts","floor":14,"turns":3},{"damage":25,"enemies":"Hexaghost","floor":16,"turns":7},{"damage":29,"enemies":"Spheric Guardian","floor":18,"turns":4},{"damage":6,"enemies":"Shell Parasite","floor":21,"turns":3},{"damage":57,"enemies":"Book of Stabbing","floor":23,"turns":5}],"event_choices":[{"event_name":"Big Fish","player_choice":"Box","floor":5,"damage_taken":0},{"event_name":"Golden Wing","player_choice":"Card Removal","floor":11,"damage_taken":0},{"event_name":"Purifier","player_choice":"One Purge","floor":19,"damage_taken":0}],"boss_relics":[{"not_picked":["Ectoplasm","Mark of Pain"],"picked":"White Beast Statue"}],"potions_floor_spawned":[2,3,10,13,14,18,21],"seed_played":"6676514409748175008","killed_by":"Book of Stabbing","ascension_level":2,"is_trial":false}