{"gold_per_floor":[210,72,82,98,98,98,129,129,154,183,78,92,92,103,103,179,179,192,211,223,233,248,275,375,375,375,407,322,322,333,5,5,79,79,90,143,143,153,153,153,170,170,170,195,195,45,45,62,62,62],"floor_reached":51,"playtime":5347,"items_purged":["Strike_G","Venomology"],"score":1484,"play_id":"a8d1da31-4b50-4f56-8989-8e05edef33ca","local_time":"20190206215136","is_ascension_mode":true,"campfire_choices":[{"data":"Footwork","floor":6.0,"key":"SMITH"},{"data":"Skewer","floor":8.0,"key":"SMITH"},{"data":"Footwork","floor":13.0,"key":"SMITH"},{"data":"Cloak And Dagger","floor":15.0,"key":"SMITH"},{"floor":25.0,"key":"REST"},{"data":"A Thousand Cuts","floor":29.0,"key":"SMITH"},{"floor":32,"key":"REST"},{"data":"Discovery","floor":40,"key":"SMITH"},{"data":"After Image","floor":42,"key":"SMITH"},{"data":"Burst","floor":45,"key":"SMITH"},{"data":"Well Laid Plans","floor":47,"key":"SMITH"},{"floor":49,"key":"REST"}],"neow_cost":"NONE","seed_source_timestamp":529761612532470,"circlet_count":0,"master_deck":["AscendersBane","Survivor","Neutralize+1","Cloak And Dagger+1","Footwork+1","Flying Knee","Footwork+1","Deadly Poison","Skewer+1","Blur","Dagger Throw","A Thousand Cuts+1","Blur","Dodge and Roll","Burst+1","Blur","Adrenaline","Dodge and Roll","Cloak And Dagger","Endless Agony","Dagger Spray+1","PiercingWail","Backflip+1","Footwork","Leg Sweep","Bouncing Flask","Deflect","Acrobatics","Discovery+1","Storm of Steel","Cloak And Dagger+1","Good Instincts","Cloak And Dagger+1","Escape Plan+1","After Image+1","Noxious Fumes+1","Well Laid Plans+1","Acrobatics+1"],"special_seed":0,"relics":["Ring of the Snake","Orichalcum","Regal Pillow","Tough Bandages","Pandora\u0027s Box","Snake Skull","Prayer Wheel","The Courier","Matryoshka","Centennial Puzzle","Anchor","Ancient Tea Set","Happy Flower","Sozu","Du-Vu Doll","Strawberry","Singing Bowl","Paper Crane"],"potions_floor_usage":[30,33,50],"damage_taken":[{"damage":2.0,"enemies":"2 Louse","floor":1.0,"turns":4.0},{"damage":0.0,"enemies":"Cultist","floor":3.0,"turns":4.0},{"damage":1.0,"enemies":"Small Slimes","floor":4.0,"turns":5.0},{"damage":5.0,"enemies":"Lagavulin","floor":7.0,"turns":9.0},{"damage":4.0,"enemies":"3 Sentries","floor":10.0,"turns":11.0},{"damage":1.0,"enemies":"Looter","floor":12.0,"turns":4.0},{"damage":1.0,"enemies":"Large Slime","floor":14.0,"turns":8.0},{"damage":19.0,"enemies":"Hexaghost","floor":16.0,"turns":12.0},{"damage":0.0,"enemies":"Shell Parasite","floor":18.0,"turns":10.0},{"damage":30.0,"enemies":"Chosen","floor":19.0,"turns":6.0},{"damage":1.0,"enemies":"Centurion and Healer","floor":20.0,"turns":10.0},{"damage":11.0,"enemies":"Shelled Parasite and Fungi","floor":21.0,"turns":8.0},{"damage":2.0,"enemies":"Chosen and Byrds","floor":22.0,"turns":7.0},{"damage":0.0,"enemies":"Book of Stabbing","floor":23.0,"turns":13.0},{"damage":4.0,"enemies":"Colosseum Slavers","floor":24.0,"turns":8.0},{"damage":0.0,"enemies":"Colosseum Nobs","floor":24.0,"turns":8.0},{"damage":32.0,"enemies":"Gremlin Leader","floor":27.0,"turns":9.0},{"damage":8,"enemies":"3 Cultists","floor":30,"turns":5},{"damage":21,"enemies":"Collector","floor":33,"turns":9},{"damage":0,"enemies":"Orb Walker","floor":35,"turns":4},{"damage":10,"enemies":"2 Orb Walkers","floor":36,"turns":5},{"damage":0,"enemies":"3 Shapes","floor":38,"turns":5},{"damage":0,"enemies":"Jaw Worm Horde","floor":41,"turns":6},{"damage":0,"enemies":"Giant Head","floor":44,"turns":12},{"damage":0,"enemies":"Spire Growth","floor":48,"turns":5},{"damage":0,"enemies":"Awakened One","floor":50,"turns":19}],"seed_played":"-8041445411959939493","potions_obtained":[{"floor":4.0,"key":"SteroidPotion"},{"floor":7.0,"key":"AttackPotion"},{"floor":22.0,"key":"Swift Potion"},{"floor":27.0,"key":"Weak Potion"},{"floor":30,"key":"GhostInAJar"}],"is_trial":false,"path_per_floor":["M","$","M","M","?","R","E","R","T","E","$","M","R","M","R","B",null,"M","M","M","M","M","E","?","R","T","E","?","R","M","$","R","B",null,"M","?","?","M","?","R","M","R","T","E","R","$","R","M","R","B",null],"character_chosen":"THE_SILENT","items_purchased":["Footwork","Flying Knee","Dagger Throw","Ancient Tea Set","Happy Flower","Discovery","Well Laid Plans"],"campfire_rested":3,"item_purchase_floors":[2,2,11,31,31,31,46],"current_hp_per_floor":[57,57,57,56,56,56,51,51,51,47,47,46,46,45,45,26,56,56,26,25,14,12,12,8,42,42,10,10,10,2,2,36,15,53,53,43,43,43,43,43,43,43,50,50,50,50,50,52,75,75],"gold":62,"neow_bonus":"HUNDRED_GOLD","is_prod":false,"is_daily":false,"chose_seed":false,"campfire_upgraded":9,"win_rate":0,"timestamp":1549486296,"path_taken":["M","$","M","M","?","R","E","R","T","E","?","M","R","M","R","BOSS","M","M","M","?","M","E","?","R","T","E","?","R","M","$","R","BOSS","M","?","?","M","?","R","M","R","T","E","R","$","R","M","R","BOSS"],"build_version":"2019-01-23","purchased_purges":2,"victory":true,"max_hp_per_floor":[66,66,66,66,66,66,66,66,66,66,66,66,66,66,66,66,66,66,66,66,66,66,66,66,66,66,66,66,66,66,66,66,66,66,66,66,66,66,66,66,66,66,73,73,73,73,73,75,75,75],"card_choices":[{"not_picked":["Slice","Tactician"],"picked":"Cloak And Dagger","floor":1.0},{"not_picked":["Cloak And Dagger","Sucker Punch"],"picked":"Footwork","floor":3.0},{"not_picked":["Outmaneuver","Wraith Form v2"],"picked":"Deadly Poison","floor":4.0},{"not_picked":["Acrobatics","All Out Attack"],"picked":"Skewer","floor":7.0},{"not_picked":["Blade Dance","Phantasmal Killer"],"picked":"Blur","floor":10.0},{"not_picked":["Quick Slash","Tactician","Blade Dance"],"picked":"SKIP","floor":12.0},{"not_picked":["Bane","Flechettes","Masterful Stab"],"picked":"SKIP","floor":14.0},{"not_picked":["Night Terror","Tools of the Trade"],"picked":"A Thousand Cuts","floor":16.0},{"not_picked":["Skewer","Prepared"],"picked":"Endless Agony","floor":18.0},{"not_picked":["Poisoned Stab","Deflect"],"picked":"Dagger Spray+1","floor":19.0},{"not_picked":["Catalyst","Outmaneuver"],"picked":"PiercingWail","floor":20.0},{"not_picked":["Quick Slash","Dodge and Roll"],"picked":"Backflip+1","floor":21.0},{"not_picked":["Dash","Prepared+1"],"picked":"Footwork","floor":22.0},{"not_picked":["Flying Knee+1","Dash"],"picked":"Leg Sweep","floor":23.0},{"not_picked":["Malaise","Slice"],"picked":"Bouncing Flask","floor":24.0},{"not_picked":["Slice","Masterful Stab"],"picked":"Deflect","floor":27.0},{"not_picked":["Deflect","Cloak And Dagger"],"picked":"Acrobatics","floor":30},{"not_picked":["Underhanded Strike","Blade Dance","Quick Slash"],"picked":"SKIP","floor":30},{"not_picked":["Wraith Form v2","Unload"],"picked":"Storm of Steel","floor":33},{"not_picked":["Slice","Backflip"],"picked":"Cloak And Dagger+1","floor":35},{"not_picked":["Tactician","Slice","Quick Slash+1"],"picked":"SKIP","floor":35},{"not_picked":["Dark Shackles","PanicButton"],"picked":"Good Instincts","floor":37},{"not_picked":["Outmaneuver","PiercingWail"],"picked":"Cloak And Dagger+1","floor":38},{"not_picked":["Infinite Blades","Eviscerate","Caltrops"],"picked":"SKIP","floor":38},{"not_picked":["Backstab","Outmaneuver+1"],"picked":"Escape Plan+1","floor":41},{"not_picked":["Heel Hook","Deflect"],"picked":"After Image","floor":41},{"not_picked":["Sucker Punch+1","Predator+1"],"picked":"Noxious Fumes+1","floor":44},{"not_picked":["Infinite Blades","Caltrops","Noxious Fumes"],"picked":"Singing Bowl","floor":48},{"not_picked":["Escape Plan","Flechettes"],"picked":"Acrobatics+1","floor":48}],"player_experience":428509,"relics_obtained":[{"floor":7.0,"key":"Orichalcum"},{"floor":9.0,"key":"Regal Pillow"},{"floor":10.0,"key":"Tough Bandages"},{"floor":23.0,"key":"Snake Skull"},{"floor":24.0,"key":"Prayer Wheel"},{"floor":24.0,"key":"The Courier"},{"floor":26.0,"key":"Matryoshka"},{"floor":27.0,"key":"Centennial Puzzle"},{"floor":36,"key":"Du-Vu Doll"},{"floor":43,"key":"Strawberry"},{"floor":43,"key":"Singing Bowl"},{"floor":44,"key":"Paper Crane"}],"event_choices":[{"damage_healed":0.0,"max_hp_gain":0.0,"max_hp_loss":0.0,"gold_gain":0.0,"event_name":"Accursed Blacksmith","player_choice":"Forge","floor":5.0,"gold_loss":0.0,"damage_taken":0.0,"cards_upgraded":["Neutralize"]},{"damage_healed":0.0,"max_hp_gain":0.0,"max_hp_loss":0.0,"gold_gain":0.0,"event_name":"Colosseum","player_choice":"Fight","floor":24.0,"gold_loss":0.0,"damage_taken":0.0},{"damage_healed":0.0,"max_hp_gain":0.0,"max_hp_loss":0.0,"gold_gain":0.0,"event_name":"Colosseum","player_choice":"Fought Nobs","floor":24.0,"gold_loss":0.0,"damage_taken":0.0},{"damage_healed":0.0,"max_hp_gain":0.0,"max_hp_loss":0.0,"gold_gain":0.0,"event_name":"Addict","player_choice":"Obtained Relic","floor":28.0,"gold_loss":85.0,"damage_taken":0.0,"relics_obtained":["Anchor"]},{"damage_healed":0,"gold_gain":0,"player_choice":"Fight","damage_taken":0,"max_hp_gain":0,"max_hp_loss":0,"event_name":"Mysterious Sphere","floor":36,"gold_loss":0},{"damage_healed":0,"gold_gain":0,"player_choice":"Memory 1","damage_taken":0,"max_hp_gain":0,"max_hp_loss":0,"event_name":"SensoryStone","floor":37,"gold_loss":0},{"cards_removed":["Heel Hook"],"damage_healed":0,"gold_gain":0,"player_choice":"Removed Attack","damage_taken":0,"max_hp_gain":0,"max_hp_loss":0,"event_name":"Falling","floor":39,"gold_loss":0}],"is_beta":false,"boss_relics":[{"not_picked":["Busted Crown","Cursed Key"],"picked":"Pandora\u0027s Box"},{"not_picked":["White Beast Statue","Runic Dome"],"picked":"Sozu"}],"items_purged_floors":[11,46],"is_endless":false,"potions_floor_spawned":[4,7,14,19,22,27,30,38,41,48],"ascension_level":17}