{"gold_per_floor":[119,135,148,148,173,173,217,232,281,281,295,316,121,162,162,290,290,283,132,146,162,177,177,196,2,28,28,49,49,49,82,82,213,213,232,34,58,58,79,79,98,98,98,123,123,146,182,197,197,197],"floor_reached":50,"playtime":6344,"items_purged":["Doubt"],"score":745,"play_id":"2da284d2-82aa-4905-97d1-9372c86ad153","local_time":"20190211213823","is_ascension_mode":true,"campfire_choices":[{"data":"Mayhem","floor":6,"key":"SMITH"},{"data":"Footwork","floor":10,"key":"SMITH"},{"floor":15,"key":"REST"},{"floor":23,"key":"REST"},{"floor":27,"key":"REST"},{"floor":29,"key":"REST"},{"floor":32,"key":"REST"},{"floor":40,"key":"REST"},{"floor":42,"key":"REST"},{"floor":45,"key":"REST"},{"floor":49,"key":"REST"}],"neow_cost":"CURSE","seed_source_timestamp":186251007796308,"circlet_count":0,"master_deck":["Survivor","Neutralize","Purity","Mayhem+1","Setup","Footwork+1","Footwork","Poisoned Stab","Deflect","Escape Plan","Dagger Throw","Cloak And Dagger","Prepared","After Image","Dagger Throw","Deflect","PiercingWail","Sucker Punch","Underhanded Strike","Glass Knife","Crippling Poison","Distraction","Reflex","Quick Slash","Flying Knee","Deflect","Flying Knee+1","Skewer+1","Dodge and Roll","Dash","Panacea","Cloak And Dagger","Phantasmal Killer","Dash","Backflip+1","Backstab+1","Adrenaline","Adrenaline","Slice+1"],"relics":["Ring of the Serpent","Golden Idol","Oddly Smooth Stone","Bronze Scales","Tiny Chest","Question Card","Pandora\u0027s Box","Boot","TheAbacus","PreservedInsect","Blood Vial","Vajra","Pen Nib","Pocketwatch","Blue Candle"],"potions_floor_usage":[7,8,14,18,21,22,28,33,33,44,46,47,47,50],"damage_taken":[{"damage":0,"enemies":"Small Slimes","floor":1,"turns":5},{"damage":1,"enemies":"2 Louse","floor":2,"turns":4},{"damage":6,"enemies":"Cultist","floor":3,"turns":6},{"damage":5,"enemies":"Large Slime","floor":5,"turns":15},{"damage":0,"enemies":"Lagavulin","floor":7,"turns":11},{"damage":10,"enemies":"Gremlin Gang","floor":8,"turns":7},{"damage":0,"enemies":"2 Fungi Beasts","floor":11,"turns":5},{"damage":2,"enemies":"Exordium Thugs","floor":12,"turns":5},{"damage":2,"enemies":"3 Sentries","floor":14,"turns":10},{"damage":17,"enemies":"Hexaghost","floor":16,"turns":13},{"damage":17,"enemies":"2 Thieves","floor":18,"turns":4},{"damage":0,"enemies":"Shell Parasite","floor":20,"turns":4},{"damage":16,"enemies":"Cultist and Chosen","floor":21,"turns":7},{"damage":0,"enemies":"Snake Plant","floor":22,"turns":3},{"damage":11,"enemies":"Centurion and Healer","floor":24,"turns":8},{"damage":39,"enemies":"Snecko","floor":28,"turns":9},{"damage":3,"enemies":"Book of Stabbing","floor":31,"turns":5},{"damage":11,"enemies":"Automaton","floor":33,"turns":11},{"damage":12,"enemies":"Orb Walker","floor":35,"turns":5},{"damage":22,"enemies":"3 Darklings","floor":39,"turns":8},{"damage":42,"enemies":"Jaw Worm Horde","floor":41,"turns":7},{"damage":29,"enemies":"Transient","floor":44,"turns":5},{"damage":0,"enemies":"Spire Growth","floor":46,"turns":7},{"damage":3,"enemies":"Nemesis","floor":47,"turns":7},{"damage":20,"enemies":"3 Darklings","floor":48,"turns":6},{"damage":35,"enemies":"Donu and Deca","floor":50,"turns":4}],"seed_played":"-5300456948084105516","potions_obtained":[{"floor":1,"key":"SneckoOil"},{"floor":3,"key":"Swift Potion"},{"floor":5,"key":"SteroidPotion"},{"floor":8,"key":"LiquidBronze"},{"floor":16,"key":"GamblersBrew"},{"floor":18,"key":"SneckoOil"},{"floor":21,"key":"FearPotion"},{"floor":24,"key":"Regen Potion"},{"floor":31,"key":"PowerPotion"},{"floor":35,"key":"Strength Potion"},{"floor":41,"key":"LiquidBronze"},{"floor":44,"key":"GhostInAJar"},{"floor":48,"key":"Fire Potion"}],"is_trial":false,"path_per_floor":["M","M","M","?","M","R","E","M","T","R","M","M","$","E","R","B",null,"M","$","M","M","M","R","M","$","T","R","M","R","?","E","R","B",null,"M","$","T","?","M","R","M","R","T","M","R","M","E","M","R","B"],"character_chosen":"THE_SILENT","items_purchased":["Tiny Chest","Boot","TheAbacus","Vajra","Strength Potion"],"campfire_rested":9,"item_purchase_floors":[13,19,25,36,36],"current_hp_per_floor":[63,62,56,56,51,51,51,41,41,41,41,39,39,37,56,39,59,42,42,42,26,26,45,34,34,34,53,29,48,36,33,52,43,60,50,50,50,50,30,49,9,28,28,1,20,22,21,3,22,0],"gold":197,"neow_bonus":"RANDOM_COLORLESS_2","is_prod":false,"is_daily":false,"chose_seed":false,"campfire_upgraded":2,"win_rate":0,"timestamp":1549917503,"path_taken":["M","M","M","?","M","R","E","M","T","R","M","M","$","E","R","BOSS","M","$","M","M","M","R","M","$","T","R","M","R","?","E","R","BOSS","M","$","?","?","?","R","M","R","T","M","R","M","E","M","R","BOSS"],"build_version":"2019-01-23","purchased_purges":1,"victory":false,"max_hp_per_floor":[70,70,70,65,65,65,65,65,65,65,65,65,65,65,65,65,65,65,65,65,65,65,65,65,65,65,65,65,65,65,65,65,65,65,65,65,65,65,65,65,65,65,65,65,65,65,65,65,65,65],"card_choices":[{"not_picked":["Heel Hook","Bane"],"picked":"Setup","floor":1},{"not_picked":["Catalyst","Deadly Poison"],"picked":"Footwork","floor":2},{"not_picked":["Terror","Flechettes"],"picked":"Footwork","floor":3},{"not_picked":["Acrobatics","Deadly Poison"],"picked":"Poisoned Stab","floor":5},{"not_picked":["Outmaneuver","Dagger Throw"],"picked":"Deflect","floor":7},{"not_picked":["Concentrate","Malaise"],"picked":"Escape Plan","floor":8},{"not_picked":["Crippling Poison","Deadly Poison"],"picked":"Dagger Throw","floor":11},{"not_picked":["Setup","Infinite Blades"],"picked":"Cloak And Dagger","floor":12},{"not_picked":["Catalyst","Calculated Gamble"],"picked":"Prepared","floor":14},{"not_picked":["Unload","Doppelganger","Bullet Time"],"picked":"After Image","floor":16},{"not_picked":["Quick Slash","Slice","Dagger Throw"],"picked":"Flying Knee","floor":18},{"not_picked":["Underhanded Strike","Quick Slash","Prepared+1"],"picked":"Deflect","floor":20},{"not_picked":["Slice","Sucker Punch","Underhanded Strike"],"picked":"Flying Knee+1","floor":21},{"not_picked":["Dagger Spray","Sucker Punch+1","Endless Agony+1"],"picked":"Skewer+1","floor":22},{"not_picked":["Sucker Punch","Slice","Tools of the Trade"],"picked":"Dodge and Roll","floor":24},{"not_picked":["Outmaneuver","Blade Dance","Bane"],"picked":"Dash","floor":28},{"not_picked":["Bane","Skewer+1","Night Terror"],"picked":"Cloak And Dagger","floor":31},{"not_picked":["After Image","Corpse Explosion","Venomology"],"picked":"Phantasmal Killer","floor":33},{"not_picked":["Acrobatics","Reflex+1","Crippling Poison+1"],"picked":"Dash","floor":35},{"not_picked":["Dagger Spray","Crippling Poison+1","Blade Dance+1"],"picked":"Backflip+1","floor":39},{"not_picked":["Heel Hook","Setup+1","Underhanded Strike+1","Prepared"],"picked":"SKIP","floor":41},{"not_picked":["Flying Knee+1","Underhanded Strike","Endless Agony"],"picked":"Backstab+1","floor":44},{"not_picked":["Dagger Throw+1","Riddle With Holes+1","Backstab"],"picked":"Adrenaline","floor":46},{"not_picked":["Dagger Throw+1","Reflex","Accuracy"],"picked":"Adrenaline","floor":47},{"not_picked":["Catalyst","Bane+1","Quick Slash+1"],"picked":"Slice+1","floor":48}],"player_experience":443529,"relics_obtained":[{"floor":7,"key":"Oddly Smooth Stone"},{"floor":9,"key":"Bronze Scales"},{"floor":14,"key":"Question Card"},{"floor":26,"key":"PreservedInsect"},{"floor":31,"key":"Blood Vial"},{"floor":37,"key":"Pen Nib"},{"floor":43,"key":"Pocketwatch"},{"floor":47,"key":"Blue Candle"}],"event_choices":[{"damage_healed":0,"gold_gain":0,"player_choice":"Lose Max HP","damage_taken":0,"relics_obtained":["Golden Idol"],"max_hp_gain":0,"max_hp_loss":5,"event_name":"Golden Idol","floor":4,"gold_loss":0},{"damage_healed":0,"gold_gain":0,"player_choice":"CARD ","damage_taken":12,"max_hp_gain":0,"max_hp_loss":0,"event_name":"Knowing Skull","floor":30,"potions_obtained":[],"gold_loss":0,"cards_obtained":["Panacea"]},{"damage_healed":0,"gold_gain":0,"player_choice":"Ignored","damage_taken":0,"max_hp_gain":0,"max_hp_loss":0,"event_name":"SecretPortal","floor":38,"gold_loss":0}],"is_beta":false,"boss_relics":[{"not_picked":["Coffee Dripper","Snecko Eye"],"picked":"Pandora\u0027s Box"},{"not_picked":["Velvet Choker","WristBlade"],"picked":"Ring of the Serpent"}],"items_purged_floors":[13],"is_endless":false,"potions_floor_spawned":[1,3,5,8,16,18,21,24,31,35,41,44,48],"killed_by":"Donu and Deca","ascension_level":7}