{"gold_per_floor":[109,23,23,41,191,223,223,253,253,270,296,312,312,331,331,331],"floor_reached":16,"playtime":438,"items_purged":[],"score":270,"play_id":"1f492ff2-cfef-411b-929a-5847f5df28c6","local_time":"20190222210709","is_ascension_mode":true,"campfire_choices":[{"data":"True Grit","floor":7,"key":"SMITH"},{"data":"Flex","floor":13,"key":"SMITH"},{"floor":15,"key":"REST"}],"neow_cost":"NONE","seed_source_timestamp":15555609560922916,"circlet_count":0,"master_deck":["AscendersBane","Strike_R+1","Strike_R","Strike_R","Strike_R+1","Strike_R","Defend_R","Defend_R","Defend_R","Defend_R","Bash","Cleave+1","Battle Trance","True Grit+1","Doubt","Pommel Strike+1","Dual Wield","Fire Breathing+1","Flex+1","Feel No Pain+1"],"relics":["Burning Blood","NeowsBlessing","Torii","Frozen Egg 2","Whetstone"],"potions_floor_usage":[11,16],"damage_taken":[{"damage":0,"enemies":"Small Slimes","floor":1,"turns":1},{"damage":0,"enemies":"2 Louse","floor":4,"turns":1},{"damage":0,"enemies":"Lagavulin","floor":6,"turns":1},{"damage":2,"enemies":"Jaw Worm","floor":10,"turns":4},{"damage":31,"enemies":"Gremlin Nob","floor":11,"turns":4},{"damage":11,"enemies":"Looter","floor":12,"turns":3},{"damage":1,"enemies":"2 Fungi Beasts","floor":14,"turns":2},{"damage":64,"enemies":"Slime Boss","floor":16,"turns":9}],"seed_played":"-5643117590446531983","potions_obtained":[{"floor":6,"key":"Weak Potion"},{"floor":10,"key":"Poison Potion"},{"floor":11,"key":"Dexterity Potion"}],"is_trial":false,"path_per_floor":["M","$","?","M","?","E","R","?","T","M","E","M","R","M","R","B"],"character_chosen":"IRONCLAD","items_purchased":["Battle Trance"],"campfire_rested":1,"item_purchase_floors":[2],"current_hp_per_floor":[74,74,51,57,57,63,63,63,63,67,42,37,37,42,64,0],"gold":331,"neow_bonus":"THREE_ENEMY_KILL","is_prod":false,"is_daily":false,"chose_seed":false,"campfire_upgraded":2,"win_rate":0,"timestamp":1550866029,"path_taken":["M","$","?","M","?","E","R","?","T","M","E","M","R","M","R","BOSS"],"build_version":"2019-01-23","purchased_purges":0,"victory":false,"max_hp_per_floor":[75,75,75,75,75,75,75,75,75,75,75,75,75,75,75,75],"card_choices":[{"not_picked":["Flex","Shrug It Off"],"picked":"Cleave","floor":1},{"not_picked":["Burning Pact","Thunderclap"],"picked":"True Grit","floor":4},{"not_picked":["Bloodletting","Hemokinesis"],"picked":"Pommel Strike","floor":6},{"not_picked":["Exhume","Searing Blow"],"picked":"Dual Wield","floor":10},{"not_picked":["Pommel Strike","Warcry"],"picked":"Fire Breathing+1","floor":11},{"not_picked":["Rupture+1","Clash"],"picked":"Flex","floor":12},{"not_picked":["Thunderclap","Warcry"],"picked":"Feel No Pain+1","floor":14}],"player_experience":430198,"relics_obtained":[{"floor":6,"key":"Torii"},{"floor":9,"key":"Frozen Egg 2"},{"floor":11,"key":"Whetstone"}],"event_choices":[{"damage_healed":0,"gold_gain":0,"player_choice":"Entered Light","damage_taken":23,"max_hp_gain":0,"max_hp_loss":0,"event_name":"Shining Light","floor":3,"gold_loss":0,"cards_upgraded":["Strike_R","Cleave"]},{"damage_healed":0,"gold_gain":150,"player_choice":"AGREE","damage_taken":0,"max_hp_gain":0,"max_hp_loss":0,"event_name":"Liars Game","floor":5,"gold_loss":0,"cards_obtained":["Doubt"]},{"damage_healed":0,"gold_gain":30,"player_choice":"Searched \u00271\u0027 times","damage_taken":0,"max_hp_gain":0,"max_hp_loss":0,"event_name":"Dead Adventurer","floor":8,"gold_loss":0}],"is_beta":false,"boss_relics":[],"items_purged_floors":[],"is_endless":false,"potions_floor_spawned":[6,10,11,14],"killed_by":"Slime Boss","ascension_level":20}