{"gold_per_floor":[360,24,36,48,60,72,104,116,155,177,189,212,256,283,295,383,395,426,457,469,481,493,505,517],"floor_reached":24,"playtime":983,"items_purged":["Parasite"],"score":413,"play_id":"819cf4e2-8613-41ca-9728-a64edd09e651","local_time":"20181103160854","is_ascension_mode":true,"campfire_choices":[{"data":"Bouncing Flask","floor":6,"key":"SMITH"},{"data":"Neutralize","floor":8,"key":"SMITH"},{"data":"Deadly Poison","floor":11,"key":"SMITH"},{"data":"Dodge and Roll","floor":15,"key":"SMITH"},{"data":"Malaise","floor":23,"key":"SMITH"}],"neow_cost":"CURSE","seed_source_timestamp":14319017807738,"circlet_count":0,"master_deck":["AscendersBane","Defend_G","Defend_G","Defend_G","Defend_G","Defend_G","Survivor","Neutralize+1","Backstab","Bouncing Flask+1","Deadly Poison+1","Dodge and Roll+1","PiercingWail","Blur","Malaise+1","Bite","Bite","Bite","Bite","Bite"],"relics":["Ring of the Snake","MawBank","Ancient Tea Set","Bag of Preparation","Potion Belt","Sozu"],"potions_floor_usage":[5,13,16,24],"damage_taken":[{"damage":0,"enemies":"2 Louse","floor":1,"turns":4},{"damage":0,"enemies":"Small Slimes","floor":7,"turns":1},{"damage":0,"enemies":"Cultist","floor":10,"turns":3},{"damage":0,"enemies":"2 Fungi Beasts","floor":12,"turns":3},{"damage":28,"enemies":"3 Sentries","floor":13,"turns":13},{"damage":1,"enemies":"Blue Slaver","floor":14,"turns":3},{"damage":10,"enemies":"Hexaghost","floor":16,"turns":8},{"damage":2,"enemies":"Shell Parasite","floor":18,"turns":6},{"damage":17,"enemies":"Chosen","floor":19,"turns":5},{"damage":50,"enemies":"Slavers","floor":24,"turns":6}],"seed_played":"-3161294782508636357","potions_obtained":[{"floor":1,"key":"Strength Potion"},{"floor":5,"key":"Fruit Juice"},{"floor":5,"key":"GhostInAJar"},{"floor":14,"key":"LiquidBronze"}],"is_trial":false,"path_per_floor":["M","$","?","$","?","R","M","R","T","M","R","M","E","M","R","B",null,"M","M","$","?","?","R","E"],"character_chosen":"THE_SILENT","items_purchased":["Bouncing Flask","MawBank"],"campfire_rested":0,"item_purchase_floors":[2,2],"current_hp_per_floor":[59,59,54,54,59,59,59,59,59,59,59,59,31,30,30,20,56,54,37,37,37,37,37,0],"gold":517,"neow_bonus":"TWO_FIFTY_GOLD","is_prod":false,"is_daily":false,"chose_seed":false,"campfire_upgraded":5,"win_rate":0,"timestamp":1541257734,"path_taken":["M","$","?","$","?","R","M","R","T","M","R","M","E","?","R","BOSS","M","M","$","?","?","R","E"],"build_version":"2018-11-02","purchased_purges":1,"victory":false,"max_hp_per_floor":[66,63,63,63,68,68,68,68,68,68,68,68,68,68,68,68,68,68,68,68,68,47,47,47],"card_choices":[{"not_picked":["Dodge and Roll","Cloak And Dagger"],"picked":"Backstab","floor":1},{"not_picked":["Underhanded Strike","Finisher"],"picked":"Deadly Poison","floor":7},{"not_picked":["Infinite Blades","Slice","Riddle With Holes"],"picked":"SKIP","floor":10},{"not_picked":["Quick Slash","Blade Dance"],"picked":"Dodge and Roll","floor":12},{"not_picked":["Storm of Steel","Dodge and Roll"],"picked":"PiercingWail","floor":13},{"not_picked":["Expertise","Bane"],"picked":"Blur","floor":14},{"not_picked":["Bullet Time","Unload"],"picked":"Malaise","floor":16},{"not_picked":["Bouncing Flask","Deflect","Poisoned Stab"],"picked":"SKIP","floor":18},{"not_picked":["PiercingWail","Prepared","Poisoned Stab"],"picked":"SKIP","floor":19}],"player_experience":773285,"relics_obtained":[{"floor":9,"key":"Bag of Preparation"},{"floor":13,"key":"Potion Belt"}],"event_choices":[{"damage_healed":0,"gold_gain":0,"player_choice":"Success","damage_taken":5,"relics_obtained":["Ancient Tea Set"],"max_hp_gain":0,"max_hp_loss":0,"event_name":"Scrap Ooze","floor":3,"gold_loss":0},{"damage_healed":0,"gold_gain":0,"player_choice":"Got Potions","damage_taken":0,"max_hp_gain":0,"max_hp_loss":0,"event_name":"Lab","floor":5,"gold_loss":0},{"damage_healed":0,"gold_gain":0,"player_choice":"Ignored","damage_taken":0,"max_hp_gain":0,"max_hp_loss":0,"event_name":"Ghosts","floor":21,"gold_loss":0},{"damage_healed":0,"gold_gain":0,"player_choice":"Became a vampire","damage_taken":0,"max_hp_gain":0,"max_hp_loss":21,"event_name":"Vampires","floor":22,"gold_loss":0,"cards_obtained":["Bite","Bite","Bite","Bite","Bite"]}],"is_beta":true,"boss_relics":[{"not_picked":["Runic Dome","Tiny House"],"picked":"Sozu"}],"items_purged_floors":[2],"is_endless":false,"potions_floor_spawned":[1,7,14],"killed_by":"Slavers","ascension_level":20}