{"gold_per_floor":[99,99,99,99,99,99,99,99,99,99,99,99,99,99,99,99,99,99,99,99,99,99,99,99,99,99,99,99,99,99,32,32,32,32,32,32,32,32,32,32,32,32,32,32,32,32,32,32,32,32],"floor_reached":51,"playtime":3969,"items_purged":[],"score":1056,"play_id":"b0e97053-6080-45a3-b352-7f743f9bc771","local_time":"20190127215907","is_ascension_mode":true,"campfire_choices":[{"floor":10,"key":"REST"},{"floor":15,"key":"REST"},{"data":"Malaise","floor":24,"key":"SMITH"},{"data":"Accuracy","floor":32,"key":"SMITH"},{"floor":41,"key":"REST"},{"data":"Calculated Gamble","floor":49,"key":"SMITH"}],"neow_cost":"NONE","seed_source_timestamp":26947381436565,"circlet_count":0,"master_deck":["Defend_G","Defend_G","Defend_G","Defend_G","Defend_G","Strike_G","Strike_G","Strike_G","Strike_G","Survivor","Neutralize","Blade Dance","Terror","Deadly Poison","Corpse Explosion","Cloak And Dagger","Heel Hook","Expertise","Acrobatics","Crippling Poison","Backflip","Sucker Punch","Bouncing Flask","Malaise+1","Calculated Gamble+1","Blade Dance","Quick Slash","Blade Dance+1","Cloak And Dagger","Blade Dance","Corpse Explosion","Accuracy+1","PiercingWail+1","Blade Dance+1","Deflect+1","Blade Dance+1","Dagger Throw"],"relics":["Ectoplasm","Orichalcum","Paper Crane","Anchor","Blood Vial","Busted Crown","Tough Bandages","Bag of Marbles","Oddly Smooth Stone","Ornamental Fan","Pear","Art of War","White Beast Statue","NlothsMask","Kunai","Mummified Hand","Bag of Preparation"],"potions_floor_usage":[6,7,8,16,23,25,25,30,30,37,38,39,40,50],"damage_taken":[{"damage":0,"enemies":"Jaw Worm","floor":1,"turns":5},{"damage":0,"enemies":"Cultist","floor":2,"turns":4},{"damage":1,"enemies":"2 Louse","floor":3,"turns":2},{"damage":25,"enemies":"Gremlin Gang","floor":4,"turns":6},{"damage":2,"enemies":"2 Fungi Beasts","floor":5,"turns":3},{"damage":15,"enemies":"Gremlin Nob","floor":6,"turns":4},{"damage":19,"enemies":"Large Slime","floor":7,"turns":7},{"damage":0,"enemies":"Lots of Slimes","floor":8,"turns":4},{"damage":10,"enemies":"Lagavulin","floor":11,"turns":6},{"damage":0,"enemies":"2 Fungi Beasts","floor":12,"turns":2},{"damage":0,"enemies":"3 Sentries","floor":13,"turns":4},{"damage":0,"enemies":"Blue Slaver","floor":14,"turns":3},{"damage":15,"enemies":"The Guardian","floor":16,"turns":9},{"damage":0,"enemies":"3 Byrds","floor":18,"turns":4},{"damage":0,"enemies":"Chosen","floor":20,"turns":6},{"damage":0,"enemies":"Centurion and Healer","floor":21,"turns":5},{"damage":0,"enemies":"Snake Plant","floor":22,"turns":7},{"damage":6,"enemies":"Gremlin Leader","floor":23,"turns":6},{"damage":0,"enemies":"Slavers","floor":25,"turns":3},{"damage":0,"enemies":"Book of Stabbing","floor":27,"turns":6},{"damage":0,"enemies":"3 Cultists","floor":29,"turns":3},{"damage":4,"enemies":"Slavers","floor":30,"turns":6},{"damage":12,"enemies":"Champ","floor":33,"turns":11},{"damage":0,"enemies":"3 Shapes","floor":35,"turns":3},{"damage":11,"enemies":"3 Darklings","floor":37,"turns":5},{"damage":22,"enemies":"Jaw Worm Horde","floor":38,"turns":4},{"damage":12,"enemies":"Spire Growth","floor":39,"turns":6},{"damage":3,"enemies":"Reptomancer","floor":40,"turns":6},{"damage":6,"enemies":"Sphere and 2 Shapes","floor":42,"turns":4},{"damage":0,"enemies":"3 Darklings","floor":44,"turns":3},{"damage":0,"enemies":"Nemesis","floor":47,"turns":7},{"damage":3,"enemies":"Spire Growth","floor":48,"turns":5},{"damage":9,"enemies":"Donu and Deca","floor":50,"turns":6}],"seed_played":"1183106958365976068","potions_obtained":[{"floor":4,"key":"Dexterity Potion"},{"floor":5,"key":"SkillPotion"},{"floor":6,"key":"GamblersBrew"},{"floor":7,"key":"AttackPotion"},{"floor":12,"key":"Strength Potion"},{"floor":20,"key":"SpeedPotion"},{"floor":21,"key":"Dexterity Potion"},{"floor":22,"key":"Fire Potion"},{"floor":23,"key":"Fire Potion"},{"floor":27,"key":"Dexterity Potion"},{"floor":35,"key":"PowerPotion"},{"floor":37,"key":"Block Potion"},{"floor":38,"key":"GhostInAJar"},{"floor":39,"key":"AttackPotion"},{"floor":40,"key":"Swift Potion"},{"floor":42,"key":"Regen Potion"},{"floor":44,"key":"FearPotion"},{"floor":48,"key":"Energy Potion"}],"is_trial":false,"path_per_floor":["M","M","M","M","M","E","M","M","T","R","E","M","E","M","R","B",null,"M","?","M","M","M","E","R","E","T","E","?","M","E","$","R","B",null,"M","?","M","M","M","E","R","M","T","M","T","?","E","M","R","B",null],"character_chosen":"THE_SILENT","items_purchased":["Accuracy"],"campfire_rested":3,"item_purchase_floors":[31],"current_hp_per_floor":[70,70,69,44,42,27,8,8,8,29,19,19,19,21,42,29,70,70,70,70,70,70,64,64,66,66,78,78,80,76,76,76,66,80,80,80,69,49,39,38,62,58,58,60,60,90,90,87,87,80],"gold":32,"neow_bonus":"BOSS_RELIC","is_prod":false,"is_daily":false,"chose_seed":false,"campfire_upgraded":3,"win_rate":0,"timestamp":1548626347,"path_taken":["M","M","M","M","M","E","M","M","T","R","E","M","E","M","R","BOSS","M","?","M","M","?","E","R","E","T","E","?","M","E","$","R","BOSS","M","?","?","M","M","E","R","?","T","M","?","?","E","?","R","BOSS"],"build_version":"2019-01-23","purchased_purges":0,"victory":true,"max_hp_per_floor":[70,70,70,70,70,70,70,70,70,70,70,70,70,70,70,70,70,70,70,70,70,70,70,70,70,70,80,80,80,80,80,80,80,80,80,80,80,80,80,80,80,80,80,80,80,90,90,90,90,90],"card_choices":[{"not_picked":["Dagger Spray","Poisoned Stab"],"picked":"Blade Dance","floor":1},{"not_picked":["Reflex","Eviscerate"],"picked":"Terror","floor":2},{"not_picked":["Prepared","Dagger Spray"],"picked":"Deadly Poison","floor":3},{"not_picked":["Dodge and Roll","Outmaneuver"],"picked":"Corpse Explosion","floor":4},{"not_picked":["Dodge and Roll","Caltrops"],"picked":"Cloak And Dagger","floor":5},{"not_picked":["Skewer","Poisoned Stab"],"picked":"Heel Hook","floor":6},{"not_picked":["Finisher","Calculated Gamble"],"picked":"Expertise","floor":7},{"not_picked":["Catalyst","Deflect"],"picked":"Acrobatics","floor":8},{"not_picked":["Night Terror","Prepared"],"picked":"Crippling Poison","floor":11},{"not_picked":["Blade Dance","Heel Hook"],"picked":"Backflip","floor":12},{"not_picked":["Dagger Spray","Outmaneuver"],"picked":"Sucker Punch","floor":13},{"not_picked":["Deflect","Corpse Explosion"],"picked":"Bouncing Flask","floor":14},{"not_picked":["Grand Finale","Corpse Explosion"],"picked":"Malaise","floor":16},{"not_picked":[],"picked":"Calculated Gamble","floor":18},{"not_picked":["Slice"],"picked":"SKIP","floor":20},{"not_picked":[],"picked":"Blade Dance","floor":21},{"not_picked":[],"picked":"Quick Slash","floor":22},{"not_picked":[],"picked":"Blade Dance+1","floor":23},{"not_picked":[],"picked":"Cloak And Dagger","floor":25},{"not_picked":["Masterful Stab"],"picked":"SKIP","floor":27},{"not_picked":[],"picked":"Blade Dance","floor":29},{"not_picked":[],"picked":"Corpse Explosion","floor":30},{"not_picked":[],"picked":"Glass Knife","floor":33},{"not_picked":[],"picked":"PiercingWail+1","floor":35},{"not_picked":["Cloak And Dagger"],"picked":"SKIP","floor":37},{"not_picked":[],"picked":"Blade Dance+1","floor":38},{"not_picked":[],"picked":"Deflect+1","floor":39},{"not_picked":["Outmaneuver"],"picked":"SKIP","floor":40},{"not_picked":["Outmaneuver"],"picked":"SKIP","floor":42},{"not_picked":[],"picked":"Blade Dance+1","floor":44},{"not_picked":[],"picked":"Dagger Throw","floor":47},{"not_picked":["Choke"],"picked":"SKIP","floor":48}],"player_experience":147708,"relics_obtained":[{"floor":6,"key":"Orichalcum"},{"floor":9,"key":"Paper Crane"},{"floor":11,"key":"Anchor"},{"floor":13,"key":"Blood Vial"},{"floor":23,"key":"Bag of Marbles"},{"floor":25,"key":"Oddly Smooth Stone"},{"floor":26,"key":"Ornamental Fan"},{"floor":27,"key":"Pear"},{"floor":30,"key":"Art of War"},{"floor":40,"key":"Kunai"},{"floor":45,"key":"Mummified Hand"},{"floor":47,"key":"Bag of Preparation"}],"event_choices":[{"damage_healed":0,"gold_gain":0,"player_choice":"Gave Potion","damage_taken":0,"relics_obtained":["Tough Bandages"],"max_hp_gain":0,"max_hp_loss":0,"event_name":"WeMeetAgain","floor":19,"gold_loss":0},{"cards_removed":["Strike_G"],"damage_healed":0,"gold_gain":0,"player_choice":"Card Removal","damage_taken":0,"max_hp_gain":0,"max_hp_loss":0,"event_name":"Wheel of Change","floor":28,"gold_loss":0},{"damage_healed":0,"gold_gain":0,"player_choice":"Trade","damage_taken":0,"relics_obtained":["NlothsMask"],"max_hp_gain":0,"max_hp_loss":0,"event_name":"FaceTrader","floor":36,"gold_loss":0},{"cards_removed":["Glass Knife"],"damage_healed":20,"gold_gain":0,"player_choice":"Offered Rare","damage_taken":0,"max_hp_gain":10,"max_hp_loss":0,"event_name":"Bonfire Elementals","floor":46,"gold_loss":0}],"is_beta":false,"boss_relics":[{"not_picked":["Tiny House","HoveringKite"],"picked":"Busted Crown"},{"not_picked":["Eternal Feather","Snecko Eye"],"picked":"White Beast Statue"}],"items_purged_floors":[],"is_endless":false,"potions_floor_spawned":[4,5,6,7,12,20,21,22,23,27,35,37,38,39,40,42,44,47,48],"ascension_level":2}