{"gold_per_floor":[110,110,125,105,120,120,152,162,162,175,175,205,205,219,219,219],"floor_reached":16,"playtime":587,"items_purged":[],"score":179,"play_id":"cde80069-5616-463f-929b-08b0a30b6d7e","local_time":"20190208165203","is_ascension_mode":true,"campfire_choices":[{"data":"Entrench","floor":6,"key":"SMITH"},{"floor":11,"key":"REST"},{"floor":13,"key":"REST"},{"floor":15,"key":"REST"}],"neow_cost":"NONE","seed_source_timestamp":612455497607135,"circlet_count":0,"master_deck":["AscendersBane","Strike_R","Strike_R","Strike_R","Strike_R","Strike_R","Defend_R","Defend_R","Defend_R","Defend_R","Bash","Entrench+1","Cleave","Whirlwind","Body Slam","Feed"],"relics":["Burning Blood","Peace Pipe","Bottled Flame","The Courier"],"potions_floor_usage":[7,12],"damage_taken":[{"damage":4,"enemies":"2 Louse","floor":1,"turns":4},{"damage":7,"enemies":"Jaw Worm","floor":3,"turns":6},{"damage":6,"enemies":"Cultist","floor":5,"turns":4},{"damage":68,"enemies":"Lagavulin","floor":7,"turns":7},{"damage":27,"enemies":"Blue Slaver","floor":8,"turns":6},{"damage":6,"enemies":"3 Louse","floor":10,"turns":2},{"damage":30,"enemies":"3 Sentries","floor":12,"turns":6},{"damage":47,"enemies":"Large Slime","floor":14,"turns":8},{"damage":46,"enemies":"Hexaghost","floor":16,"turns":8}],"seed_played":"-2600486094784945099","potions_obtained":[{"floor":3,"key":"Block Potion"},{"floor":4,"key":"FairyPotion"},{"floor":10,"key":"BloodPotion"}],"is_trial":false,"path_per_floor":["M","?","M","?","M","R","E","M","T","M","R","E","R","M","R","B"],"character_chosen":"IRONCLAD","items_purchased":[],"campfire_rested":3,"item_purchase_floors":[],"current_hp_per_floor":[82,87,86,86,86,86,24,15,15,15,42,27,54,13,40,0],"gold":219,"neow_bonus":"TEN_PERCENT_HP_BONUS","is_prod":false,"is_daily":false,"chose_seed":false,"campfire_upgraded":1,"win_rate":0,"timestamp":1549637523,"path_taken":["M","?","M","?","M","R","E","M","T","M","R","E","R","M","R","BOSS"],"build_version":"2019-01-23","purchased_purges":0,"victory":false,"max_hp_per_floor":[88,93,93,93,93,93,93,93,93,93,93,93,93,93,93,93],"card_choices":[{"not_picked":["Heavy Blade","Rage"],"picked":"Entrench","floor":1},{"not_picked":["Pommel Strike","Twin Strike"],"picked":"Cleave","floor":3},{"not_picked":["Havoc","Sword Boomerang"],"picked":"Whirlwind","floor":5},{"not_picked":["Thunderclap","Infernal Blade","Whirlwind"],"picked":"SKIP","floor":7},{"not_picked":["Dropkick","Corruption"],"picked":"Body Slam","floor":8},{"not_picked":["Twin Strike","Dropkick","Second Wind"],"picked":"SKIP","floor":10},{"not_picked":["Flex","Sword Boomerang","Shockwave"],"picked":"SKIP","floor":12},{"not_picked":["Thunderclap","Body Slam"],"picked":"Feed","floor":14}],"player_experience":719590,"relics_obtained":[{"floor":7,"key":"Peace Pipe"},{"floor":9,"key":"Bottled Flame"},{"floor":12,"key":"The Courier"}],"event_choices":[{"damage_healed":0,"gold_gain":0,"player_choice":"Donut","damage_taken":0,"max_hp_gain":5,"max_hp_loss":0,"event_name":"Big Fish","floor":2,"gold_loss":0},{"damage_healed":0,"gold_gain":0,"player_choice":"Bought 1 Potion","damage_taken":0,"max_hp_gain":0,"max_hp_loss":0,"event_name":"The Woman in Blue","floor":4,"gold_loss":0}],"is_beta":false,"boss_relics":[],"items_purged_floors":[],"is_endless":false,"potions_floor_spawned":[3,10],"killed_by":"Hexaghost","ascension_level":12}