{"path_per_floor":["M","?","M","M","M","?","E","?","T","?","M","M","?","M","R","B",null,"M","?","?","M","$","E","M","R","T","E","?","M","R","?","R","B",null,"M","$","M","M","$","R","E"],"character_chosen":"IRONCLAD","items_purchased":["Magic Flower","Shuriken","Inflame"],"gold_per_floor":[109,109,123,134,146,146,180,235,235,235,246,265,265,282,282,379,379,392,392,315,301,59,84,95,95,165,200,200,216,216,141,141,240,240,255,59,79,92,37,37,66,66],"floor_reached":42,"campfire_rested":2,"playtime":1666,"current_hp_per_floor":[80,77,80,80,80,80,74,52,52,45,45,42,42,39,63,29,80,71,40,40,40,40,33,30,30,30,20,20,26,26,26,38,35,40,35,35,27,22,22,22,16,0],"items_purged":[],"gold":66,"score":612,"play_id":"6d9f50d4-4f04-400a-aaf4-6b09821274ea","local_time":"20180505184910","is_prod":false,"is_daily":false,"chose_seed":false,"is_ascension_mode":true,"campfire_upgraded":2,"timestamp":1525560550,"path_taken":["M","?","?","M","M","?","E","?","T","?","M","?","?","M","R","BOSS","M","?","?","M","?","E","M","R","T","E","?","?","R","?","R","BOSS","M","?","?","M","?","R","E","M"],"build_version":"2018-05-03","seed_source_timestamp":55810049333321,"purchased_purges":1,"victory":false,"master_deck":["Strike_R","Defend_R","Defend_R","Defend_R","Defend_R","Bash","Twin Strike","Seeing Red+1","Twin Strike","Inflame","Blind+1","Thunderclap","Pummel","Limit Break+1","Bloodletting+1","Ghostly+1","Ghostly+1","Ghostly+1","Ghostly+1","Ghostly+1","J.A.X.+1","Warcry+1","Double Tap+1","True Grit+1","Exhume+1","Inflame","Infernal Blade+1","Inflame","Rage+1"],"max_hp_per_floor":[80,80,80,80,80,80,80,80,80,80,80,80,80,80,80,80,80,80,40,40,40,40,40,40,40,40,40,40,40,40,40,40,40,40,40,40,40,40,40,40,40,40],"relics":["Black Blood","NeowsBlessing","Vajra","Toxic Egg 2","Bottled Lightning","The Courier","White Beast Statue","Magic Flower","Ginger","Bottled Flame","Peace Pipe","Ice Cream","Shuriken","Regal Pillow"],"card_choices":[{"not_picked":["Clash","Body Slam"],"picked":"Twin Strike","floor":1},{"not_picked":["Flex","Headbutt"],"picked":"Seeing Red","floor":3},{"not_picked":["Body Slam","Uppercut"],"picked":"Twin Strike","floor":4},{"not_picked":["Disarm","Dual Wield"],"picked":"Inflame","floor":5},{"not_picked":["Twin Strike","Carnage"],"picked":"Thunderclap","floor":7},{"not_picked":["Body Slam","Blood for Blood"],"picked":"Pummel","floor":8},{"not_picked":["Feed","Berserk"],"picked":"Limit Break","floor":16},{"not_picked":["Body Slam","Iron Wave"],"picked":"Bloodletting","floor":18},{"not_picked":["Shrug It Off","Iron Wave"],"picked":"Warcry","floor":21},{"not_picked":["Clash","Heavy Blade"],"picked":"Double Tap","floor":24},{"not_picked":["Iron Wave","Cleave"],"picked":"True Grit","floor":27},{"not_picked":["Berserk","Demon Form"],"picked":"Exhume","floor":33},{"not_picked":["Flex","Wild Strike"],"picked":"Inflame","floor":35},{"not_picked":["Sword Boomerang","Clothesline"],"picked":"Infernal Blade","floor":37},{"not_picked":["Havoc","Warcry"],"picked":"Rage","floor":41}],"player_experience":153809,"potions_floor_usage":[16,18,21,24,27,27,27,33,33,38,38,41,41,42],"damage_taken":[{"damage":0,"enemies":"2 Louse","floor":1,"turns":1},{"damage":0,"enemies":"Jaw Worm","floor":3,"turns":1},{"damage":0,"enemies":"Small Slimes","floor":4,"turns":1},{"damage":4,"enemies":"Red Slaver","floor":5,"turns":4},{"damage":12,"enemies":"Gremlin Nob","floor":7,"turns":3},{"damage":28,"enemies":"Gremlin Nob","floor":8,"turns":4},{"damage":6,"enemies":"Blue Slaver","floor":11,"turns":2},{"damage":9,"enemies":"Lots of Slimes","floor":12,"turns":3},{"damage":9,"enemies":"Large Slime","floor":14,"turns":4},{"damage":40,"enemies":"The Guardian","floor":16,"turns":14},{"damage":15,"enemies":"Chosen","floor":18,"turns":4},{"damage":1,"enemies":"2 Thieves","floor":21,"turns":4},{"damage":16,"enemies":"Slavers","floor":23,"turns":6},{"damage":12,"enemies":"Snake Plant","floor":24,"turns":3},{"damage":39,"enemies":"Gremlin Leader","floor":27,"turns":7},{"damage":3,"enemies":"Centurion and Healer","floor":29,"turns":5},{"damage":12,"enemies":"Collector","floor":33,"turns":7},{"damage":20,"enemies":"3 Shapes","floor":35,"turns":8},{"damage":23,"enemies":"3 Darklings","floor":37,"turns":7},{"damage":20,"enemies":"4 Shapes","floor":38,"turns":4},{"damage":21,"enemies":"Nemesis","floor":41,"turns":5},{"damage":22,"enemies":"Sphere and 2 Shapes","floor":42,"turns":3}],"event_choices":[{"event_name":"Scrap Ooze","player_choice":"success","floor":2,"damage_taken":3},{"event_name":"Match and Keep!","player_choice":"1 cards matched","floor":6,"damage_taken":0},{"event_name":"Dead Adventurer","player_choice":"Searched \u00271\u0027 times","floor":8,"damage_taken":0},{"event_name":"Golden Wing","player_choice":"Card Removal","floor":10,"damage_taken":0},{"event_name":"Purifier","player_choice":"One Purge","floor":13,"damage_taken":0},{"event_name":"Ghosts","player_choice":"Became a Ghost","floor":19,"damage_taken":0},{"event_name":"Drug Dealer","player_choice":"Got JAXXED","floor":20,"damage_taken":0},{"event_name":"The Mausoleum","player_choice":"Yes","floor":28,"damage_taken":0},{"event_name":"Beggar","player_choice":"Gave Gold","floor":31,"damage_taken":0}],"boss_relics":[{"not_picked":["Orrery","Pandora\u0027s Box"],"picked":"White Beast Statue"},{"not_picked":["Astrolabe","Runic Dome"],"picked":"Black Blood"}],"potions_floor_spawned":[3,7,14,16,18,21,23,24,27,29,33,35,37,38,41],"seed_played":"2698615651964353183","killed_by":"Sphere and 2 Shapes","ascension_level":4,"is_trial":false}