{"gold_per_floor":[118,218,53,72,92,92,127,5,5,39,39,57,57,83,83,160,160,171,188,188,168,178,178,204,204,257,282,282,18,31,31],"floor_reached":31,"playtime":1417,"items_purged":["Strike_R"],"score":502,"play_id":"8d589c7b-79b7-423b-aa34-4e54af428174","local_time":"20181229154055","is_ascension_mode":true,"campfire_choices":[{"data":"Uppercut","floor":6.0,"key":"SMITH"},{"data":"Armaments","floor":11.0,"key":"SMITH"},{"data":"Disarm","floor":13.0,"key":"SMITH"},{"data":"True Grit","floor":15.0,"key":"SMITH"},{"data":"Inflame","floor":23.0,"key":"SMITH"},{"floor":25.0,"key":"REST"},{"floor":28.0,"key":"REST"}],"neow_cost":"NONE","seed_source_timestamp":7348979968197,"circlet_count":0,"master_deck":["AscendersBane","Strike_R","Strike_R","Strike_R","Strike_R","Defend_R","Defend_R","Defend_R","Defend_R","Bash","Double Tap","Uppercut+1","Iron Wave","Disarm+1","Immolate","Flame Barrier","Armaments+1","True Grit+1","Exhume","Inflame+1","Iron Wave+1"],"special_seed":0,"relics":["Burning Blood","Orichalcum","The Courier","Champion Belt","Kunai","Self Forming Clay","Philosopher\u0027s Stone","Red Mask","Tiny Chest","Girya"],"potions_floor_usage":[31,31],"damage_taken":[{"damage":6.0,"enemies":"Jaw Worm","floor":1.0,"turns":5.0},{"damage":0.0,"enemies":"Cultist","floor":4.0,"turns":3.0},{"damage":1.0,"enemies":"2 Louse","floor":5.0,"turns":3.0},{"damage":36.0,"enemies":"Gremlin Nob","floor":7.0,"turns":5.0},{"damage":8.0,"enemies":"3 Sentries","floor":10.0,"turns":5.0},{"damage":14.0,"enemies":"Exordium Thugs","floor":12.0,"turns":5.0},{"damage":8.0,"enemies":"Lagavulin","floor":14.0,"turns":6.0},{"damage":31.0,"enemies":"Slime Boss","floor":16.0,"turns":13.0},{"damage":15.0,"enemies":"Spheric Guardian","floor":18.0,"turns":6.0},{"damage":2.0,"enemies":"Chosen","floor":19.0,"turns":5.0},{"damage":12.0,"enemies":"Snake Plant","floor":22.0,"turns":4.0},{"damage":20.0,"enemies":"Masked Bandits","floor":24.0,"turns":5.0},{"damage":8.0,"enemies":"Snecko","floor":30.0,"turns":3.0},{"damage":64,"enemies":"Gremlin Leader","floor":31,"turns":6}],"seed_played":"3870864384510875864","potions_obtained":[{"floor":1.0,"key":"SpeedPotion"},{"floor":7.0,"key":"Fire Potion"},{"floor":12.0,"key":"Dexterity Potion"},{"floor":16.0,"key":"Strength Potion"},{"floor":19.0,"key":"Fire Potion"},{"floor":24.0,"key":"Fire Potion"}],"is_trial":false,"path_per_floor":["M","?","$","M","M","R","E","$","T","E","R","M","R","E","R",null,"M","M","?","?","M","R","R","T","T","R","$","M"],"character_chosen":"IRONCLAD","items_purchased":["Orichalcum","Flame Barrier","Girya"],"campfire_rested":2,"item_purchase_floors":[3,8,29],"current_hp_per_floor":[68,68,68,74,75,75,45,45,45,43,43,35,35,33,33,8,58,49,53,32,32,26,26,12,36,36,36,60,60,58,0],"gold":31,"neow_bonus":"ONE_RANDOM_RARE_CARD","is_prod":false,"is_daily":false,"chose_seed":false,"campfire_upgraded":5,"win_rate":0,"timestamp":1546094455,"path_taken":["M","?","$","M","?","R","E","$","T","E","R","M","R","E","R","BOSS","M","M","?","?","?","R","?","R","T","?","R","?","?","E"],"build_version":"2018-12-25","purchased_purges":1,"victory":false,"max_hp_per_floor":[75,75,75,75,75,75,75,75,75,75,75,75,75,75,75,75,75,75,75,80,80,80,80,80,80,80,80,80,80,80,80],"card_choices":[{"not_picked":["Ghostly Armor","Heavy Blade"],"picked":"Uppercut","floor":1.0},{"not_picked":["Evolve","Cleave"],"picked":"Iron Wave","floor":4.0},{"not_picked":["Headbutt","True Grit"],"picked":"Disarm","floor":5.0},{"not_picked":["Inflame","Armaments"],"picked":"Immolate","floor":7.0},{"not_picked":["Feel No Pain","Thunderclap"],"picked":"Armaments","floor":10.0},{"not_picked":["Body Slam","Combust","Anger"],"picked":"SKIP","floor":12.0},{"not_picked":["Iron Wave","Fiend Fire"],"picked":"True Grit","floor":14.0},{"not_picked":["Double Tap","Immolate"],"picked":"Exhume","floor":16.0},{"not_picked":["Rampage","Carnage","Armaments+1"],"picked":"SKIP","floor":18.0},{"not_picked":["Pommel Strike","Body Slam+1"],"picked":"Inflame","floor":19.0},{"not_picked":["Combust","Wild Strike"],"picked":"Iron Wave+1","floor":22.0},{"not_picked":["True Grit","Thunderclap","Armaments"],"picked":"SKIP","floor":30.0}],"player_experience":875982,"relics_obtained":[{"floor":7.0,"key":"The Courier"},{"floor":9.0,"key":"Champion Belt"},{"floor":10.0,"key":"Kunai"},{"floor":14.0,"key":"Self Forming Clay"},{"floor":24.0,"key":"Red Mask"},{"floor":26.0,"key":"Tiny Chest"}],"event_choices":[{"damage_healed":0.0,"max_hp_gain":0.0,"max_hp_loss":0.0,"gold_gain":100.0,"event_name":"Wheel of Change","player_choice":"Gold","floor":2.0,"gold_loss":0.0,"damage_taken":0.0},{"damage_healed":0.0,"max_hp_gain":5.0,"max_hp_loss":0.0,"gold_gain":0.0,"event_name":"Forgotten Altar","player_choice":"Shed Blood","floor":20.0,"gold_loss":0.0,"damage_taken":26.0},{"damage_healed":0.0,"max_hp_gain":0.0,"max_hp_loss":0.0,"gold_gain":0.0,"event_name":"The Woman in Blue","player_choice":"Bought 1 Potion","floor":21.0,"gold_loss":0.0,"damage_taken":0.0},{"damage_healed":0.0,"max_hp_gain":0.0,"max_hp_loss":0.0,"gold_gain":0.0,"event_name":"Masked Bandits","player_choice":"Fought Bandits","floor":24.0,"gold_loss":0.0,"damage_taken":0.0}],"is_beta":true,"boss_relics":[{"not_picked":["Eternal Feather","Pandora\u0027s Box"],"picked":"Philosopher\u0027s Stone"}],"items_purged_floors":[8],"is_endless":false,"potions_floor_spawned":[1,7,12,16,19,24],"killed_by":"Gremlin Leader","ascension_level":20}