{"path_per_floor":["M","M","?","?","$","R","E","R","T","M","R","M","?","M","R","B",null,"M","M","$","?","?","E","M","R","T","?","M","$","M","M","R","B",null,"M","?","$","M","T","M","M","R","T","R","$","R","M","M","R"],"character_chosen":"DEFECT","items_purchased":["Apotheosis","Jack Of All Trades","Streamline","Double Energy","Gremlin Horn","Regen Potion","PowerPotion"],"gold_per_floor":[115,131,381,381,9,9,35,35,92,105,105,125,125,141,141,239,239,258,276,73,106,106,134,151,151,177,137,156,14,27,38,38,140,140,159,159,59,69,92,110,126,126,178,178,17,17,33,47,47,47],"floor_reached":50,"campfire_rested":8,"playtime":3039,"item_purchase_floors":[5,5,5,5,20,29,45],"current_hp_per_floor":[67,46,46,46,46,68,5,42,42,41,75,72,54,54,75,61,75,63,61,61,57,43,37,27,67,67,67,47,47,58,48,85,61,85,43,95,95,88,88,75,62,95,95,95,95,95,90,80,95,0],"items_purged":["Regret","Regret","Injury","Normality"],"gold":47,"score":512,"play_id":"9ed0dc79-a91a-40f9-90bf-c62ba7c76839","local_time":"20180521055516","is_prod":false,"is_daily":false,"chose_seed":false,"is_ascension_mode":true,"campfire_upgraded":2,"timestamp":1526891116,"campfire_choices":[{"floor":6,"key":"REST"},{"floor":8,"key":"REST"},{"floor":11,"key":"REST"},{"floor":15,"key":"REST"},{"floor":25,"key":"REST"},{"floor":32,"key":"REST"},{"floor":42,"key":"REST"},{"data":"Apotheosis","floor":44,"key":"SMITH"},{"data":"Genetic Algorithm","floor":46,"key":"SMITH"},{"floor":49,"key":"REST"}],"path_taken":["M","M","?","?","$","R","E","R","T","?","R","?","?","M","R","BOSS","M","M","$","?","?","E","M","R","T","?","M","$","?","M","R","BOSS","M","?","$","M","?","M","M","R","T","R","$","R","M","?","R","BOSS"],"build_version":"2018-05-18","seed_source_timestamp":437935528180779,"purchased_purges":4,"victory":false,"master_deck":["Strike_B","Strike_B","Strike_B","Strike_B","Defend_B","Defend_B","Defend_B","Defend_B","Zap","Dualcast","Writhe","Consume","Stack","Apotheosis+1","Jack Of All Trades","Streamline","Double Energy","Seek","Melter","Hyperbeam","Hologram","Storm","Rebound","Loop","Hologram","Reinforced Body","Genetic Algorithm+1","Meteor Strike","Injury","Skim"],"max_hp_per_floor":[75,75,75,75,75,75,75,75,75,75,75,75,75,75,75,75,75,75,75,75,75,80,80,85,85,85,85,85,85,85,85,85,85,85,85,95,95,95,95,95,95,95,95,95,95,95,95,95,95,95],"relics":["Calling Bell","Orichalcum","The Courier","Dead Branch","Regal Pillow","Tiny Chest","DataDisk","Cursed Key","Gremlin Horn","Red Mask","Ginger","Boot","Inserter","Art of War","Oddly Smooth Stone"],"card_choices":[{"not_picked":["Glacier","Sweeping Beam"],"picked":"Consume","floor":1},{"not_picked":["Auto Shields","Axe Kick"],"picked":"Stack","floor":2},{"not_picked":["Tempest","Hologram"],"picked":"Seek","floor":7},{"not_picked":["Cold Snap","Loop"],"picked":"Melter","floor":10},{"not_picked":["Recycle","Streamline","Beam Cell"],"picked":"SKIP","floor":12},{"not_picked":["Hologram","Chill","Cold Snap"],"picked":"SKIP","floor":14},{"not_picked":["Meteor Strike","Thunder Strike"],"picked":"Hyperbeam","floor":16},{"not_picked":["FTL","Axe Kick"],"picked":"Hologram","floor":18},{"not_picked":["Axe Kick","Undo"],"picked":"Storm","floor":19},{"not_picked":["Melter","Barrage"],"picked":"Rebound","floor":21},{"not_picked":["Steam","Beam Cell"],"picked":"Loop","floor":23},{"not_picked":["Fission","Recycle"],"picked":"Hologram","floor":24},{"not_picked":["Beam Cell","Storm"],"picked":"Reinforced Body","floor":28},{"not_picked":["Barrage+1","Rebound"],"picked":"Genetic Algorithm","floor":30},{"not_picked":["Go for the Eyes","Hello World"],"picked":"Meteor Strike","floor":31},{"not_picked":["Fission","Rainbow"],"picked":"Creative AI","floor":33},{"not_picked":["Leap","Cold Snap+1","Aggregate"],"picked":"SKIP","floor":35},{"not_picked":["Rebound","Streamline+1","Stack+1"],"picked":"SKIP","floor":38},{"not_picked":["Chill+1","Steam","Sweeping Beam+1"],"picked":"SKIP","floor":40},{"not_picked":["Storm+1","Cold Snap","Lockon"],"picked":"SKIP","floor":41},{"not_picked":["Leap","Capacitor","Go for the Eyes"],"picked":"SKIP","floor":47},{"not_picked":["Capacitor","Defragment+1"],"picked":"Skim","floor":48}],"player_experience":445006,"potions_floor_usage":[7,14,23,23,24,28,28,28,28,30,30,33,33,41,47,50],"damage_taken":[{"damage":8,"enemies":"Small Slimes","floor":1,"turns":5},{"damage":21,"enemies":"Cultist","floor":2,"turns":6},{"damage":63,"enemies":"Gremlin Nob","floor":7,"turns":6},{"damage":1,"enemies":"2 Louse","floor":10,"turns":2},{"damage":3,"enemies":"2 Fungi Beasts","floor":12,"turns":2},{"damage":0,"enemies":"Exordium Thugs","floor":14,"turns":5},{"damage":21,"enemies":"Slime Boss","floor":16,"turns":13},{"damage":12,"enemies":"2 Thieves","floor":18,"turns":2},{"damage":9,"enemies":"Shell Parasite","floor":19,"turns":7},{"damage":4,"enemies":"Masked Bandits","floor":21,"turns":2},{"damage":6,"enemies":"Book of Stabbing","floor":23,"turns":4},{"damage":15,"enemies":"Snecko","floor":24,"turns":6},{"damage":20,"enemies":"Cultist and Chosen","floor":28,"turns":4},{"damage":1,"enemies":"Sentry and Sphere","floor":30,"turns":4},{"damage":10,"enemies":"Snake Plant","floor":31,"turns":4},{"damage":28,"enemies":"Automaton","floor":33,"turns":11},{"damage":42,"enemies":"3 Darklings","floor":35,"turns":5},{"damage":7,"enemies":"3 Shapes","floor":38,"turns":3},{"damage":13,"enemies":"Spire Growth","floor":40,"turns":4},{"damage":13,"enemies":"3 Darklings","floor":41,"turns":3},{"damage":5,"enemies":"4 Shapes","floor":47,"turns":4},{"damage":10,"enemies":"Sphere and 2 Shapes","floor":48,"turns":5},{"damage":111,"enemies":"Time Eater","floor":50,"turns":11}],"relics_obtained":[{"floor":0,"key":"Orichalcum"},{"floor":0,"key":"The Courier"},{"floor":0,"key":"Dead Branch"},{"floor":7,"key":"Regal Pillow"},{"floor":9,"key":"Tiny Chest"},{"floor":21,"key":"Red Mask"},{"floor":23,"key":"Ginger"},{"floor":26,"key":"Boot"},{"floor":39,"key":"Art of War"},{"floor":43,"key":"Oddly Smooth Stone"}],"event_choices":[{"event_name":"Golden Shrine","player_choice":"Desecrate","floor":3,"damage_taken":0},{"event_name":"Living Wall","player_choice":"Forget","floor":4,"damage_taken":0},{"event_name":"Scrap Ooze","player_choice":"success","floor":13,"damage_taken":18},{"event_name":"Masked Bandits","player_choice":"Fought over 73 gold","floor":21,"damage_taken":0},{"event_name":"Forgotten Altar","player_choice":"Shed Blood","floor":22,"damage_taken":0},{"event_name":"The Woman in Blue","player_choice":"Bought 3 Potions","floor":27,"damage_taken":0},{"event_name":"Bonfire Elementals","player_choice":"RARE","floor":36,"damage_taken":0}],"boss_relics":[{"not_picked":["Nuclear Battery","Orrery"],"picked":"Cursed Key"},{"not_picked":["Runic Dome","Philosopher\u0027s Stone"],"picked":"Inserter"}],"items_purged_floors":[5,29,37,45],"potions_floor_spawned":[1,10,12,21,23,30,31,35,40,48],"seed_played":"-8364755971725416922","killed_by":"Time Eater","ascension_level":1,"potions_obtained":[{"floor":1,"key":"LiquidBronze"},{"floor":10,"key":"Strength Potion"},{"floor":12,"key":"Swift Potion"},{"floor":21,"key":"Poison Potion"},{"floor":23,"key":"Fruit Juice"},{"floor":27,"key":"Explosive Potion"},{"floor":27,"key":"Strength Potion"},{"floor":27,"key":"EntropicBrew"},{"floor":30,"key":"Strength Potion"},{"floor":31,"key":"Dexterity Potion"},{"floor":35,"key":"Dexterity Potion"},{"floor":40,"key":"SteroidPotion"},{"floor":48,"key":"SpeedPotion"}],"is_trial":false}