{"path_per_floor":["M","?","M","$","?","R","M","?","T","E","M","M","E","M","R","B",null,"M","?","M","$","M","E","R","M","T","R","?","?","$"],"character_chosen":"DEFECT","items_purchased":[],"gold_per_floor":[14,14,28,28,128,128,148,148,148,179,192,208,239,260,260,385,385,408,323,346,271,290,333,333,354,354,354,354,354,254,254],"floor_reached":31,"campfire_rested":0,"playtime":1137,"item_purchase_floors":[],"current_hp_per_floor":[89,67,66,66,66,66,66,71,71,59,58,58,44,44,44,21,94,94,94,86,86,67,40,40,23,23,23,23,23,23,0],"items_purged":["Static Discharge","Compile Driver"],"gold":254,"score":317,"play_id":"04c12e75-6c01-4b4b-8c26-89b294aff877","local_time":"20180621183339","is_prod":false,"is_daily":false,"chose_seed":false,"is_ascension_mode":true,"campfire_upgraded":4,"win_rate":0,"timestamp":1529620419,"campfire_choices":[{"data":"Dualcast","floor":6,"key":"SMITH"},{"data":"Darkness","floor":15,"key":"SMITH"},{"data":"Loop","floor":24,"key":"SMITH"},{"data":"Redo","floor":27,"key":"SMITH"}],"path_taken":["M","?","M","?","?","R","?","?","T","E","M","M","E","M","R","BOSS","M","?","?","$","M","E","R","M","T","R","?","?","$","E"],"build_version":"2018-06-14v2","seed_source_timestamp":158381383472479,"purchased_purges":2,"victory":false,"master_deck":["Zap","Dualcast+1","Doom and Gloom","BootSequence","Redo+1","Darkness+1","Barrage","FTL","Leap","Static Discharge","Consume","Conserve Battery","Loop+1"],"max_hp_per_floor":[89,89,89,89,89,89,89,94,94,94,94,94,94,94,94,94,94,94,94,94,94,94,94,94,94,94,94,94,94,94,94],"relics":["Cracked Core","Bloody Idol","Toolbox","Cables","Anchor","Pandora\u0027s Box","Sundial","Oddly Smooth Stone","Dream Catcher","Bag of Preparation"],"card_choices":[{"not_picked":["Sweeping Beam","Gash"],"picked":"Doom and Gloom","floor":1},{"not_picked":["Coolheaded","Steam Power"],"picked":"BootSequence","floor":3},{"not_picked":["Cold Snap","Hologram","Conserve Battery"],"picked":"SKIP","floor":7},{"not_picked":["Streamline","Fission","Hologram"],"picked":"SKIP","floor":10},{"not_picked":["Hologram","Coolheaded"],"picked":"Redo","floor":11},{"not_picked":["Steam","Compile Driver","Rebound"],"picked":"SKIP","floor":12},{"not_picked":["Beam Cell","Streamline"],"picked":"Darkness","floor":13},{"not_picked":["Streamline","Redo","Melter"],"picked":"SKIP","floor":14},{"not_picked":["Go for the Eyes","Compile Driver","Steam"],"picked":"SKIP","floor":18},{"not_picked":["Darkness","Steam Power","Hello World+1"],"picked":"SKIP","floor":20},{"not_picked":["Beam Cell","Gash","White Noise"],"picked":"SKIP","floor":22},{"not_picked":["Reinforced Body+1","Go for the Eyes+1"],"picked":"Loop","floor":23},{"not_picked":["Hello World+1","Ball Lightning+1","Buffer"],"picked":"SKIP","floor":25}],"player_experience":252792,"potions_floor_usage":[13,16,16,31,31,31],"damage_taken":[{"damage":0,"enemies":"Cultist","floor":1,"turns":3},{"damage":1,"enemies":"2 Louse","floor":3,"turns":2},{"damage":0,"enemies":"Jaw Worm","floor":7,"turns":2},{"damage":12,"enemies":"Lagavulin","floor":10,"turns":6},{"damage":1,"enemies":"Exordium Thugs","floor":11,"turns":3},{"damage":0,"enemies":"2 Fungi Beasts","floor":12,"turns":2},{"damage":21,"enemies":"Gremlin Nob","floor":13,"turns":4},{"damage":0,"enemies":"Gremlin Gang","floor":14,"turns":3},{"damage":41,"enemies":"Hexaghost","floor":16,"turns":7},{"damage":0,"enemies":"3 Byrds","floor":18,"turns":3},{"damage":8,"enemies":"Shell Parasite","floor":20,"turns":4},{"damage":19,"enemies":"Centurion and Healer","floor":22,"turns":3},{"damage":27,"enemies":"Gremlin Leader","floor":23,"turns":4},{"damage":17,"enemies":"Snake Plant","floor":25,"turns":4},{"damage":27,"enemies":"Slavers","floor":31,"turns":3}],"relics_obtained":[{"floor":9,"key":"Toolbox"},{"floor":10,"key":"Cables"},{"floor":13,"key":"Anchor"},{"floor":23,"key":"Oddly Smooth Stone"},{"floor":26,"key":"Dream Catcher"}],"event_choices":[{"event_name":"Golden Idol","player_choice":"Take Damage","floor":2,"damage_taken":0},{"event_name":"Golden Shrine","player_choice":"Pray","floor":5,"damage_taken":0},{"event_name":"Big Fish","player_choice":"Donut","floor":8,"damage_taken":0},{"event_name":"Addict","player_choice":"Obtained Relic","floor":19,"damage_taken":0},{"event_name":"The Mausoleum","player_choice":"Yes","floor":28,"damage_taken":0},{"event_name":"Forgotten Altar","player_choice":"Gave Idol","floor":29,"damage_taken":0}],"boss_relics":[{"not_picked":["Orrery","Empty Cage"],"picked":"Pandora\u0027s Box"}],"items_purged_floors":[21,30],"is_endless":false,"potions_floor_spawned":[3,7,12,14,16,18,25],"seed_played":"-6976006943161295846","killed_by":"Slavers","ascension_level":2,"potions_obtained":[{"floor":3,"key":"GamblersBrew"},{"floor":7,"key":"SteroidPotion"},{"floor":12,"key":"PowerPotion"},{"floor":14,"key":"Regen Potion"},{"floor":16,"key":"Fire Potion"},{"floor":18,"key":"GamblersBrew"},{"floor":25,"key":"PowerPotion"}],"is_trial":false}