{"gold_per_floor":[113,129,129,148,164,164,164,164,190,202,216,141,173,184,184,283,283,300,83,101,111,124,124,149,149,149,163,63,63],"floor_reached":29,"playtime":1474,"items_purged":["Strike_R","Strike_R"],"score":398,"play_id":"b18dbf75-146b-44ce-8499-bd9f2b3f8864","local_time":"20190203120025","is_ascension_mode":true,"campfire_choices":[{"data":"Body Slam","floor":6,"key":"SMITH"},{"data":"True Grit","floor":8,"key":"SMITH"},{"data":"Armaments","floor":15,"key":"SMITH"},{"floor":23,"key":"REST"},{"floor":25,"key":"REST"}],"neow_cost":"NONE","seed_source_timestamp":162048767256921,"circlet_count":0,"master_deck":["AscendersBane","Strike_R","Strike_R","Defend_R","Defend_R","Defend_R","Defend_R","Bash","Entrench+1","Body Slam+1","True Grit+1","Shrug It Off","Armaments+1","Body Slam","Cleave","Fiend Fire","Seeing Red","Metallicize","Headbutt+1"],"relics":["Burning Blood","Vajra","Blood Vial","Fusion Hammer","Oddly Smooth Stone","Shovel"],"potions_floor_usage":[5,13,16,20,24,27],"damage_taken":[{"damage":11,"enemies":"2 Louse","floor":1,"turns":3},{"damage":0,"enemies":"Small Slimes","floor":2,"turns":3},{"damage":6,"enemies":"Cultist","floor":4,"turns":4},{"damage":19,"enemies":"Exordium Wildlife","floor":5,"turns":5},{"damage":0,"enemies":"Red Slaver","floor":10,"turns":3},{"damage":0,"enemies":"3 Louse","floor":11,"turns":5},{"damage":24,"enemies":"Lagavulin","floor":13,"turns":14},{"damage":0,"enemies":"Blue Slaver","floor":14,"turns":4},{"damage":30,"enemies":"Hexaghost","floor":16,"turns":13},{"damage":30,"enemies":"Shell Parasite","floor":18,"turns":7},{"damage":6,"enemies":"Chosen","floor":20,"turns":5},{"damage":55,"enemies":"Snecko","floor":21,"turns":8},{"damage":9,"enemies":"Shelled Parasite and Fungi","floor":22,"turns":8},{"damage":41,"enemies":"Book of Stabbing","floor":24,"turns":8},{"damage":19,"enemies":"Snake Plant","floor":27,"turns":5},{"damage":29,"enemies":"Cultist and Chosen","floor":29,"turns":8}],"seed_played":"-8927944353363674285","potions_obtained":[{"floor":4,"key":"Energy Potion"},{"floor":10,"key":"EntropicBrew"},{"floor":16,"key":"LiquidBronze"},{"floor":18,"key":"Fruit Juice"},{"floor":21,"key":"SpeedPotion"}],"is_trial":false,"path_per_floor":["M","M","?","M","M","R","?","R","T","M","M","$","E","M","R","B",null,"M","$","M","M","M","R","E","R","T","M","$","M"],"character_chosen":"IRONCLAD","items_purchased":["Metallicize","Oddly Smooth Stone"],"campfire_rested":2,"item_purchase_floors":[19,19],"current_hp_per_floor":[75,81,74,74,61,61,61,61,61,67,73,73,55,63,63,41,76,54,54,61,14,13,40,7,34,34,23,23,0],"gold":63,"neow_bonus":"TEN_PERCENT_HP_BONUS","is_prod":false,"is_daily":false,"chose_seed":false,"campfire_upgraded":3,"win_rate":0,"timestamp":1549188025,"path_taken":["M","M","?","M","M","R","?","R","T","M","M","$","E","M","R","BOSS","M","$","M","M","M","R","E","R","T","M","$","?"],"build_version":"2019-01-23","purchased_purges":2,"victory":false,"max_hp_per_floor":[88,88,88,88,88,88,88,88,88,88,88,88,88,88,88,88,88,88,88,93,93,93,93,93,93,93,93,93,93],"card_choices":[{"not_picked":["Wild Strike","Infernal Blade"],"picked":"Entrench","floor":1},{"not_picked":["Headbutt","Disarm"],"picked":"Body Slam","floor":2},{"not_picked":["Wild Strike","Heavy Blade"],"picked":"True Grit","floor":4},{"not_picked":["Twin Strike","Dual Wield","Pommel Strike"],"picked":"SKIP","floor":5},{"not_picked":["Anger","Headbutt"],"picked":"Shrug It Off","floor":10},{"not_picked":["Spot Weakness","Ghostly Armor"],"picked":"Armaments","floor":11},{"not_picked":["Dark Embrace","Headbutt"],"picked":"Body Slam","floor":13},{"not_picked":["Shrug It Off","Power Through"],"picked":"Cleave","floor":14},{"not_picked":["Double Tap","Offering"],"picked":"Fiend Fire","floor":16},{"not_picked":["Pommel Strike","Warcry"],"picked":"Seeing Red","floor":18},{"not_picked":["Body Slam","Heavy Blade+1","Clothesline"],"picked":"SKIP","floor":20},{"not_picked":["Sever Soul","Anger+1","Pommel Strike"],"picked":"SKIP","floor":21},{"not_picked":["Inflame","Flex+1","Bloodletting"],"picked":"SKIP","floor":22},{"not_picked":["Warcry","Clash"],"picked":"Headbutt+1","floor":24},{"not_picked":["Perfected Strike","Shockwave","Dual Wield"],"picked":"SKIP","floor":27}],"player_experience":711124,"relics_obtained":[{"floor":9,"key":"Vajra"},{"floor":13,"key":"Blood Vial"},{"floor":24,"key":"Shovel"}],"event_choices":[{"cards_removed":["Strike_R"],"damage_healed":0,"gold_gain":0,"player_choice":"Card Removal","damage_taken":7,"max_hp_gain":0,"max_hp_loss":0,"event_name":"Golden Wing","floor":3,"gold_loss":0},{"damage_healed":0,"gold_gain":0,"player_choice":"Upgraded","damage_taken":0,"max_hp_gain":0,"max_hp_loss":0,"event_name":"Upgrade Shrine","floor":7,"gold_loss":0,"cards_upgraded":["Entrench"]}],"is_beta":false,"boss_relics":[{"not_picked":["Pandora\u0027s Box","Runic Pyramid"],"picked":"Fusion Hammer"}],"items_purged_floors":[12,28],"is_endless":false,"potions_floor_spawned":[4,10,13,16,18,21],"killed_by":"Cultist and Chosen","ascension_level":12}