{"gold_per_floor":[110,129,129,147,222,238,238,262,262,285,285,285,285,305,305,436,436,460,435,435,454,454],"floor_reached":22,"playtime":1888,"items_purged":[],"score":180,"play_id":"a4bc20f3-09b6-4569-b1e3-7bf519f218d8","local_time":"20190224151059","is_ascension_mode":false,"campfire_choices":[{"data":"Flex","floor":7,"key":"SMITH"},{"data":"Shrug It Off","floor":11,"key":"SMITH"},{"data":"Pommel Strike","floor":13,"key":"SMITH"},{"floor":15,"key":"REST"}],"neow_cost":"NONE","seed_source_timestamp":688697494673445,"circlet_count":0,"master_deck":["Strike_R","Strike_R","Strike_R","Defend_R","Defend_R","Defend_R","Defend_R","Bash","Flex+1","Pommel Strike+1","Shrug It Off+1","Ghostly Armor","Strike_R","Demon Form","Limit Break","Whirlwind","Sentinel"],"relics":["Burning Blood","Golden Idol","Mango","Black Star"],"potions_floor_usage":[8,16,19],"damage_taken":[{"damage":6,"enemies":"2 Louse","floor":1,"turns":4},{"damage":6,"enemies":"Jaw Worm","floor":2,"turns":3},{"damage":8,"enemies":"Cultist","floor":4,"turns":5},{"damage":8,"enemies":"Blue Slaver","floor":6,"turns":7},{"damage":28,"enemies":"Exordium Thugs","floor":8,"turns":5},{"damage":10,"enemies":"Large Slime","floor":10,"turns":8},{"damage":14,"enemies":"Exordium Wildlife","floor":14,"turns":6},{"damage":50,"enemies":"Hexaghost","floor":16,"turns":11},{"damage":23,"enemies":"Chosen","floor":18,"turns":8},{"damage":21,"enemies":"2 Thieves","floor":19,"turns":5},{"damage":13,"enemies":"Centurion and Healer","floor":21,"turns":8},{"damage":57,"enemies":"Shelled Parasite and Fungi","floor":22,"turns":12}],"seed_played":"-2799274480605181654","potions_obtained":[{"floor":1,"key":"AttackPotion"},{"floor":14,"key":"EssenceOfSteel"},{"floor":16,"key":"Energy Potion"},{"floor":19,"key":"SpeedPotion"}],"is_trial":false,"path_per_floor":["M","M","?","M","?","M","R","M","T","M","R","?","R","M","R","B",null,"M","M","?","M","M"],"character_chosen":"IRONCLAD","items_purchased":[],"campfire_rested":1,"item_purchase_floors":[],"current_hp_per_floor":[80,80,60,58,47,45,45,23,37,33,33,33,33,25,53,9,94,77,62,62,55,0],"gold":454,"neow_bonus":"REMOVE_CARD","is_prod":false,"is_daily":false,"chose_seed":false,"campfire_upgraded":3,"win_rate":0,"timestamp":1550988659,"path_taken":["M","M","?","M","?","M","R","M","T","M","R","?","R","M","R","BOSS","M","M","?","M","M"],"build_version":"2019-01-23","purchased_purges":0,"victory":false,"max_hp_per_floor":[80,80,80,80,80,80,80,80,94,94,94,94,94,94,94,94,94,94,94,94,94,94],"card_choices":[{"not_picked":["Fire Breathing","Twin Strike"],"picked":"Flex","floor":1},{"not_picked":["Twin Strike","Combust","Rampage"],"picked":"SKIP","floor":2},{"not_picked":["Infernal Blade","Havoc","Dropkick"],"picked":"SKIP","floor":4},{"not_picked":["Anger","Dropkick"],"picked":"Pommel Strike","floor":6},{"not_picked":["Fire Breathing","Warcry"],"picked":"Shrug It Off","floor":8},{"not_picked":["Havoc","Intimidate"],"picked":"Ghostly Armor","floor":10},{"not_picked":["Cleave","Thunderclap"],"picked":"Demon Form","floor":14},{"not_picked":["Dark Embrace","Berserk"],"picked":"Limit Break","floor":16},{"not_picked":["Dual Wield","Perfected Strike","Flex"],"picked":"SKIP","floor":18},{"not_picked":["Hemokinesis","Clothesline"],"picked":"Whirlwind","floor":19},{"not_picked":["Rupture","Uppercut+1"],"picked":"Sentinel","floor":21}],"player_experience":373797,"relics_obtained":[{"floor":9,"key":"Mango"}],"event_choices":[{"damage_healed":0,"gold_gain":0,"player_choice":"Take Damage","damage_taken":20,"relics_obtained":["Golden Idol"],"max_hp_gain":0,"max_hp_loss":0,"event_name":"Golden Idol","floor":3,"gold_loss":0},{"damage_healed":0,"gold_gain":75,"player_choice":"Gather Gold","damage_taken":11,"max_hp_gain":0,"max_hp_loss":0,"event_name":"World of Goop","floor":5,"gold_loss":0},{"cards_removed":["Strike_R"],"damage_healed":0,"gold_gain":0,"player_choice":"Took Card","damage_taken":0,"max_hp_gain":0,"max_hp_loss":0,"event_name":"NoteForYourself","floor":12,"gold_loss":0,"cards_obtained":["Strike_R"]},{"damage_healed":0,"gold_gain":0,"player_choice":"Ignored","damage_taken":0,"max_hp_gain":0,"max_hp_loss":0,"event_name":"The Mausoleum","floor":20,"gold_loss":0}],"is_beta":false,"boss_relics":[{"not_picked":["Snecko Eye","Pandora\u0027s Box"],"picked":"Black Star"}],"items_purged_floors":[],"is_endless":false,"potions_floor_spawned":[1,14,16,19],"killed_by":"Shelled Parasite and Fungi","ascension_level":0}