{"path_per_floor":["M","M","?","?","?","R","E","R","T","?","M","?","$","M","R","B",null,"M","?","$","T","M","R"],"character_chosen":"DEFECT","items_purchased":["Fission"],"gold_per_floor":[109,129,129,129,129,129,164,164,235,235,256,256,33,56,56,184,184,207,207,207,207,228,228,228],"floor_reached":24,"campfire_rested":1,"playtime":651,"item_purchase_floors":[13],"current_hp_per_floor":[75,75,75,75,68,68,46,46,46,46,46,34,34,30,52,52,75,37,37,37,47,49,49,0],"items_purged":["Injury"],"gold":228,"score":254,"play_id":"6f13bfc2-ca97-4e70-8531-96fee49ffecd","local_time":"20180601193616","is_prod":false,"is_daily":false,"chose_seed":false,"is_ascension_mode":true,"campfire_upgraded":3,"win_rate":0.0,"timestamp":1527896176,"campfire_choices":[{"data":"Zap","floor":6,"key":"SMITH"},{"data":"Defragment","floor":8,"key":"SMITH"},{"floor":15,"key":"REST"},{"data":"Fission","floor":23,"key":"SMITH"}],"path_taken":["M","M","?","?","?","R","E","R","T","?","?","?","$","M","R","BOSS","M","?","?","?","?","R","E"],"build_version":"2018-05-31","seed_source_timestamp":21227436325614,"purchased_purges":1,"victory":false,"master_deck":["Strike_B","Strike_B","Strike_B","Strike_B","Defend_B","Defend_B","Defend_B","Defend_B","Zap+1","Dualcast+1","Conserve Battery","Sweeping Beam","Defragment+1","Darkness","Fission+1","Ball Lightning+1","Multi-Cast","Parasite","Writhe","Regret","Capacitor","Hologram+1"],"max_hp_per_floor":[75,75,75,75,75,75,75,75,75,75,75,75,75,75,75,75,75,75,75,75,85,85,85,85],"relics":["Cracked Core","Molten Egg 2","Toolbox","Golden Idol","Vajra","Calling Bell","Happy Flower","Shuriken","Calipers","Pear"],"card_choices":[{"not_picked":["Static Discharge","Storm"],"picked":"Conserve Battery","floor":1},{"not_picked":["Stack","Reprogram"],"picked":"Sweeping Beam","floor":2},{"not_picked":["Self Repair","Steam Power"],"picked":"Defragment","floor":7},{"not_picked":["Redo","Stack"],"picked":"Darkness","floor":11},{"not_picked":["Go for the Eyes+1","Self Repair"],"picked":"Ball Lightning+1","floor":14},{"not_picked":["Echo Form","All For One+1"],"picked":"Multi-Cast","floor":16},{"not_picked":["Chill","White Noise"],"picked":"Capacitor","floor":18},{"not_picked":["White Noise+1","Coolheaded"],"picked":"Hologram+1","floor":22}],"player_experience":231147,"potions_floor_usage":[16],"damage_taken":[{"damage":0,"enemies":"Small Slimes","floor":1,"turns":3},{"damage":0,"enemies":"Cultist","floor":2,"turns":3},{"damage":22,"enemies":"3 Sentries","floor":7,"turns":6},{"damage":0,"enemies":"Jaw Worm","floor":11,"turns":3},{"damage":4,"enemies":"2 Fungi Beasts","floor":14,"turns":2},{"damage":0,"enemies":"Slime Boss","floor":16,"turns":7},{"damage":38,"enemies":"3 Byrds","floor":18,"turns":5},{"damage":2,"enemies":"Chosen","floor":22,"turns":5},{"damage":56,"enemies":"Book of Stabbing","floor":24,"turns":4}],"relics_obtained":[{"floor":7,"key":"Molten Egg 2"},{"floor":9,"key":"Toolbox"},{"floor":17,"key":"Happy Flower"},{"floor":17,"key":"Shuriken"},{"floor":17,"key":"Calipers"},{"floor":21,"key":"Pear"}],"event_choices":[{"event_name":"Wheel of Change","player_choice":"Curse","floor":3,"damage_taken":0},{"event_name":"The Woman in Blue","player_choice":"Bought 0 Potions","floor":4,"damage_taken":0},{"event_name":"Golden Wing","player_choice":"Card Removal","floor":5,"damage_taken":0},{"event_name":"Golden Idol","player_choice":"Take Wound","floor":10,"damage_taken":0},{"event_name":"Scrap Ooze","player_choice":"success","floor":12,"damage_taken":12},{"event_name":"Cursed Tome","player_choice":"Ignored","floor":19,"damage_taken":0}],"boss_relics":[{"not_picked":["Black Star","Nuclear Battery"],"picked":"Calling Bell"}],"items_purged_floors":[13],"potions_floor_spawned":[2,7,22],"seed_played":"8097186583888688334","killed_by":"Book of Stabbing","ascension_level":1,"potions_obtained":[{"floor":2,"key":"Energy Potion"},{"floor":7,"key":"FocusPotion"},{"floor":22,"key":"SpeedPotion"}],"is_trial":false}