{"gold_per_floor":[117,130,140,140,153,153,186,186,186,212,212,37,37,57,57,129,129,144,154,154],"floor_reached":20,"playtime":889,"items_purged":["Strike_R"],"score":364,"play_id":"b9ba0c5b-3b4f-4047-94bc-8b45db9e95ae","local_time":"20181222174741","is_ascension_mode":true,"campfire_choices":[{"data":"Bash","floor":6,"key":"SMITH"},{"floor":8,"key":"REST"},{"data":"Juggernaut","floor":11,"key":"SMITH"},{"data":"Spot Weakness","floor":13,"key":"SMITH"},{"data":"Metallicize","floor":15,"key":"SMITH"}],"neow_cost":"NONE","seed_source_timestamp":18221612678478,"circlet_count":0,"master_deck":["AscendersBane","Strike_R","Strike_R","Strike_R","Strike_R","Defend_R+1","Defend_R","Defend_R","Defend_R","Bash+1","True Grit+1","Feel No Pain","Wild Strike","Warcry","Juggernaut+1","Spot Weakness+1","Metallicize+1","Sentinel","Fiend Fire","Disarm","Shrug It Off"],"relics":["Burning Blood","Smiling Mask","Bird Faced Urn","Prayer Wheel","Mango","Odd Mushroom","Velvet Choker"],"potions_floor_usage":[7,7,16,16,20],"damage_taken":[{"damage":14,"enemies":"Small Slimes","floor":1,"turns":4},{"damage":0,"enemies":"2 Louse","floor":2,"turns":3},{"damage":6,"enemies":"Jaw Worm","floor":3,"turns":6},{"damage":6,"enemies":"2 Fungi Beasts","floor":5,"turns":4},{"damage":18,"enemies":"Gremlin Nob","floor":7,"turns":4},{"damage":22,"enemies":"3 Sentries","floor":10,"turns":7},{"damage":20,"enemies":"The Mushroom Lair","floor":14,"turns":5},{"damage":34,"enemies":"The Guardian","floor":16,"turns":11},{"damage":39,"enemies":"3 Byrds","floor":18,"turns":6},{"damage":7,"enemies":"Spheric Guardian","floor":19,"turns":5},{"damage":60,"enemies":"3 Cultists","floor":20,"turns":4}],"seed_played":"5821713901344070458","potions_obtained":[{"floor":1,"key":"Fire Potion"},{"floor":2,"key":"SteroidPotion"},{"floor":7,"key":"SpeedPotion"},{"floor":19,"key":"EssenceOfSteel"}],"is_trial":false,"path_per_floor":["M","M","M","?","M","R","E","R","T","E","R","$","R","?","R","B",null,"M","M","M"],"character_chosen":"IRONCLAD","items_purchased":["Metallicize","Ancient Potion"],"campfire_rested":1,"item_purchase_floors":[12,12],"current_hp_per_floor":[60,66,66,43,43,43,31,53,53,55,55,55,55,45,45,23,73,46,49,0],"gold":154,"neow_bonus":"RANDOM_COMMON_RELIC","is_prod":false,"is_daily":false,"chose_seed":false,"campfire_upgraded":4,"win_rate":0,"timestamp":1545497261,"path_taken":["M","M","M","?","M","R","E","R","T","E","R","$","R","?","R","BOSS","M","M","M"],"build_version":"2018-12-20","purchased_purges":1,"victory":false,"max_hp_per_floor":[75,75,75,75,75,75,75,75,75,89,89,89,89,89,89,89,89,89,89,89],"card_choices":[{"not_picked":["Pummel","Hemokinesis"],"picked":"True Grit","floor":1},{"not_picked":["Evolve","Rage"],"picked":"Feel No Pain","floor":2},{"not_picked":["Perfected Strike","Shrug It Off"],"picked":"Wild Strike","floor":3},{"not_picked":["Body Slam","Anger"],"picked":"Warcry","floor":5},{"not_picked":["Cleave","Iron Wave"],"picked":"Juggernaut","floor":7},{"not_picked":["Rupture","Twin Strike"],"picked":"Spot Weakness","floor":10},{"not_picked":["Searing Blow","Entrench"],"picked":"Sentinel","floor":14},{"not_picked":["Dark Embrace","Double Tap"],"picked":"Fiend Fire","floor":16},{"not_picked":["Sentinel","Blood for Blood"],"picked":"Disarm","floor":18},{"not_picked":["Havoc","Clash+1","Intimidate"],"picked":"SKIP","floor":18},{"not_picked":["Clothesline","Pommel Strike"],"picked":"Shrug It Off","floor":19},{"not_picked":["Intimidate","Thunderclap","Clash"],"picked":"SKIP","floor":19}],"player_experience":857201,"relics_obtained":[{"floor":7,"key":"Bird Faced Urn"},{"floor":9,"key":"Prayer Wheel"},{"floor":10,"key":"Mango"},{"floor":14,"key":"Odd Mushroom"}],"event_choices":[{"damage_healed":0,"gold_gain":0,"player_choice":"Entered Light","damage_taken":23,"max_hp_gain":0,"max_hp_loss":0,"event_name":"Shining Light","floor":4,"gold_loss":0,"cards_upgraded":["Defend_R","True Grit"]},{"damage_healed":0,"gold_gain":0,"player_choice":"Fought Mushrooms","damage_taken":0,"max_hp_gain":0,"max_hp_loss":0,"event_name":"Mushrooms","floor":14,"gold_loss":0}],"is_beta":true,"boss_relics":[{"not_picked":["Black Star","Pandora\u0027s Box"],"picked":"Velvet Choker"}],"items_purged_floors":[12],"is_endless":false,"potions_floor_spawned":[1,2,7,14,19],"killed_by":"3 Cultists","ascension_level":20}