{"path_per_floor":["M","M","?","?","?","R","$","M","T","M","?","?","M","M","R"],"character_chosen":"DEFECT","items_purchased":[],"gold_per_floor":[117,130,80,80,80,80,5,23,23,44,44,44,63,86,86,86],"floor_reached":16,"campfire_rested":0,"playtime":459,"item_purchase_floors":[],"current_hp_per_floor":[75,75,75,57,57,57,57,57,57,54,54,54,54,54,54,0],"items_purged":["Defend_B"],"gold":86,"score":97,"play_id":"6d35de0d-3c8c-4d59-807b-0fe731add8e4","local_time":"20180621161051","is_prod":false,"is_daily":false,"chose_seed":false,"is_ascension_mode":true,"campfire_upgraded":2,"win_rate":0.0,"timestamp":1529611851,"campfire_choices":[{"data":"Zap","floor":6,"key":"SMITH"},{"data":"Go for the Eyes","floor":15,"key":"SMITH"}],"path_taken":["M","M","?","?","?","R","$","M","T","M","?","?","M","M","R","BOSS"],"build_version":"2018-06-14v2","seed_source_timestamp":152249148692152,"purchased_purges":1,"victory":false,"master_deck":["Strike_B","Strike_B","Defend_B","Defend_B","Defend_B+1","Zap+1","Dualcast+1","Leap+1","Go for the Eyes+1"],"max_hp_per_floor":[75,75,75,75,75,75,75,75,75,75,75,75,75,75,75,75],"relics":["Cracked Core","Potion Belt","Golden Idol","Toxic Egg 2"],"card_choices":[{"not_picked":["Consume","Double Energy","Steam"],"picked":"SKIP","floor":1},{"not_picked":["Gash","Barrage","Turbo"],"picked":"SKIP","floor":2},{"not_picked":["Rebound","Steam","Meteor Strike"],"picked":"SKIP","floor":8},{"not_picked":["Coolheaded+1","Rebound"],"picked":"Leap+1","floor":10},{"not_picked":["Reprogram+1","Streamline"],"picked":"Go for the Eyes","floor":13},{"not_picked":["Storm","Undo+1","Coolheaded+1"],"picked":"SKIP","floor":14}],"player_experience":246784,"potions_floor_usage":[],"damage_taken":[{"damage":0,"enemies":"Cultist","floor":1,"turns":4},{"damage":0,"enemies":"Small Slimes","floor":2,"turns":2},{"damage":0,"enemies":"2 Louse","floor":8,"turns":2},{"damage":3,"enemies":"Red Slaver","floor":10,"turns":3},{"damage":0,"enemies":"3 Louse","floor":13,"turns":4},{"damage":0,"enemies":"Looter","floor":14,"turns":3},{"damage":56,"enemies":"Hexaghost","floor":16,"turns":15}],"relics_obtained":[{"floor":9,"key":"Toxic Egg 2"}],"event_choices":[{"event_name":"The Cleric","player_choice":"Card Removal","floor":3,"damage_taken":0},{"event_name":"Golden Idol","player_choice":"Take Damage","floor":4,"damage_taken":0},{"event_name":"Upgrade Shrine","player_choice":"Upgraded","floor":5,"damage_taken":0},{"event_name":"Accursed Blacksmith","player_choice":"Forge","floor":11,"damage_taken":0},{"event_name":"Living Wall","player_choice":"Forget","floor":12,"damage_taken":0}],"boss_relics":[],"items_purged_floors":[7],"is_endless":false,"potions_floor_spawned":[1,10,13],"seed_played":"4274304673862624692","killed_by":"Hexaghost","ascension_level":1,"potions_obtained":[{"floor":1,"key":"SteroidPotion"},{"floor":10,"key":"Regen Potion"},{"floor":13,"key":"SteroidPotion"}],"is_trial":false}