{"path_per_floor":["M","?","?","M","M","R","?","M","T","R","M","R","?","$","R","B",null,"M","?","?","M"],"character_chosen":"THE_SILENT","items_purchased":["Backstab"],"gold_per_floor":[117,117,117,136,155,155,155,174,174,174,185,185,215,64,64,159,159,177,177,177,162],"floor_reached":22,"campfire_rested":1,"playtime":1067,"current_hp_per_floor":[70,70,63,61,58,74,74,76,76,76,73,73,73,73,73,35,84,48,32,16,15],"items_purged":["Regret"],"gold":162,"score":199,"play_id":"e83a7f32-e86f-4432-84aa-d392034b7551","local_time":"20180306044309","is_prod":false,"is_daily":false,"is_ascension_mode":false,"campfire_upgraded":3,"timestamp":1520323989,"path_taken":["M","?","?","M","M","R","?","M","T","R","M","R","?","$","R","BOSS","M","?","?","M","M"],"build_version":"2018-03-01-PROD1","purchased_purges":1,"victory":false,"master_deck":["Defend_G","Defend_G","Defend_G+1","Defend_G+1","Defend_G","Strike_G","Strike_G","Strike_G","Strike_G","Strike_G","Survivor+1","Neutralize+1","Backstab+1","Phantasmal Killer","Well Laid Plans","Deadly Poison","PiercingWail","Dagger Spray+1"],"max_hp_per_floor":[70,70,70,72,74,74,74,76,76,76,78,78,78,78,78,78,84,84,89,89,89],"relics":["Velvet Choker","Pen Nib","Singing Bowl","Dead Branch","War Paint","Orrery","Enchiridion"],"card_choices":[{"not_picked":["Burst","Bullet Time"],"picked":"Phantasmal Killer"},{"not_picked":["Bouncing Flask","After Image"],"picked":"Well Laid Plans"},{"not_picked":["Choke","Quick Slash"],"picked":"Deadly Poison"},{"not_picked":["Underhanded Strike","Backflip"],"picked":"PiercingWail"},{"not_picked":["Reflex","Underhanded Strike"],"picked":"Dagger Spray"}],"player_experience":121890,"potions_floor_usage":[8,11,16,16,16],"damage_taken":[{"damage":0,"enemies":"2 Louse","floor":1,"turns":3},{"damage":4,"enemies":"Jaw Worm","floor":4,"turns":6},{"damage":5,"enemies":"Cultist","floor":5,"turns":4},{"damage":0,"enemies":"Looter","floor":8,"turns":4},{"damage":5,"enemies":"Gremlin Gang","floor":11,"turns":7},{"damage":53,"enemies":"Slime Boss","floor":16,"turns":15},{"damage":36,"enemies":"Spheric Guardian","floor":18,"turns":6},{"damage":1,"enemies":"2 Thieves","floor":21,"turns":4},{"damage":16,"enemies":"Snake Plant","floor":22,"turns":3}],"event_choices":[{"event_name":"Big Fish","player_choice":"Box","floor":2,"damage_taken":0},{"event_name":"Scrap Ooze","player_choice":"success","floor":3,"damage_taken":7},{"event_name":"The Lab","player_choice":"Got Potions","floor":7,"damage_taken":0},{"event_name":"Dead Adventurer","player_choice":"Searched \u00273\u0027 times","floor":13,"damage_taken":0},{"event_name":"Forgotten Altar","player_choice":"Shed Blood","floor":19,"damage_taken":0},{"event_name":"Cursed Tome","player_choice":"Obtained Book","floor":20,"damage_taken":0}],"boss_relics":[{"not_picked":["Sozu","Black Star"],"picked":"Orrery"}],"potions_floor_spawned":[8,11,18],"seed_played":"578618547880547261","killed_by":"Snake Plant","ascension_level":0,"is_trial":false}