{"gold_per_floor":[113,133,133,63,82,82,113,126,126,25,36,70,70,70,70,171,171,189,206,224,13,13,13],"floor_reached":23,"playtime":1687,"items_purged":["Pain"],"score":221,"play_id":"6a56fb46-2aa8-45bf-9879-ea9e71c71ef5","local_time":"20181223043942","is_ascension_mode":true,"campfire_choices":[{"floor":6,"key":"REST"},{"floor":13,"key":"REST"},{"floor":15,"key":"REST"}],"neow_cost":"CURSE","seed_source_timestamp":202850460082782,"circlet_count":0,"master_deck":["Strike_B","Strike_B","Strike_B","Strike_B","Defend_B","Defend_B","Defend_B+1","Defend_B","Zap","Dualcast+1","Turbo","Chaos+1","Static Discharge","Rip and Tear","Conserve Battery","Leap","Leap","Seek","Static Discharge","Steam+1","Self Repair"],"relics":["FrozenCore","War Paint","Smiling Mask","The Courier","Toy Ornithopter"],"potions_floor_usage":[7,12,16,19,23],"damage_taken":[{"damage":4,"enemies":"Cultist","floor":1,"turns":3},{"damage":14,"enemies":"Jaw Worm","floor":2,"turns":4},{"damage":12,"enemies":"2 Louse","floor":5,"turns":3},{"damage":22,"enemies":"Lagavulin","floor":7,"turns":6},{"damage":13,"enemies":"2 Fungi Beasts","floor":8,"turns":2},{"damage":10,"enemies":"Exordium Wildlife","floor":11,"turns":4},{"damage":21,"enemies":"3 Sentries","floor":12,"turns":6},{"damage":41,"enemies":"Hexaghost","floor":16,"turns":11},{"damage":29,"enemies":"3 Byrds","floor":18,"turns":5},{"damage":5,"enemies":"Shell Parasite","floor":19,"turns":7},{"damage":25,"enemies":"Snake Plant","floor":20,"turns":4},{"damage":64,"enemies":"Gremlin Leader","floor":23,"turns":7}],"seed_played":"1524104122256326308","potions_obtained":[{"floor":1,"key":"Ancient Potion"},{"floor":5,"key":"GamblersBrew"},{"floor":7,"key":"Poison Potion"},{"floor":16,"key":"Poison Potion"},{"floor":18,"key":"Block Potion"}],"is_trial":false,"path_per_floor":["M","M","?","$","M","R","E","M","T","$","M","E","R","$","R","B",null,"M","M","M","$","?","E"],"character_chosen":"DEFECT","items_purchased":["Chaos","Leap","Self Repair","Toy Ornithopter"],"campfire_rested":3,"item_purchase_floors":[4,10,21,21],"current_hp_per_floor":[85,71,71,71,59,85,63,50,50,50,40,19,45,45,71,30,89,60,55,30,30,59,0],"gold":13,"neow_bonus":"TWENTY_PERCENT_HP_BONUS","is_prod":false,"is_daily":false,"chose_seed":false,"campfire_upgraded":0,"win_rate":0,"timestamp":1545552582,"path_taken":["M","?","?","$","M","R","E","M","T","$","?","E","R","?","R","BOSS","M","M","M","$","?","E"],"build_version":"2018-12-20","purchased_purges":1,"victory":false,"max_hp_per_floor":[89,89,89,89,89,89,89,89,89,89,89,89,89,89,89,89,89,89,89,89,89,89,89],"card_choices":[{"not_picked":["Conserve Battery","Barrage"],"picked":"Turbo","floor":1},{"not_picked":["Stack","Redo","Rebound"],"picked":"SKIP","floor":2},{"not_picked":["Beam Cell","Skim"],"picked":"Static Discharge","floor":5},{"not_picked":["Glacier","Reprogram"],"picked":"Rip and Tear","floor":7},{"not_picked":["Compile Driver","Doom and Gloom"],"picked":"Conserve Battery","floor":8},{"not_picked":["Biased Cognition","Coolheaded","Redo"],"picked":"SKIP","floor":11},{"not_picked":["Compile Driver","Go for the Eyes"],"picked":"Leap","floor":12},{"not_picked":["Buffer","Biased Cognition"],"picked":"Seek","floor":16},{"not_picked":["Go for the Eyes","Barrage","Coolheaded"],"picked":"SKIP","floor":18},{"not_picked":["Leap","Go for the Eyes"],"picked":"Static Discharge","floor":19},{"not_picked":["Hologram+1","Beam Cell"],"picked":"Steam+1","floor":20}],"player_experience":530224,"relics_obtained":[{"floor":7,"key":"War Paint"},{"floor":9,"key":"Smiling Mask"},{"floor":12,"key":"The Courier"}],"event_choices":[{"damage_healed":0,"gold_gain":0,"player_choice":"Upgraded","damage_taken":0,"max_hp_gain":0,"max_hp_loss":0,"event_name":"Upgrade Shrine","floor":3,"gold_loss":0,"cards_upgraded":["Dualcast"]},{"damage_healed":29,"gold_gain":0,"player_choice":"Heal","damage_taken":0,"max_hp_gain":0,"max_hp_loss":0,"event_name":"The Library","floor":22,"gold_loss":0}],"is_beta":true,"boss_relics":[{"not_picked":["Black Star","Coffee Dripper"],"picked":"FrozenCore"}],"items_purged_floors":[10],"is_endless":false,"potions_floor_spawned":[1,5,7,16,18],"killed_by":"Gremlin Leader","ascension_level":2}