{"gold_per_floor":[115,128,140,150,150,180,180,197,223,173,19,30,42,74,74,174,174,188,188,188,88,106,106,72,101,101,101],"floor_reached":27,"playtime":1030,"items_purged":["Defend_B","Blizzard+1"],"score":267,"play_id":"f2fb970f-b396-4493-81a0-d0677962388c","local_time":"20180807195242","is_ascension_mode":true,"campfire_choices":[{"floor":15,"key":"REST"},{"data":"Sunder","floor":23,"key":"SMITH"}],"neow_cost":"NONE","seed_source_timestamp":5281572368163,"circlet_count":0,"master_deck":["Strike_B","Defend_B+1","Defend_B+1","Zap+1","Dualcast+1","Beam Cell","Ball Lightning","Melter+1","Ball Lightning+1","Sunder+1","Tempest","Seek","Doom and Gloom+1","Streamline+1","Darkness","Double Energy"],"relics":["Cracked Core","Singing Bowl","Ancient Tea Set","War Paint","Dream Catcher","Astrolabe","Whetstone","StoneCalendar","Cables"],"potions_floor_usage":[6,13,16,18],"damage_taken":[{"damage":0,"enemies":"Small Slimes","floor":1,"turns":3},{"damage":2,"enemies":"2 Louse","floor":2,"turns":2},{"damage":1,"enemies":"Cultist","floor":3,"turns":3},{"damage":6,"enemies":"2 Fungi Beasts","floor":4,"turns":3},{"damage":15,"enemies":"Gremlin Nob","floor":6,"turns":4},{"damage":0,"enemies":"Exordium Wildlife","floor":8,"turns":2},{"damage":0,"enemies":"3 Louse","floor":12,"turns":3},{"damage":11,"enemies":"Exordium Thugs","floor":13,"turns":3},{"damage":28,"enemies":"Lagavulin","floor":14,"turns":4},{"damage":35,"enemies":"Slime Boss","floor":16,"turns":9},{"damage":33,"enemies":"2 Thieves","floor":18,"turns":2},{"damage":0,"enemies":"Spheric Guardian","floor":22,"turns":1},{"damage":27,"enemies":"Slavers","floor":25,"turns":3},{"damage":35,"enemies":"Book of Stabbing","floor":27,"turns":3}],"seed_played":"-3115120795839899282","potions_obtained":[{"floor":1,"key":"Weak Potion"},{"floor":4,"key":"GamblersBrew"},{"floor":6,"key":"LiquidBronze"},{"floor":8,"key":"Explosive Potion"}],"is_trial":false,"path_per_floor":["M","M","M","M","?","E","?","M","T","?","$","M","M","E","R","B",null,"M","?","T","$","M","R","$","E","T"],"character_chosen":"DEFECT","items_purchased":["Melter","Double Energy"],"campfire_rested":1,"item_purchase_floors":[11,24],"current_hp_per_floor":[75,73,72,66,66,53,50,52,52,52,52,52,41,15,39,4,81,48,48,48,48,50,50,50,25,25,0],"gold":101,"neow_bonus":"UPGRADE_CARD","is_prod":false,"is_daily":false,"chose_seed":false,"campfire_upgraded":1,"win_rate":0,"timestamp":1533685962,"path_taken":["M","M","M","M","?","E","?","?","T","?","$","M","M","E","R","BOSS","M","?","?","$","M","R","$","E","T","E"],"build_version":"2018-08-02","purchased_purges":2,"victory":false,"max_hp_per_floor":[75,75,75,75,75,77,77,79,79,79,79,79,79,81,81,81,81,81,81,81,81,83,83,83,85,85,85],"card_choices":[{"not_picked":["Scrape","Aggregate","Chill"],"picked":"SKIP","floor":1},{"not_picked":["Hologram","Turbo","Scrape"],"picked":"SKIP","floor":2},{"not_picked":["Hologram","Aggregate"],"picked":"Beam Cell","floor":3},{"not_picked":["Chill","Lockon"],"picked":"Ball Lightning","floor":4},{"not_picked":["Turbo","Steam","Chill"],"picked":"Singing Bowl","floor":6},{"not_picked":["Rebound","Cold Snap","Compile Driver"],"picked":"Singing Bowl","floor":8},{"not_picked":["Go for the Eyes","Stack"],"picked":"Ball Lightning","floor":12},{"not_picked":["Gash","Barrage"],"picked":"Sunder","floor":13},{"not_picked":["Steam","Melter","Skim"],"picked":"Singing Bowl","floor":14},{"not_picked":["Lockon","Rebound"],"picked":"Tempest","floor":15},{"not_picked":["Meteor Strike","All For One"],"picked":"Seek","floor":16},{"not_picked":["BootSequence","Gash+1"],"picked":"Darkness","floor":18},{"not_picked":["Static Discharge","Compile Driver","Reprogram"],"picked":"Singing Bowl","floor":22},{"not_picked":["Turbo","Streamline","Reinforced Body"],"picked":"Singing Bowl","floor":25}],"player_experience":267899,"relics_obtained":[{"floor":6,"key":"Singing Bowl"},{"floor":9,"key":"War Paint"},{"floor":14,"key":"Dream Catcher"},{"floor":20,"key":"Whetstone"},{"floor":25,"key":"StoneCalendar"},{"floor":26,"key":"Cables"}],"event_choices":[{"event_name":"Living Wall","player_choice":"Grow","floor":5,"damage_taken":0},{"event_name":"Scrap Ooze","player_choice":"success","floor":7,"damage_taken":3},{"event_name":"The Cleric","player_choice":"Card Removal","floor":10,"damage_taken":0},{"event_name":"Drug Dealer","player_choice":"Ignored","floor":19,"damage_taken":0}],"is_beta":false,"boss_relics":[{"not_picked":["Eternal Feather","Tiny House"],"picked":"Astrolabe"}],"items_purged_floors":[11,21],"is_endless":false,"potions_floor_spawned":[1,4,6,8,12],"killed_by":"Book of Stabbing","ascension_level":2}