{"path_per_floor":["M","?","M","$","M","R","M","R","T","E","R","M","M","?","R","B",null,"M","$","M","M","M","R","?","M","T","M","?","M","?","M","R","B",null,"M","?","$","M","M","R","?"],"character_chosen":"IRONCLAD","items_purchased":["Infernal Blade","Blood for Blood","Membership Card","Anger","Cleave","Transmutation","Prayer Wheel"],"gold_per_floor":[116,116,135,19,39,39,49,49,72,105,105,118,137,212,212,313,313,324,98,113,124,144,144,144,158,213,231,231,245,245,265,265,361,361,375,375,23,38,49,49,49],"floor_reached":42,"campfire_rested":3,"playtime":4832,"current_hp_per_floor":[80,80,80,80,80,80,80,80,80,66,66,72,78,67,80,33,80,80,80,80,77,53,77,77,65,65,54,54,56,56,54,54,38,66,64,64,64,56,42,61,61],"items_purged":["Normality"],"gold":49,"play_id":"8a76b068-fbc2-44bf-8a80-37b75e8bf974","is_prod":false,"is_daily":false,"is_ascension_mode":false,"campfire_upgraded":4,"path_taken":["M","?","M","$","M","R","M","R","T","E","R","M","M","?","R","BOSS","M","$","M","M","M","R","?","M","T","?","?","?","?","M","R","BOSS","M","?","$","M","M","R","?","M"],"build_version":"2018-02-01-PROD3","purchased_purges":1,"victory":false,"master_deck":["Defend_R+1","Defend_R+1","Defend_R+1","Defend_R+1","Bash","Cleave","Burning Pact","Infernal Blade+1","Infernal Blade+1","Blood for Blood","Pommel Strike","Thunderclap+1","Impervious","Flex+1","Whirlwind","Reaper","Armaments+1","Anger","Anger","Shrug It Off","Uppercut","Writhe","Heavy Blade","Decay","Combust","Bite","Bite","Bite","Bite","Bite","Spot Weakness+1","Whirlwind+1","Berserk","Clumsy","Parasite","Regret","Rage+1","Cleave","Transmutation","Flex","Second Wind+1","Cleave+1","Reaper"],"max_hp_per_floor":[80,80,80,80,80,80,80,80,80,80,80,80,80,80,80,80,80,80,80,80,80,80,80,80,80,80,80,56,56,56,56,56,56,66,66,66,66,66,66,66,66],"relics":["Burning Blood","Lantern","Gambling Chip","Cursed Key","Membership Card","Torii","Dream Catcher","Calling Bell","Happy Flower","Bag of Preparation","Pear","War Paint","Prayer Wheel"],"card_choices":[{"not_picked":["Heavy Blade","Body Slam"],"picked":"Cleave"},{"not_picked":["Cleave","Headbutt"],"picked":"Infernal Blade"},{"not_picked":["Searing Blow","Wild Strike"],"picked":"Pommel Strike"},{"not_picked":["Headbutt","Seeing Red"],"picked":"Thunderclap"},{"not_picked":["Sever Soul","Bludgeon"],"picked":"Impervious"},{"not_picked":["Rampage","Evolve"],"picked":"Flex"},{"not_picked":["Thunderclap","Clothesline"],"picked":"Whirlwind"},{"not_picked":["Impervious","Fiend Fire"],"picked":"Reaper"},{"not_picked":["Clash","Power Through"],"picked":"Armaments"},{"not_picked":["Corruption","Cleave"],"picked":"Anger"},{"not_picked":["Second Wind","Clash"],"picked":"Shrug It Off"},{"not_picked":["Thunderclap","Metallicize"],"picked":"Uppercut"},{"not_picked":["Bloodletting","Pummel"],"picked":"Heavy Blade"},{"not_picked":["Sever Soul","Clash"],"picked":"Combust"},{"not_picked":["Rupture","Wild Strike"],"picked":"Spot Weakness"},{"not_picked":["Body Slam","Dual Wield"],"picked":"Whirlwind"},{"not_picked":["Fiend Fire","Dark Embrace"],"picked":"Berserk"},{"not_picked":["True Grit","Blood for Blood"],"picked":"Rage"},{"not_picked":["Feel No Pain","Sever Soul"],"picked":"Flex"},{"not_picked":["Seeing Red","Whirlwind"],"picked":"Second Wind"},{"not_picked":["Sword Boomerang","Spot Weakness"],"picked":"Cleave"}],"player_experience":25451,"potions_floor_usage":[5,13,16,21,22,33,38,42,42],"damage_taken":[{"damage":5,"enemies":"2 Louse","floor":1,"turns":3},{"damage":6,"enemies":"Cultist","floor":3,"turns":3},{"damage":0,"enemies":"Small Slimes","floor":5,"turns":3},{"damage":0,"enemies":"3 Louse","floor":7,"turns":1},{"damage":20,"enemies":"3 Sentries","floor":10,"turns":5},{"damage":0,"enemies":"Exordium Wildlife","floor":12,"turns":3},{"damage":0,"enemies":"Large Slime","floor":13,"turns":2},{"damage":53,"enemies":"The Guardian","floor":16,"turns":9},{"damage":10,"enemies":"Spheric Guardian","floor":18,"turns":4},{"damage":3,"enemies":"Chosen","floor":20,"turns":5},{"damage":13,"enemies":"Centurion and Healer","floor":21,"turns":7},{"damage":33,"enemies":"Snake Plant","floor":22,"turns":6},{"damage":21,"enemies":"Chosen and Byrds","floor":25,"turns":7},{"damage":23,"enemies":"Centurion and Healer","floor":27,"turns":11},{"damage":2,"enemies":"3 Cultists","floor":29,"turns":3},{"damage":12,"enemies":"Snecko","floor":31,"turns":5},{"damage":52,"enemies":"Champ","floor":33,"turns":12},{"damage":11,"enemies":"3 Shapes","floor":35,"turns":4},{"damage":19,"enemies":"3 Darklings","floor":38,"turns":4},{"damage":20,"enemies":"4 Shapes","floor":39,"turns":1},{"damage":73,"enemies":"Maw","floor":42,"turns":8}],"event_choices":[{"event_name":"Living Wall","player_choice":"Change","floor":2,"damage_taken":0},{"event_name":"World of Goop","player_choice":"Gather Gold","floor":14,"damage_taken":0},{"event_name":"The Mausoleum","player_choice":"Yes","floor":24,"damage_taken":0},{"event_name":"Vampires","player_choice":"Became a vampire","floor":28,"damage_taken":0},{"event_name":"Back to Basics","player_choice":"Simplicity","floor":30,"damage_taken":0},{"event_name":"Accursed Blacksmith","player_choice":"Rummage","floor":36,"damage_taken":0},{"event_name":"Duplicator","player_choice":"One dupe","floor":41,"damage_taken":0}],"boss_relics":[{"not_picked":["Ectoplasm","Philosopher\u0027s Stone"],"picked":"Cursed Key"},{"not_picked":["Lizard Tail","Snecko Eye"],"picked":"Calling Bell"}],"potions_floor_spawned":[3,7,12,20,21,31,33,35,39],"seed_played":"4258393965284888080","killed_by":"Maw","ascension_level":0,"is_trial":false}