{"path_per_floor":["M","$","?","?","?","E","T","M","T","R","E","R","M","$","R","B",null,"M","?","M","T","M","R","?","$","T","E","?","R","$","?","R","B",null,"M","?","?","?","M","R","E"],"character_chosen":"IRONCLAD","items_purchased":["Flex","Demon Form","Hemokinesis","Sadistic Nature","Seeing Red"],"gold_per_floor":[111,60,60,60,60,87,159,171,171,171,206,206,216,32,32,128,128,144,144,154,201,215,215,215,2,2,31,31,31,31,31,31,134,134,144,144,0,0,19,19,47],"floor_reached":42,"campfire_rested":4,"playtime":2361,"current_hp_per_floor":[80,80,64,69,69,50,50,54,54,54,58,85,83,83,83,68,85,45,45,36,36,29,69,69,69,69,28,28,68,68,68,68,16,85,85,85,85,85,39,79,8],"items_purged":[],"gold":47,"play_id":"a0955a44-733d-40ae-8c80-d088ef287cb2","is_prod":false,"is_daily":false,"is_ascension_mode":false,"campfire_upgraded":3,"path_taken":["M","$","?","?","?","E","?","M","T","R","E","R","M","?","R","BOSS","M","?","M","?","M","R","?","$","T","E","?","R","?","?","R","BOSS","M","?","?","?","M","R","E","M"],"build_version":"2018-02-01-PROD3","purchased_purges":0,"victory":false,"master_deck":["Strike_R+1","Strike_R+1","Strike_R+1","Strike_R+1","Strike_R+1","Defend_R+1","Defend_R+1","Defend_R+1","Defend_R+1","Bash","Perfected Strike+1","Flex+1","Shockwave","Armaments+1","Cleave+1","Perfected Strike+1","Demon Form+1","Hemokinesis+1","Bludgeon+1","Heavy Blade+1","Thunderclap+1","Heavy Blade+1","Wild Strike+1","Sadistic Nature+1","Seeing Red","Body Slam+1","Demon Form+1","Infernal Blade+1","True Grit","Panacea","Perfected Strike+1","Heavy Blade+1"],"max_hp_per_floor":[80,80,80,85,85,85,85,85,85,85,85,85,85,85,85,85,85,85,85,85,85,85,85,85,85,85,85,85,85,85,85,85,85,85,85,85,85,85,85,85,85],"relics":["Burning Blood","Pen Nib","Regal Pillow","Frozen Egg 2","Bag of Preparation","Molten Egg 2","Black Star","Juzu Bracelet","Thread and Needle","Dodecahedron","Matryoshka","Runic Pyramid","Red Mask","Mummified Hand","Shuriken"],"card_choices":[{"not_picked":["Iron Wave","Inflame"],"picked":"Perfected Strike"},{"not_picked":["True Grit","Hemokinesis"],"picked":"Shockwave"},{"not_picked":["Headbutt","Iron Wave"],"picked":"Armaments"},{"not_picked":["Clothesline","Uppercut"],"picked":"Cleave"},{"not_picked":["Dual Wield","Pommel Strike"],"picked":"Perfected Strike"},{"not_picked":["Fiend Fire","Demon Form"],"picked":"Bludgeon"},{"not_picked":["Searing Blow","Warcry"],"picked":"Heavy Blade"},{"not_picked":["Body Slam","Wild Strike"],"picked":"Thunderclap"},{"not_picked":["Body Slam","Shockwave"],"picked":"Heavy Blade"},{"not_picked":["Reckless Charge","Intimidate"],"picked":"Body Slam"},{"not_picked":["Bludgeon","Fiend Fire"],"picked":"Demon Form"},{"not_picked":["Blood for Blood","Warcry"],"picked":"Infernal Blade"},{"not_picked":["Thunderclap","Evolve"],"picked":"Perfected Strike"},{"not_picked":["Flex","Burning Pact"],"picked":"Heavy Blade"}],"player_experience":30283,"potions_floor_usage":[16,16,33,39,41,41,41,42],"damage_taken":[{"damage":0,"enemies":"2 Louse","floor":1,"turns":3},{"damage":25,"enemies":"3 Sentries","floor":6,"turns":7},{"damage":2,"enemies":"Small Slimes","floor":8,"turns":3},{"damage":2,"enemies":"Gremlin Nob","floor":11,"turns":3},{"damage":8,"enemies":"Jaw Worm","floor":13,"turns":3},{"damage":21,"enemies":"The Guardian","floor":16,"turns":6},{"damage":46,"enemies":"Spheric Guardian","floor":18,"turns":6},{"damage":15,"enemies":"Shell Parasite","floor":20,"turns":3},{"damage":13,"enemies":"3 Cultists","floor":22,"turns":4},{"damage":47,"enemies":"Book of Stabbing","floor":27,"turns":6},{"damage":58,"enemies":"Collector","floor":33,"turns":8},{"damage":0,"enemies":"Orb Walker","floor":35,"turns":2},{"damage":58,"enemies":"3 Shapes","floor":39,"turns":5},{"damage":77,"enemies":"2 Orb Walkers","floor":41,"turns":4},{"damage":9,"enemies":"Sphere and 2 Shapes","floor":42,"turns":3}],"event_choices":[{"event_name":"Shining Light","player_choice":"Entered Light","floor":3,"damage_taken":0},{"event_name":"Big Fish","player_choice":"Donut","floor":4,"damage_taken":0},{"event_name":"Purifier","player_choice":"Skipped","floor":5,"damage_taken":0},{"event_name":"Back to Basics","player_choice":"Simplicity","floor":19,"damage_taken":0},{"event_name":"The Library","player_choice":"Read","floor":24,"damage_taken":0},{"event_name":"Addict","player_choice":"Ignored","floor":28,"damage_taken":0},{"event_name":"Drug Dealer","player_choice":"Ignored","floor":31,"damage_taken":0},{"event_name":"The Lab","player_choice":"Got Potions","floor":36,"damage_taken":0},{"event_name":"Tomb of Lord Red Mask","player_choice":"Paid","floor":37,"damage_taken":0},{"event_name":"Match and Keep!","player_choice":"2 cards matched","floor":38,"damage_taken":0}],"boss_relics":[{"not_picked":["Tiny House","Sozu"],"picked":"Black Star"},{"not_picked":["Lizard Tail","Black Blood"],"picked":"Runic Pyramid"}],"potions_floor_spawned":[8,13,27,33,39,41],"seed_played":"-7531256999757184885","killed_by":"Sphere and 2 Shapes","ascension_level":0,"is_trial":false}