{"path_per_floor":["M","?","?","?","$","E","R","E","T","M","R","$","$","M","R","B",null,"M","?","$","?","M","R","?","R","T","R","?","M","$","?","R","B",null,"M","?","?","M","$","R"],"character_chosen":"IRONCLAD","items_purchased":["Inflame","Flame Barrier","Apotheosis","Burning Pact","Immolate"],"gold_per_floor":[119,119,84,259,109,165,165,198,198,208,208,208,137,153,153,254,254,273,473,191,191,203,203,203,203,203,203,203,219,219,219,219,317,317,335,335,335,350,105,105,105],"floor_reached":41,"campfire_rested":6,"playtime":1410,"current_hp_per_floor":[80,64,80,80,80,36,60,57,57,58,84,84,84,86,86,38,88,85,85,85,68,40,70,70,97,97,97,97,85,85,85,105,77,105,92,92,92,88,88,110,0],"items_purged":["Doubt","Normality"],"gold":105,"score":487,"play_id":"9d60aea5-e825-4cf7-b468-411839f46b69","local_time":"20180326011316","is_prod":false,"is_daily":false,"is_ascension_mode":true,"campfire_upgraded":2,"timestamp":1522035796,"path_taken":["M","?","?","?","$","E","R","E","T","M","R","?","$","M","R","BOSS","M","?","$","?","M","R","?","R","T","R","?","?","$","?","R","BOSS","M","?","?","M","$","R","E"],"build_version":"2018-03-22v2","purchased_purges":3,"victory":false,"master_deck":["Strike_R","Strike_R","Strike_R","Strike_R","Strike_R","Defend_R","Defend_R+1","Defend_R+1","Defend_R","Bash","Inflame","Demon Form","Seeing Red","Pommel Strike","Flame Barrier+1","Feed","Whirlwind","Heavy Blade","Whirlwind","Anger","Flame Barrier","Apotheosis+1","Burning Pact","Inflame","Infernal Blade","Exhume","Heavy Blade+1","Immolate","Anger+1"],"max_hp_per_floor":[80,80,80,80,80,80,80,80,80,82,84,84,84,86,86,86,88,88,88,88,93,95,97,97,97,97,97,97,103,103,103,105,105,105,105,105,105,110,110,110,110],"relics":["Burning Blood","Dream Catcher","Tiny Chest","Oddly Smooth Stone","Singing Bowl","Orrery","Champion Belt","Cursed Key","Anchor"],"card_choices":[{"not_picked":["Inflame","Thunderclap"],"picked":"Demon Form","floor":6},{"not_picked":["Headbutt","Clothesline"],"picked":"Seeing Red","floor":7},{"not_picked":["Headbutt","Combust"],"picked":"Pommel Strike","floor":8},{"not_picked":["Immolate","Berserk"],"picked":"Feed","floor":16},{"not_picked":["Corruption","Searing Blow"],"picked":"Whirlwind","floor":17},{"not_picked":["Spot Weakness","Warcry"],"picked":"Heavy Blade","floor":17},{"not_picked":["Cleave","Havoc"],"picked":"Whirlwind","floor":17},{"not_picked":["Fire Breathing","Whirlwind"],"picked":"Anger","floor":17},{"not_picked":["Cleave","Carnage"],"picked":"Flame Barrier","floor":18},{"not_picked":["Ghostly Armor","True Grit"],"picked":"Inflame","floor":25},{"not_picked":["Juggernaut","Demon Form"],"picked":"Exhume","floor":33},{"not_picked":["Rampage","Burning Pact"],"picked":"Heavy Blade","floor":35},{"not_picked":["Sword Boomerang","Carnage"],"picked":"Anger","floor":40}],"player_experience":242584,"potions_floor_usage":[6,8,16,29,29,29,33,35],"damage_taken":[{"damage":5,"enemies":"Small Slimes","floor":1,"turns":3},{"damage":50,"enemies":"Gremlin Nob","floor":6,"turns":6},{"damage":9,"enemies":"3 Sentries","floor":8,"turns":8},{"damage":7,"enemies":"2 Louse","floor":10,"turns":3},{"damage":3,"enemies":"Cultist","floor":14,"turns":4},{"damage":54,"enemies":"Slime Boss","floor":16,"turns":11},{"damage":9,"enemies":"3 Byrds","floor":18,"turns":4},{"damage":36,"enemies":"Spheric Guardian","floor":22,"turns":8},{"damage":24,"enemies":"Centurion and Healer","floor":29,"turns":7},{"damage":34,"enemies":"Champ","floor":33,"turns":13},{"damage":19,"enemies":"Orb Walker","floor":35,"turns":5},{"damage":15,"enemies":"3 Shapes","floor":38,"turns":6},{"damage":128,"enemies":"Giant Head","floor":41,"turns":8}],"event_choices":[{"event_name":"Shining Light","player_choice":"Entered Light","floor":2,"damage_taken":0},{"event_name":"The Cleric","player_choice":"Healed","floor":3,"damage_taken":0},{"event_name":"Liars Game","player_choice":"agreed","floor":4,"damage_taken":0},{"event_name":"The Joust","player_choice":"Bet on Owner","floor":19,"damage_taken":0},{"event_name":"Forgotten Altar","player_choice":"Shed Blood","floor":21,"damage_taken":0},{"event_name":"Vampires","player_choice":"Ignored","floor":24,"damage_taken":0},{"event_name":"The Lab","player_choice":"Got Potions","floor":28,"damage_taken":0},{"event_name":"The Library","player_choice":"Read","floor":31,"damage_taken":0},{"event_name":"Accursed Blacksmith","player_choice":"Rummage","floor":36,"damage_taken":0},{"event_name":"Tomb of Lord Red Mask","player_choice":"Ignored","floor":37,"damage_taken":0}],"boss_relics":[{"not_picked":["Eternal Feather","Snecko Eye"],"picked":"Orrery"},{"not_picked":["White Beast Statue","Question Card"],"picked":"Cursed Key"}],"potions_floor_spawned":[1,6,14,29,33],"seed_played":"-77221801059628013","killed_by":"Giant Head","ascension_level":1,"is_trial":false}