{"gold_per_floor":[114,132,132,44,44,70,70,403,403,403,430,430,495,509,509,581,581,593,671,686,705,855,855,889,889,889,918,968,1018,335,354,354,428,428,447,597,647,121,137,137,152,152,152,212,212,237,237,270,270,270,270,270,270,52,77,77],"floor_reached":57,"playtime":3508,"items_purged":["Decay","Eviscerate"],"score":3028,"play_id":"cae5572a-afe7-45d0-8aab-dcdb36cbe5e2","local_time":"20190123002314","is_ascension_mode":true,"campfire_choices":[{"data":"Glass Knife","floor":7,"key":"SMITH"},{"data":"Leg Sweep","floor":10,"key":"SMITH"},{"data":"Neutralize","floor":12,"key":"SMITH"},{"data":"Wraith Form v2","floor":15,"key":"SMITH"},{"data":"Catalyst","floor":23,"key":"SMITH"},{"floor":25,"key":"REST"},{"data":"Catalyst","floor":32,"key":"SMITH"},{"floor":40,"key":"RECALL"},{"data":"Deadly Poison","floor":42,"key":"SMITH"},{"floor":45,"key":"REST"},{"floor":47,"key":"REST"},{"data":"Bouncing Flask","floor":49,"key":"SMITH"},{"data":"After Image","floor":53,"key":"SMITH"}],"neow_cost":"NONE","seed_source_timestamp":12720993637588,"circlet_count":0,"master_deck":["AscendersBane","Survivor","Neutralize+1","PiercingWail","Sucker Punch","Glass Knife+1","Leg Sweep+1","Backflip","Catalyst+1","Wraith Form v2+1","After Image+1","Acrobatics","Slice","Phantasmal Killer","Underhanded Strike+1","Eviscerate","Catalyst+1","Expertise","Backstab","Endless Agony+1","Backstab","Deadly Poison+1","Bouncing Flask+1","Calculated Gamble+1","Footwork","PiercingWail","Crippling Poison+1","Wraith Form v2+1","Tools of the Trade","Backflip+1","Blur+1","Calculated Gamble+1"],"relics":["Ring of the Snake","NeowsBlessing","Mercury Hourglass","SsserpentHead","Sundial","Old Coin","Meat on the Bone","Question Card","Pandora\u0027s Box","Red Mask","Dead Branch","Pantograph","Darkstone Periapt","Pear","Ice Cream","Mummified Hand","DollysMirror","Lizard Tail","WingedGreaves","Turnip","Juzu Bracelet","Dodecahedron","OrangePellets","Whetstone"],"potions_floor_usage":[11,16,16,19,21,22,33,56,56],"damage_taken":[{"damage":0,"enemies":"Small Slimes","floor":1,"turns":1},{"damage":0,"enemies":"Cultist","floor":2,"turns":1},{"damage":0,"enemies":"Lagavulin","floor":6,"turns":1},{"damage":12,"enemies":"3 Sentries","floor":8,"turns":6},{"damage":22,"enemies":"Gremlin Nob","floor":11,"turns":4},{"damage":0,"enemies":"2 Louse","floor":13,"turns":2},{"damage":1,"enemies":"Blue Slaver","floor":14,"turns":3},{"damage":27,"enemies":"Hexaghost","floor":16,"turns":11},{"damage":7,"enemies":"2 Thieves","floor":18,"turns":4},{"damage":1,"enemies":"Masked Bandits","floor":19,"turns":4},{"damage":15,"enemies":"3 Byrds","floor":20,"turns":6},{"damage":12,"enemies":"Centurion and Healer","floor":21,"turns":5},{"damage":2,"enemies":"Colosseum Slavers","floor":22,"turns":4},{"damage":0,"enemies":"Colosseum Nobs","floor":22,"turns":4},{"damage":40,"enemies":"Book of Stabbing","floor":24,"turns":4},{"damage":9,"enemies":"Slavers","floor":27,"turns":4},{"damage":2,"enemies":"Snake Plant","floor":31,"turns":5},{"damage":34,"enemies":"Automaton","floor":33,"turns":5},{"damage":3,"enemies":"3 Darklings","floor":35,"turns":4},{"damage":9,"enemies":"Mind Bloom Boss Battle","floor":36,"turns":6},{"damage":7,"enemies":"3 Shapes","floor":39,"turns":4},{"damage":0,"enemies":"Transient","floor":41,"turns":6},{"damage":4,"enemies":"Writhing Mass","floor":44,"turns":7},{"damage":24,"enemies":"Nemesis","floor":46,"turns":5},{"damage":0,"enemies":"Giant Head","floor":48,"turns":5},{"damage":0,"enemies":"Time Eater","floor":50,"turns":3},{"damage":0,"enemies":"Donu and Deca","floor":51,"turns":7},{"damage":29,"enemies":"Shield and Spear","floor":55,"turns":7},{"damage":34,"enemies":"The Heart","floor":56,"turns":13}],"seed_played":"-3555625949526606076","potions_obtained":[{"floor":6,"key":"Fire Potion"},{"floor":13,"key":"FearPotion"},{"floor":14,"key":"Poison Potion"},{"floor":16,"key":"Explosive Potion"},{"floor":18,"key":"Poison Potion"},{"floor":19,"key":"Weak Potion"},{"floor":20,"key":"AttackPotion"},{"floor":33,"key":"Explosive Potion"},{"floor":36,"key":"GhostInAJar"}],"is_trial":false,"path_per_floor":["?","?","M","?","?","?","?","?","?","M"],"character_chosen":"THE_SILENT","items_purchased":["Glass Knife","Mummified Hand","Poison Potion","Dexterity Potion","DollysMirror","Turnip","GhostInAJar","OrangePellets"],"campfire_rested":3,"item_purchase_floors":[4,30,30,30,30,38,38,54],"current_hp_per_floor":[59,59,41,41,41,41,41,29,29,29,19,19,31,42,42,27,56,49,48,45,45,43,43,15,34,44,47,53,69,69,67,67,48,74,71,73,73,73,66,66,66,66,66,62,82,58,82,82,82,82,82,82,82,82,53,44],"gold":77,"neow_bonus":"THREE_ENEMY_KILL","is_prod":false,"is_daily":false,"chose_seed":false,"campfire_upgraded":9,"win_rate":0,"timestamp":1548199394,"path_taken":["M","M","?","$","?","E","R","E","T","R","E","R","?","M","R","BOSS","M","?","M","M","?","R","E","R","T","E","?","?","$","M","R","BOSS","M","?","?","$","M","R","M","R","T","?","R","E","R","E","R","BOSS","BOSS","R","$","E","BOSS"],"build_version":"2019-01-20","purchased_purges":2,"victory":true,"max_hp_per_floor":[66,66,66,66,66,66,66,66,66,66,66,66,66,66,66,66,66,66,66,66,66,66,66,66,66,76,76,82,82,82,82,82,82,82,82,82,82,82,82,82,82,82,82,82,82,82,82,82,82,82,82,82,82,82,82,82],"card_choices":[{"not_picked":["Outmaneuver","Dagger Throw"],"picked":"PiercingWail","floor":1},{"not_picked":["Bane","Deflect"],"picked":"Sucker Punch","floor":2},{"not_picked":["Sucker Punch","Choke"],"picked":"Leg Sweep","floor":6},{"not_picked":["Sucker Punch","Dagger Spray"],"picked":"Backflip","floor":8},{"not_picked":["Poisoned Stab","Cloak And Dagger"],"picked":"Catalyst","floor":11},{"not_picked":["Dagger Throw","Quick Slash","Deflect"],"picked":"Wraith Form v2","floor":13},{"not_picked":["Quick Slash","Prepared","Sucker Punch","PiercingWail"],"picked":"SKIP","floor":14},{"not_picked":["Venomology","Glass Knife","Adrenaline"],"picked":"After Image","floor":16},{"not_picked":["Poisoned Stab","Bane","Acrobatics"],"picked":"Backstab","floor":18},{"not_picked":["Flying Knee","Prepared","Finisher"],"picked":"Deadly Poison","floor":19},{"not_picked":["Flying Knee","Dagger Throw","All Out Attack"],"picked":"Bouncing Flask","floor":20},{"not_picked":["Caltrops","Prepared","Sucker Punch"],"picked":"Calculated Gamble+1","floor":21},{"not_picked":["Underhanded Strike","Accuracy","Reflex+1"],"picked":"Footwork","floor":22},{"not_picked":["Dagger Spray","Cloak And Dagger","Dagger Throw"],"picked":"PiercingWail","floor":24},{"not_picked":["Blade Dance","Phantasmal Killer","Predator"],"picked":"Crippling Poison","floor":27},{"not_picked":["Quick Slash","Dagger Throw","Endless Agony","Sucker Punch"],"picked":"SKIP","floor":31},{"not_picked":["A Thousand Cuts","Storm of Steel","Wraith Form v2"],"picked":"Tools of the Trade","floor":33},{"not_picked":["Dagger Spray","Terror","Prepared","Riddle With Holes"],"picked":"SKIP","floor":35},{"not_picked":["Deadly Poison+1","Prepared+1","Choke"],"picked":"Backflip+1","floor":36},{"not_picked":["Choke+1","Deflect+1","Underhanded Strike"],"picked":"Blur+1","floor":39},{"not_picked":["Choke","Cloak And Dagger","Dodge and Roll+1","Bouncing Flask"],"picked":"SKIP","floor":41},{"not_picked":["Dagger Throw","Underhanded Strike+1","Endless Agony","Riddle With Holes"],"picked":"SKIP","floor":44},{"not_picked":["Bane","Grand Finale","Escape Plan"],"picked":"Calculated Gamble+1","floor":46},{"not_picked":["Predator","Dash","Backstab","Heel Hook"],"picked":"SKIP","floor":48},{"not_picked":["Masterful Stab+1","Choke+1","Riddle With Holes+1","Infinite Blades"],"picked":"SKIP","floor":55}],"player_experience":904201,"relics_obtained":[{"floor":6,"key":"Sundial"},{"floor":8,"key":"Old Coin"},{"floor":9,"key":"Meat on the Bone"},{"floor":11,"key":"Question Card"},{"floor":19,"key":"Red Mask"},{"floor":22,"key":"Dead Branch"},{"floor":22,"key":"Pantograph"},{"floor":24,"key":"Darkstone Periapt"},{"floor":26,"key":"Pear"},{"floor":27,"key":"Ice Cream"},{"floor":36,"key":"WingedGreaves"},{"floor":46,"key":"Juzu Bracelet"},{"floor":48,"key":"Dodecahedron"},{"floor":55,"key":"Whetstone"}],"event_choices":[{"damage_healed":0,"gold_gain":0,"player_choice":"Success","damage_taken":18,"relics_obtained":["Mercury Hourglass"],"max_hp_gain":0,"max_hp_loss":0,"event_name":"Scrap Ooze","floor":3,"gold_loss":0},{"damage_healed":0,"gold_gain":0,"player_choice":"Trade","damage_taken":0,"relics_obtained":["SsserpentHead"],"max_hp_gain":0,"max_hp_loss":0,"event_name":"FaceTrader","floor":5,"gold_loss":0},{"damage_healed":0,"gold_gain":0,"player_choice":"Fought Bandits","damage_taken":0,"max_hp_gain":0,"max_hp_loss":0,"event_name":"Masked Bandits","floor":19,"gold_loss":0},{"damage_healed":0,"gold_gain":0,"player_choice":"Fight","damage_taken":0,"max_hp_gain":0,"max_hp_loss":0,"event_name":"Colosseum","floor":22,"gold_loss":0},{"damage_healed":0,"gold_gain":0,"player_choice":"Fought Nobs","damage_taken":0,"max_hp_gain":0,"max_hp_loss":0,"event_name":"Colosseum","floor":22,"gold_loss":0},{"damage_healed":0,"gold_gain":0,"player_choice":"Smashed Altar","damage_taken":0,"max_hp_gain":0,"max_hp_loss":0,"event_name":"Forgotten Altar","floor":28,"gold_loss":0,"cards_obtained":["Decay"]},{"damage_healed":16,"gold_gain":0,"player_choice":"Heal","damage_taken":0,"max_hp_gain":0,"max_hp_loss":0,"event_name":"The Library","floor":29,"gold_loss":0},{"damage_healed":0,"gold_gain":0,"player_choice":"Fight","damage_taken":0,"max_hp_gain":0,"max_hp_loss":0,"event_name":"MindBloom","floor":36,"gold_loss":0},{"damage_healed":0,"gold_gain":0,"player_choice":"Upgraded","damage_taken":0,"max_hp_gain":0,"max_hp_loss":0,"event_name":"Upgrade Shrine","floor":37,"gold_loss":0,"cards_upgraded":["Crippling Poison"]}],"is_beta":true,"boss_relics":[{"not_picked":["Orrery","Snecko Eye"],"picked":"Pandora\u0027s Box"},{"not_picked":["Runic Dome","Black Star"],"picked":"Lizard Tail"}],"items_purged_floors":[30,38],"is_endless":false,"potions_floor_spawned":[6,13,14,16,18,19,20,33,35,36,46,48,55],"ascension_level":20}