{"path_per_floor":["M","?","?","M","M","R","E","R","T","M","?","?","M","$","R","B",null,"M","?","?","?","M","E","R","M","T","R","?","M","R","M","R","B",null,"M","?","?","?","M","R"],"character_chosen":"IRONCLAD","items_purchased":["Vajra","Flex"],"gold_per_floor":[113,113,113,131,151,151,186,186,212,231,294,294,310,116,116,212,212,212,212,127,27,27,27,27,27,27,27,27,27,27,27,27,27,27,27,27,27,0,0,0],"floor_reached":41,"campfire_rested":4,"playtime":4476,"current_hp_per_floor":[75,75,75,83,87,87,51,77,84,89,71,71,72,72,72,24,100,88,88,88,88,83,67,67,52,52,82,66,62,92,94,94,88,100,88,41,41,41,42,72],"items_purged":[],"gold":0,"play_id":"10183605-02b4-42ce-b2ec-e77dea91d477","is_prod":false,"is_daily":false,"is_ascension_mode":false,"campfire_upgraded":4,"path_taken":["M","?","?","M","M","R","E","R","T","M","?","?","?","$","R","BOSS","M","?","?","?","M","E","R","M","T","R","?","M","R","M","R","BOSS","M","?","?","?","M","R","E"],"build_version":"2018-01-25-PROD3","purchased_purges":0,"victory":false,"master_deck":["Strike_R","Strike_R","Strike_R","Strike_R+1","Strike_R","Defend_R","Defend_R","Defend_R","Defend_R","Bash","Blood for Blood","Feed","True Grit","Armaments","Headbutt","Cleave","Searing Blow","Shrug It Off","Headbutt","Flex+1","Barricade","Sword Boomerang+1","Perfected Strike","Anger","Dropkick+1","Anger","Iron Wave+1","Fiend Fire","Thunderclap","Pommel Strike+1","Infernal Blade","Whirlwind","Seeing Red","Rampage+1","Anger+1","Armaments"],"max_hp_per_floor":[80,80,80,83,87,87,87,87,94,94,97,97,100,100,100,100,100,100,100,100,100,100,100,100,100,100,100,100,100,100,100,100,100,100,100,103,103,103,103,103],"relics":["Burning Blood","Bag of Marbles","Strawberry","Happy Flower","Vajra","Ectoplasm","Letter Opener","Oddly Smooth Stone","Girya","Ancient Tea Set","Nilry\u0027s Codex","Orrery","Unceasing Top","Red Mask"],"card_choices":[{"not_picked":["Flame Barrier","Rupture"],"picked":"Blood for Blood"},{"not_picked":["Rupture","Clash"],"picked":"Armaments"},{"not_picked":["Corruption","Metallicize"],"picked":"Headbutt"},{"not_picked":["Dual Wield","Body Slam"],"picked":"Cleave"},{"not_picked":["Clothesline","Anger"],"picked":"Searing Blow"},{"not_picked":["Metallicize","Inflame"],"picked":"Shrug It Off"},{"not_picked":["True Grit","Combust"],"picked":"Headbutt"},{"not_picked":["Reaper","Feed"],"picked":"Barricade"},{"not_picked":["Warcry","Shrug It Off"],"picked":"Sword Boomerang"},{"not_picked":["Sword Boomerang","Pummel"],"picked":"Perfected Strike"},{"not_picked":["Shockwave","Flex"],"picked":"Anger"},{"not_picked":["Perfected Strike","Hemokinesis"],"picked":"Dropkick"},{"not_picked":["Headbutt","Disarm"],"picked":"Anger"},{"not_picked":["Double Tap","Clothesline"],"picked":"Iron Wave"},{"not_picked":["Brutality","Reaper"],"picked":"Fiend Fire"},{"not_picked":["True Grit","Intimidate"],"picked":"Thunderclap"},{"not_picked":["Anger","Inflame"],"picked":"Pommel Strike"},{"not_picked":["Whirlwind","Clothesline"],"picked":"Infernal Blade"},{"not_picked":["Intimidate","Body Slam"],"picked":"Whirlwind"},{"not_picked":["Corruption","Reckless Charge"],"picked":"Seeing Red"},{"not_picked":["Feed","Sword Boomerang"],"picked":"Rampage"},{"not_picked":["Headbutt","Twin Strike"],"picked":"Anger"},{"not_picked":["Second Wind","Feel No Pain"],"picked":"Armaments"}],"player_experience":0,"potions_floor_usage":[36,41,41],"damage_taken":[{"damage":11.0,"enemies":"Blue Slaver","floor":1.0,"turns":4.0},{"damage":1.0,"enemies":"Cultist","floor":4.0,"turns":3.0},{"damage":6.0,"enemies":"2 Louse","floor":5.0,"turns":2.0},{"damage":42.0,"enemies":"Lagavulin","floor":7.0,"turns":8.0},{"damage":1.0,"enemies":"2 Fungi Beasts","floor":10.0,"turns":3.0},{"damage":27.0,"enemies":"3 Sentries","floor":11.0,"turns":4.0},{"damage":11.0,"enemies":"Exordium Wildlife","floor":13.0,"turns":3.0},{"damage":54.0,"enemies":"The Guardian","floor":16.0,"turns":13.0},{"damage":18.0,"enemies":"3 Byrds","floor":18.0,"turns":6.0},{"damage":11.0,"enemies":"Chosen","floor":22.0,"turns":6.0},{"damage":31.0,"enemies":"Book of Stabbing","floor":23.0,"turns":5.0},{"damage":21.0,"enemies":"Snake Plant","floor":25.0,"turns":2.0},{"damage":10.0,"enemies":"Centurion and Healer","floor":29.0,"turns":4.0},{"damage":4.0,"enemies":"Slaver and Parasite","floor":31.0,"turns":3.0},{"damage":12.0,"enemies":"Champ","floor":33.0,"turns":9.0},{"damage":18,"enemies":"3 Darklings","floor":35,"turns":4},{"damage":56,"enemies":"Mysterious Sphere","floor":36,"turns":5},{"damage":5,"enemies":"Orb Walker","floor":39,"turns":2},{"damage":121,"enemies":"Giant Head","floor":41,"turns":9}],"event_choices":[{"event_name":"Match and Keep!","player_choice":"2 cards matched","floor":2.0,"damage_taken":0.0},{"event_name":"The Cleric","player_choice":"Leave","floor":3.0,"damage_taken":0.0},{"event_name":"Dead Adventurer","player_choice":"Searched \u00273\u0027 times","floor":11.0,"damage_taken":0.0},{"event_name":"Liars Game","player_choice":"disagreed","floor":12.0,"damage_taken":0.0},{"event_name":"The Mausoleum","player_choice":"Yes","floor":19.0,"damage_taken":0.0},{"event_name":"Addict","player_choice":"Obtained Relic","floor":20.0,"damage_taken":0.0},{"event_name":"Drug Dealer","player_choice":"Got JAXXED","floor":21.0,"damage_taken":0.0},{"event_name":"Cursed Tome","player_choice":"Obtained Book","floor":28.0,"damage_taken":0.0},{"event_name":"Mysterious Sphere","player_choice":"Fight","floor":36,"damage_taken":0},{"event_name":"Tomb of Lord Red Mask","player_choice":"Paid","floor":38,"damage_taken":0}],"boss_relics":[{"not_picked":["White Beast Statue","Philosopher\u0027s Stone"],"picked":"Orrery"}],"potions_floor_spawned":[1,4,10,11,16,22,23,31,33,39],"seed_played":"2597898391832570528","killed_by":"Giant Head","ascension_level":0,"is_trial":false}