{"gold_per_floor":[363,158,177,195,208,243,243,243,318,352,352,352,25,125,125,125],"floor_reached":16,"playtime":573,"items_purged":["Defend_G","Parasite"],"score":108,"play_id":"7faebc0f-bd94-4aa8-93f2-a370bad05e11","local_time":"20190223224321","is_ascension_mode":false,"campfire_choices":[{"floor":7,"key":"REST"},{"floor":8,"key":"REST"},{"floor":12,"key":"REST"},{"floor":15,"key":"RECALL"}],"neow_cost":"CURSE","seed_source_timestamp":86743074037593,"circlet_count":0,"master_deck":["Defend_G","Defend_G","Defend_G","Defend_G","Strike_G","Strike_G","Strike_G","Strike_G","Strike_G","Survivor","Neutralize","Quick Slash","Dagger Spray","Footwork","Dagger Throw","Calculated Gamble","Parasite","Footwork+1","Die Die Die"],"relics":["Ring of the Snake","WingedGreaves","Frozen Egg 2","Art of War"],"potions_floor_usage":[6,10,16],"damage_taken":[{"damage":2,"enemies":"Small Slimes","floor":1,"turns":3},{"damage":2,"enemies":"Jaw Worm","floor":3,"turns":5},{"damage":0,"enemies":"Cultist","floor":4,"turns":4},{"damage":7,"enemies":"Exordium Wildlife","floor":5,"turns":4},{"damage":47,"enemies":"Lagavulin","floor":6,"turns":11},{"damage":28,"enemies":"3 Sentries","floor":10,"turns":6},{"damage":67,"enemies":"Slime Boss","floor":16,"turns":10}],"seed_played":"-3852545305554035079","potions_obtained":[{"floor":3,"key":"GamblersBrew"},{"floor":5,"key":"Energy Potion"},{"floor":6,"key":"LiquidBronze"}],"is_trial":false,"path_per_floor":["M","$","M","M","M","E","R","R","T","E","?","R","$","?","R","B"],"character_chosen":"THE_SILENT","items_purchased":["Dagger Spray","Footwork","Footwork+1","Die Die Die"],"campfire_rested":3,"item_purchase_floors":[2,2,13,13],"current_hp_per_floor":[68,68,66,66,59,12,33,54,54,26,43,64,64,64,64,0],"gold":125,"neow_bonus":"TWO_FIFTY_GOLD","is_prod":false,"is_daily":false,"chose_seed":false,"campfire_upgraded":0,"win_rate":0,"timestamp":1550929401,"path_taken":["M","$","M","M","M","E","R","R","T","E","?","R","$","?","R","BOSS"],"build_version":"2019-01-23","purchased_purges":2,"victory":false,"max_hp_per_floor":[70,70,70,70,70,70,70,70,70,70,70,70,67,67,67,67],"card_choices":[{"not_picked":["Infinite Blades","Cloak And Dagger"],"picked":"Quick Slash","floor":1},{"not_picked":["Well Laid Plans","Expertise","Flechettes"],"picked":"SKIP","floor":3},{"not_picked":["Quick Slash","Blade Dance","Prepared"],"picked":"SKIP","floor":4},{"not_picked":["Slice","Bane","Finisher"],"picked":"SKIP","floor":5},{"not_picked":["Unload","Catalyst"],"picked":"Dagger Throw","floor":6},{"not_picked":["Sucker Punch","Leg Sweep"],"picked":"Calculated Gamble","floor":10}],"player_experience":661876,"relics_obtained":[{"floor":6,"key":"WingedGreaves"},{"floor":9,"key":"Frozen Egg 2"},{"floor":10,"key":"Art of War"}],"event_choices":[{"damage_healed":17,"gold_gain":0,"player_choice":"Healed and dodged fight","damage_taken":0,"max_hp_gain":0,"max_hp_loss":0,"event_name":"Mushrooms","floor":11,"gold_loss":0,"cards_obtained":["Parasite"]},{"damage_healed":0,"gold_gain":100,"player_choice":"Pray","damage_taken":0,"max_hp_gain":0,"max_hp_loss":0,"event_name":"Golden Shrine","floor":14,"gold_loss":0}],"is_beta":false,"boss_relics":[],"items_purged_floors":[2,13],"is_endless":false,"potions_floor_spawned":[3,5,6],"killed_by":"Slime Boss","ascension_level":0}