{"path_per_floor":["M","M","M","M","M","R","?","R","T","M","$","M","?","M","R"],"character_chosen":"IRONCLAD","items_purchased":["Dramatic Entrance"],"gold_per_floor":[109,124,137,157,172,172,172,172,198,210,105,118,293,309,309,309],"floor_reached":16,"campfire_rested":1,"playtime":514,"current_hp_per_floor":[73,79,79,49,39,63,68,68,68,74,74,80,80,79,79,0],"items_purged":[],"gold":309,"score":106,"play_id":"a77f2787-e259-4574-a958-8a6b64c8e084","local_time":"20180417202147","is_prod":false,"is_daily":false,"chose_seed":false,"is_ascension_mode":true,"campfire_upgraded":2,"timestamp":1524005507,"path_taken":["M","M","M","M","M","R","?","R","T","M","$","?","?","?","R","BOSS"],"build_version":"2018-04-12","seed_source_timestamp":504814127703974,"purchased_purges":0,"victory":false,"master_deck":["Strike_R","Strike_R","Strike_R","Strike_R","Strike_R","Defend_R","Defend_R","Defend_R","Defend_R","Bash","Exhume","Pummel","Heavy Blade","True Grit","Pummel","Flex+1","Inflame+1","Dramatic Entrance","Battle Trance","Doubt","Dark Embrace"],"max_hp_per_floor":[80,80,80,80,80,80,85,85,85,85,85,85,85,85,85,85],"relics":["Burning Blood"],"card_choices":[{"not_picked":["Disarm","Heavy Blade"],"picked":"Pummel","floor":1},{"not_picked":["Reckless Charge","Anger"],"picked":"Heavy Blade","floor":2},{"not_picked":["Bloodletting","Combust"],"picked":"True Grit","floor":3},{"not_picked":["True Grit","Pommel Strike"],"picked":"Pummel","floor":4},{"not_picked":["Dual Wield","Corruption"],"picked":"Flex","floor":5},{"not_picked":["Thunderclap","Havoc"],"picked":"Inflame","floor":10},{"not_picked":["Clash","Intimidate"],"picked":"Battle Trance","floor":12},{"not_picked":["Perfected Strike","Dropkick"],"picked":"Dark Embrace","floor":14}],"player_experience":346803,"potions_floor_usage":[4,10,14,14,16],"damage_taken":[{"damage":13,"enemies":"Jaw Worm","floor":1,"turns":4},{"damage":0,"enemies":"Small Slimes","floor":2,"turns":3},{"damage":6,"enemies":"Cultist","floor":3,"turns":4},{"damage":36,"enemies":"Exordium Wildlife","floor":4,"turns":7},{"damage":16,"enemies":"2 Fungi Beasts","floor":5,"turns":5},{"damage":0,"enemies":"Lots of Slimes","floor":10,"turns":1},{"damage":0,"enemies":"Red Slaver","floor":12,"turns":1},{"damage":16,"enemies":"Exordium Thugs","floor":14,"turns":4},{"damage":84,"enemies":"Hexaghost","floor":16,"turns":11}],"event_choices":[{"event_name":"Big Fish","player_choice":"Donut","floor":7,"damage_taken":0},{"event_name":"Liars Game","player_choice":"agreed","floor":13,"damage_taken":0}],"boss_relics":[],"potions_floor_spawned":[1,2,4,12,14],"seed_played":"3007289150578338931","killed_by":"Hexaghost","ascension_level":2,"is_trial":false}