{"path_per_floor":["M","?","$","M","M","E","?","?","T","M","M","M","R","M","R","B",null,"M","M","M","$","?","R","M","R","T","T","M","M","M"],"character_chosen":"IRONCLAD","items_purchased":["Bronze Scales","Perfected Strike","Transmutation","Bloodletting"],"gold_per_floor":[212,212,65,80,90,124,124,124,124,147,167,190,190,208,208,332,332,352,375,393,28,28,28,41,41,41,41,61,80,95],"floor_reached":31,"campfire_rested":3,"playtime":2651,"current_hp_per_floor":[80,80,80,80,83,82,66,66,66,62,68,66,83,83,83,17,83,79,61,25,25,25,49,52,76,76,76,65,29,11],"items_purged":["Decay"],"gold":95,"play_id":"d3b39296-b14d-455f-b934-df347ac0c34c","is_prod":false,"is_daily":false,"is_ascension_mode":false,"campfire_upgraded":1,"path_taken":["M","?","$","M","M","E","?","?","T","M","?","M","R","?","R","BOSS","M","M","M","$","?","R","M","R","T","?","M","M","?","M"],"build_version":"2018-02-01-PROD3","purchased_purges":1,"victory":false,"master_deck":["Strike_R","Strike_R","Strike_R","Strike_R+1","Defend_R","Defend_R","Defend_R","Bash+1","Infernal Blade+1","Flex+1","Anger","Battle Trance","Rage","Heavy Blade","Shrug It Off","Flex","Barricade","Perfected Strike+1","Demon Form+1","Rupture","Armaments+1","Uppercut","Perfected Strike","Transmutation","Bloodletting","Anger+1","Demon Form","Perfected Strike+1","True Grit"],"max_hp_per_floor":[80,80,80,80,83,83,83,83,83,83,83,83,83,83,83,83,83,83,83,83,83,83,83,83,83,83,83,83,83,83],"relics":["Burning Blood","Bronze Scales","Letter Opener","Golden Idol","Ancient Tea Set","Astrolabe","Dream Catcher","Unceasing Top"],"card_choices":[{"not_picked":["Metallicize","Disarm"],"picked":"Infernal Blade"},{"not_picked":["Body Slam","Rage"],"picked":"Flex"},{"not_picked":["True Grit","Armaments"],"picked":"Anger"},{"not_picked":["Barricade","Intimidate"],"picked":"Battle Trance"},{"not_picked":["Fire Breathing","Combust"],"picked":"Rage"},{"not_picked":["Sever Soul","Pommel Strike"],"picked":"Heavy Blade"},{"not_picked":["Reckless Charge","Anger"],"picked":"Shrug It Off"},{"not_picked":["True Grit","Spot Weakness"],"picked":"Flex"},{"not_picked":["Reaper","Brutality"],"picked":"Barricade"},{"not_picked":["Heavy Blade","Warcry"],"picked":"Rupture"},{"not_picked":["Shrug It Off","Headbutt"],"picked":"Armaments"},{"not_picked":["Iron Wave","Clash"],"picked":"Uppercut"},{"not_picked":["Inflame","Intimidate"],"picked":"Anger"},{"not_picked":["Metallicize","Sever Soul"],"picked":"Demon Form"},{"not_picked":["Anger","Feel No Pain"],"picked":"Perfected Strike"},{"not_picked":["Flex","Heavy Blade"],"picked":"True Grit"}],"player_experience":9965,"potions_floor_usage":[6,6,14,20,30],"damage_taken":[{"damage":5,"enemies":"2 Louse","floor":1,"turns":3},{"damage":1,"enemies":"Cultist","floor":4,"turns":3},{"damage":2,"enemies":"Small Slimes","floor":5,"turns":2},{"damage":7,"enemies":"3 Sentries","floor":6,"turns":6},{"damage":10,"enemies":"Looter","floor":10,"turns":2},{"damage":0,"enemies":"Large Slime","floor":11,"turns":4},{"damage":8,"enemies":"Exordium Thugs","floor":12,"turns":4},{"damage":0,"enemies":"Lots of Slimes","floor":14,"turns":2},{"damage":72,"enemies":"The Guardian","floor":16,"turns":10},{"damage":10,"enemies":"3 Byrds","floor":18,"turns":3},{"damage":24,"enemies":"Chosen","floor":19,"turns":4},{"damage":42,"enemies":"Snake Plant","floor":20,"turns":5},{"damage":3,"enemies":"Centurion and Healer","floor":24,"turns":5},{"damage":17,"enemies":"3 Cultists","floor":28,"turns":5},{"damage":42,"enemies":"Slaver and Parasite","floor":29,"turns":7},{"damage":24,"enemies":"Snecko","floor":30,"turns":5},{"damage":12,"enemies":"3 Cultists","floor":31,"turns":2}],"event_choices":[{"event_name":"Living Wall","player_choice":"Grow","floor":2,"damage_taken":0},{"event_name":"Shining Light","player_choice":"Entered Light","floor":7,"damage_taken":0},{"event_name":"Golden Idol","player_choice":"Take Wound","floor":8,"damage_taken":0},{"event_name":"Beggar","player_choice":"Ignored","floor":22,"damage_taken":0}],"boss_relics":[{"not_picked":["Lizard Tail","Runic Dome"],"picked":"Astrolabe"}],"potions_floor_spawned":[1,5,11,19,29],"seed_played":"5190048077957164851","killed_by":"3 Cultists","ascension_level":0,"is_trial":false}