{"path_per_floor":["M","M","?","$","M","R","E","$","T","R","$","M","R","M","R","B",null,"M","?","?","?","M","R","$","?","T","R","M","$","M","M","R"],"character_chosen":"IRONCLAD","items_purchased":["Disarm","Flex","Juzu Bracelet"],"gold_per_floor":[109,119,119,10,25,25,55,3,3,3,3,14,14,33,33,137,137,157,157,157,157,176,176,22,22,22,22,40,40,58,75,75],"floor_reached":33,"campfire_rested":5,"playtime":2332,"current_hp_per_floor":[56,44,44,44,38,62,32,32,32,56,56,58,58,55,79,42,80,60,60,44,44,48,72,72,72,72,72,59,59,45,24,48],"items_purged":["Normality"],"gold":75,"play_id":"84c9156d-2893-400a-bd5b-cd967c6a2df2","is_prod":false,"is_daily":false,"is_ascension_mode":false,"campfire_upgraded":0,"path_taken":["M","M","?","$","?","R","E","$","T","R","?","M","R","M","R","BOSS","M","?","?","?","M","R","$","?","T","R","M","$","M","M","R","BOSS"],"build_version":"2018-02-01-PROD3","purchased_purges":1,"victory":false,"master_deck":["Strike_R","Strike_R","Strike_R","Strike_R","Strike_R","Defend_R","Defend_R","Defend_R","Defend_R","Bash","Twin Strike","Flame Barrier","Sword Boomerang","Offering","Flex","Heavy Blade","Twin Strike","Barricade","Flame Barrier+1","Hemokinesis+1","Second Wind+1","Flex","Whirlwind+1","Brutality","Armaments+1","Perfected Strike","Pommel Strike","Anger"],"max_hp_per_floor":[80,80,80,80,80,80,80,80,80,80,80,80,80,80,80,80,80,80,80,80,80,80,80,80,80,80,80,80,80,80,80,80],"relics":["Calling Bell","Lantern","Prayer Wheel","Oddly Smooth Stone","Orichalcum","Girya","Astrolabe","Enchiridion","Juzu Bracelet","Omamori"],"card_choices":[{"not_picked":["Clash","Power Through"],"picked":"Twin Strike"},{"not_picked":["Havoc","Bloodletting"],"picked":"Flame Barrier"},{"not_picked":["Iron Wave","True Grit"],"picked":"Sword Boomerang"},{"not_picked":["Armaments","Shrug It Off"],"picked":"Offering"},{"not_picked":["Rage","True Grit"],"picked":"Heavy Blade"},{"not_picked":["Evolve","Warcry"],"picked":"Twin Strike"},{"not_picked":["Warcry","Clothesline"],"picked":"Blood for Blood"},{"not_picked":["Brutality","Limit Break"],"picked":"Barricade"},{"not_picked":["Clothesline","Intimidate"],"picked":"Second Wind"},{"not_picked":["Bloodletting","Rage"],"picked":"Whirlwind"},{"not_picked":["Power Through","Wild Strike"],"picked":"Armaments"},{"not_picked":["Warcry","Clothesline"],"picked":"Perfected Strike"},{"not_picked":["Clothesline","Wild Strike"],"picked":"Pommel Strike"},{"not_picked":["Armaments","Sword Boomerang"],"picked":"Anger"}],"player_experience":37054,"potions_floor_usage":[7,7,12,14,22,28,33],"damage_taken":[{"damage":24,"enemies":"Cultist","floor":1,"turns":6},{"damage":12,"enemies":"Jaw Worm","floor":2,"turns":4},{"damage":6,"enemies":"Small Slimes","floor":5,"turns":4},{"damage":30,"enemies":"3 Sentries","floor":7,"turns":11},{"damage":7,"enemies":"Gremlin Gang","floor":12,"turns":5},{"damage":6,"enemies":"Exordium Thugs","floor":14,"turns":3},{"damage":37,"enemies":"Hexaghost","floor":16,"turns":9},{"damage":20,"enemies":"2 Thieves","floor":18,"turns":5},{"damage":2,"enemies":"3 Byrds","floor":22,"turns":3},{"damage":13,"enemies":"3 Cultists","floor":28,"turns":4},{"damage":14,"enemies":"Centurion and Healer","floor":30,"turns":5},{"damage":21,"enemies":"Snake Plant","floor":31,"turns":5},{"damage":56,"enemies":"Collector","floor":33,"turns":5}],"event_choices":[{"event_name":"Living Wall","player_choice":"Forget","floor":3,"damage_taken":0},{"event_name":"Fountain of Cleansing","player_choice":"Removed Curse","floor":19,"damage_taken":0},{"event_name":"Cursed Tome","player_choice":"Obtained Book","floor":20,"damage_taken":0},{"event_name":"Duplicator","player_choice":"One dupe","floor":21,"damage_taken":0},{"event_name":"Match and Keep!","player_choice":"1 cards matched","floor":25,"damage_taken":0}],"boss_relics":[{"not_picked":["Mark of Pain","Question Card"],"picked":"Astrolabe"}],"potions_floor_spawned":[1,2,7,12,18,22,31],"seed_played":"7460329033194128535","killed_by":"Collector","ascension_level":0,"is_trial":false}