{"gold_per_floor":[109,119,137,149,149,149,163,163,190,222,234,234,251,78,78,174,174,174,84,11,11,11,11],"floor_reached":23,"playtime":1775,"items_purged":["Strike_G"],"score":309,"play_id":"c331feb1-54ca-4975-b97d-0793336a5580","local_time":"20190123181546","is_ascension_mode":true,"campfire_choices":[{"data":"Neutralize","floor":6.0,"key":"SMITH"},{"data":"Dodge and Roll","floor":8.0,"key":"SMITH"},{"data":"Crippling Poison","floor":12.0,"key":"SMITH"},{"floor":15.0,"key":"REST"}],"neow_cost":"NONE","seed_source_timestamp":0,"circlet_count":0,"master_deck":["AscendersBane","Defend_G","Defend_G","Defend_G","Defend_G","Defend_G","Strike_G","Strike_G","Strike_G","Strike_G","Survivor","Neutralize+1","Underhanded Strike","Blade Dance","Cloak And Dagger","Dodge and Roll+1","Adrenaline","Crippling Poison+1","Predator","Leg Sweep","Footwork","Backflip","Venomology","Well Laid Plans","PiercingWail","Footwork"],"special_seed":0,"relics":["Ring of the Snake","NeowsBlessing","Regal Pillow","Happy Flower","Ectoplasm"],"potions_floor_usage":[23,23],"damage_taken":[{"damage":0.0,"enemies":"Small Slimes","floor":1.0,"turns":1.0},{"damage":0.0,"enemies":"Cultist","floor":2.0,"turns":1.0},{"damage":0.0,"enemies":"2 Louse","floor":3.0,"turns":1.0},{"damage":11.0,"enemies":"Exordium Thugs","floor":4.0,"turns":6.0},{"damage":6.0,"enemies":"Blue Slaver","floor":7.0,"turns":4.0},{"damage":18.0,"enemies":"3 Sentries","floor":10.0,"turns":13.0},{"damage":1.0,"enemies":"2 Fungi Beasts","floor":11.0,"turns":4.0},{"damage":0.0,"enemies":"3 Louse","floor":13.0,"turns":3.0},{"damage":49.0,"enemies":"Slime Boss","floor":16.0,"turns":17.0},{"damage":0.0,"enemies":"3 Byrds","floor":18.0,"turns":5.0},{"damage":13.0,"enemies":"2 Thieves","floor":19.0,"turns":5.0},{"damage":44,"enemies":"Gremlin Leader","floor":23,"turns":10}],"seed_played":"3628412950791748234","potions_obtained":[{"floor":4.0,"key":"Strength Potion"},{"floor":7.0,"key":"Poison Potion"},{"floor":10.0,"key":"SkillPotion"}],"is_trial":false,"path_per_floor":["M","M","M","M","?","R","M","R","T","E","M","R","M","$","R","B",null,"M","M","?","$"],"character_chosen":"THE_SILENT","items_purchased":["Footwork","Backflip","Footwork"],"campfire_rested":1,"item_purchase_floors":[14,14,20],"current_hp_per_floor":[63,63,63,52,45,45,39,39,39,21,20,20,20,20,56,7,54,54,41,41,41,41,0],"gold":11,"neow_bonus":"THREE_ENEMY_KILL","is_prod":false,"is_daily":false,"chose_seed":false,"campfire_upgraded":3,"win_rate":0,"timestamp":1548263746,"path_taken":["M","M","M","M","?","R","M","R","T","E","M","R","M","$","R","BOSS","M","?","$","?","?","E"],"build_version":"2019-01-23","purchased_purges":1,"victory":false,"max_hp_per_floor":[70,70,70,70,70,70,70,70,70,70,70,70,70,70,70,70,70,70,70,70,70,70,70],"card_choices":[{"not_picked":["PiercingWail","Bouncing Flask"],"picked":"Underhanded Strike","floor":1.0},{"not_picked":["Acrobatics","Masterful Stab"],"picked":"Blade Dance","floor":2.0},{"not_picked":["Dodge and Roll","Quick Slash"],"picked":"Cloak And Dagger","floor":3.0},{"not_picked":["Deflect","Outmaneuver"],"picked":"Dodge and Roll","floor":4.0},{"not_picked":["Catalyst","Dagger Throw"],"picked":"Adrenaline","floor":7.0},{"not_picked":["PiercingWail","Acrobatics"],"picked":"Crippling Poison","floor":10.0},{"not_picked":["Blade Dance","Concentrate"],"picked":"Predator","floor":11.0},{"not_picked":["Dagger Throw","Terror"],"picked":"Leg Sweep","floor":13.0},{"not_picked":["Doppelganger","Unload"],"picked":"Venomology","floor":16.0},{"not_picked":["Outmaneuver","Flying Knee"],"picked":"Well Laid Plans","floor":18.0},{"not_picked":["Prepared","Flechettes"],"picked":"PiercingWail","floor":19.0}],"player_experience":369419,"relics_obtained":[{"floor":9.0,"key":"Regal Pillow"},{"floor":10.0,"key":"Happy Flower"}],"event_choices":[{"damage_healed":0.0,"max_hp_gain":0.0,"max_hp_loss":0.0,"gold_gain":0.0,"event_name":"Wheel of Change","player_choice":"Damaged","floor":5.0,"gold_loss":0.0,"damage_taken":7.0}],"is_beta":false,"boss_relics":[{"not_picked":["Ring of the Serpent","Busted Crown"],"picked":"Ectoplasm"}],"items_purged_floors":[14],"is_endless":false,"potions_floor_spawned":[4,7,10,11,13,19],"killed_by":"Gremlin Leader","ascension_level":12}