{"path_per_floor":["M","?","$","?","M","E","$","M","T","$","M","?","R","M","R","B",null,"M","$","M","$","M","R","?","R","T","R","?","?","M","M","R","B",null,"M","$","M","M","M","R","T","M","T","T","R","$","M","M","R"],"character_chosen":"THE_SILENT","items_purchased":["Escape Plan","Dagger Spray","Backflip","Dash","Ornamental Fan"],"gold_per_floor":[114,114,38,38,53,83,32,47,127,80,95,106,106,121,121,221,221,236,236,251,216,231,231,231,231,306,306,306,221,236,251,251,351,351,366,41,56,71,86,86,86,101,101,101,101,1,16,31,31,31],"floor_reached":50,"campfire_rested":5,"playtime":2660,"current_hp_per_floor":[68,67,66,65,64,56,56,56,62,62,64,63,62,61,60,65,64,58,58,61,60,27,44,34,52,58,58,58,58,56,56,56,14,64,59,59,50,46,21,38,44,15,28,34,57,57,30,26,48,0],"items_purged":["Pain","Doubt"],"gold":31,"score":569,"play_id":"b6b3a7b2-88bb-458a-845e-145e37c3837a","local_time":"20180403221716","daily_mods":["Allstar","Cursed Run","Terminal"],"is_prod":false,"is_daily":true,"is_ascension_mode":false,"campfire_upgraded":4,"timestamp":1522802836,"path_taken":["M","?","$","?","?","E","$","M","T","$","M","?","R","M","R","BOSS","M","$","M","$","M","R","?","R","T","R","?","?","?","M","R","BOSS","M","$","M","M","M","R","?","M","T","?","R","$","M","M","R","BOSS"],"build_version":"2018-03-29v2","purchased_purges":4,"victory":false,"master_deck":["Defend_G","Defend_G","Defend_G","Defend_G","Defend_G","Strike_G","Strike_G","Strike_G","Strike_G","Strike_G","Survivor","Neutralize","Bandage Up","Panache+1","Masterful Stab","Escape Plan","Blind+1","Expertise","Slice","Quick Slash","Dagger Spray+1","Escape Plan","Injury","Backflip","Dodge and Roll","Acrobatics","Clumsy","Bullet Time","PiercingWail+1","Dash+1","Dagger Spray+1","Pain","Regret","Doubt","Calculated Gamble+1"],"max_hp_per_floor":[68,67,66,65,64,63,62,61,66,65,64,63,62,61,60,65,64,63,62,61,60,59,58,62,61,66,65,64,63,62,61,60,65,64,63,62,61,60,59,58,63,62,74,79,78,77,76,75,74,74],"relics":["Cursed Key","Darkstone Periapt","Du-Vu Doll","Bottled Lightning","Tiny Chest","Odd Mushroom","Paper Crane","Anchor","Lizard Tail","Ornamental Fan","Bird Faced Urn","Strawberry","Tingsha"],"card_choices":[{"not_picked":["Slice","Deadly Poison"],"picked":"Masterful Stab","floor":1},{"not_picked":["Bouncing Flask","Setup"],"picked":"Quick Slash","floor":5},{"not_picked":["Caltrops","Underhanded Strike"],"picked":"Escape Plan","floor":8},{"not_picked":["Deadly Poison","Poisoned Stab"],"picked":"Dodge and Roll","floor":11},{"not_picked":["Quick Slash","Accuracy"],"picked":"Acrobatics","floor":12},{"not_picked":["Storm of Steel","After Image"],"picked":"Bullet Time","floor":16},{"not_picked":["Choke","Backflip"],"picked":"PiercingWail","floor":20},{"not_picked":["Outmaneuver","Accuracy"],"picked":"Dagger Spray","floor":22},{"not_picked":["Prepared","Deadly Poison"],"picked":"Calculated Gamble","floor":48}],"player_experience":299421,"potions_floor_usage":[5,6,6,18,22,22,30,33,33,38,42,47,50,50],"damage_taken":[{"damage":0,"enemies":"Small Slimes","floor":1,"turns":4},{"damage":0,"enemies":"Cultist","floor":5,"turns":4},{"damage":8,"enemies":"Gremlin Nob","floor":6,"turns":3},{"damage":0,"enemies":"2 Louse","floor":8,"turns":2},{"damage":0,"enemies":"Exordium Thugs","floor":11,"turns":4},{"damage":0,"enemies":"The Mushroom Lair","floor":12,"turns":5},{"damage":0,"enemies":"Red Slaver","floor":14,"turns":2},{"damage":1,"enemies":"Hexaghost","floor":16,"turns":11},{"damage":10,"enemies":"Chosen","floor":18,"turns":7},{"damage":0,"enemies":"Shell Parasite","floor":20,"turns":4},{"damage":37,"enemies":"Cultist and Chosen","floor":22,"turns":10},{"damage":6,"enemies":"Slaver and Parasite","floor":30,"turns":6},{"damage":4,"enemies":"Centurion and Healer","floor":31,"turns":5},{"damage":52,"enemies":"Collector","floor":33,"turns":15},{"damage":5,"enemies":"Orb Walker","floor":35,"turns":3},{"damage":9,"enemies":"3 Darklings","floor":37,"turns":4},{"damage":4,"enemies":"4 Shapes","floor":38,"turns":2},{"damage":29,"enemies":"Sphere and 2 Shapes","floor":39,"turns":4},{"damage":66,"enemies":"Maw","floor":42,"turns":12},{"damage":33,"enemies":"4 Shapes","floor":47,"turns":7},{"damage":10,"enemies":"Sphere and 2 Shapes","floor":48,"turns":4},{"damage":54,"enemies":"Awakened One","floor":50,"turns":5}],"event_choices":[{"event_name":"The Lab","player_choice":"Got Potions","floor":2,"damage_taken":0},{"event_name":"Match and Keep!","player_choice":"3 cards matched","floor":4,"damage_taken":0},{"event_name":"Mushrooms","player_choice":"Fought Mushrooms","floor":12,"damage_taken":0},{"event_name":"Forgotten Altar","player_choice":"Shed Blood","floor":24,"damage_taken":0},{"event_name":"Vampires","player_choice":"Ignored","floor":28,"damage_taken":0},{"event_name":"Addict","player_choice":"Obtained Relic","floor":29,"damage_taken":0}],"boss_relics":[{"not_picked":["Pandora\u0027s Box","Sozu","Velvet Choker"]},{"not_picked":["The Specimen","Runic Pyramid"],"picked":"Lizard Tail"}],"potions_floor_spawned":[8,11,16,20,22,31,37,38,42,47,48],"seed_played":"770442836024540376","killed_by":"Awakened One","ascension_level":0,"is_trial":false}