{"gold_per_floor":[117,117,117,137,147,172,172,3,77,77,104,104,104],"floor_reached":13,"playtime":387,"items_purged":[],"score":182,"play_id":"4add1dd2-a36a-4355-9470-349d58838397","local_time":"20190208222151","is_ascension_mode":true,"campfire_choices":[{"floor":10,"key":"REST"},{"data":"Bash","floor":12,"key":"SMITH"}],"neow_cost":"NONE","seed_source_timestamp":6720058632595,"circlet_count":0,"master_deck":["AscendersBane","Strike_R","Strike_R","Strike_R","Strike_R","Strike_R","Defend_R","Defend_R","Defend_R+1","Defend_R+1","Bash+1","Metallicize","Feel No Pain","Feel No Pain","Spot Weakness","Normality","Headbutt"],"special_seed":0,"relics":["Cursed Key","Red Skull","Bag of Preparation","Self Forming Clay","Oddly Smooth Stone"],"potions_floor_usage":[11],"damage_taken":[{"damage":2,"enemies":"Jaw Worm","floor":1,"turns":2},{"damage":0,"enemies":"2 Louse","floor":4,"turns":3},{"damage":4,"enemies":"Small Slimes","floor":5,"turns":4},{"damage":37,"enemies":"Lagavulin","floor":6,"turns":9},{"damage":9,"enemies":"3 Sentries","floor":11,"turns":8},{"damage":25,"enemies":"Lagavulin","floor":13,"turns":3}],"seed_played":"-925932204937649101","potions_obtained":[{"floor":4,"key":"LiquidBronze"},{"floor":6,"key":"SkillPotion"},{"floor":11,"key":"Energy Potion"}],"is_trial":false,"path_per_floor":["M","?","?","M","M","E","?","$","T","R","E","R","E"],"character_chosen":"IRONCLAD","items_purchased":["Bag of Preparation"],"campfire_rested":1,"item_purchase_floors":[8],"current_hp_per_floor":[66,43,48,48,44,7,7,7,7,31,22,22,0],"gold":104,"neow_bonus":"BOSS_RELIC","is_prod":false,"is_daily":false,"chose_seed":false,"campfire_upgraded":1,"win_rate":0,"timestamp":1549660911,"path_taken":["M","?","?","M","M","E","?","$","T","R","E","R","E"],"build_version":"2019-02-06","purchased_purges":0,"victory":false,"max_hp_per_floor":[75,75,80,80,80,80,80,80,80,80,80,80,80],"card_choices":[{"not_picked":["Anger","Pommel Strike"],"picked":"Metallicize","floor":1},{"not_picked":["Armaments","Clash"],"picked":"Feel No Pain","floor":4},{"not_picked":["Warcry","Blood for Blood"],"picked":"Feel No Pain","floor":5},{"not_picked":["Rupture","Heavy Blade"],"picked":"Spot Weakness","floor":6},{"not_picked":["Inflame","Searing Blow"],"picked":"Headbutt","floor":11}],"player_experience":958689,"relics_obtained":[{"floor":6,"key":"Red Skull"},{"floor":9,"key":"Self Forming Clay"},{"floor":11,"key":"Oddly Smooth Stone"}],"event_choices":[{"damage_healed":0,"gold_gain":0,"player_choice":"Entered Light","damage_taken":23,"max_hp_gain":0,"max_hp_loss":0,"event_name":"Shining Light","floor":2,"gold_loss":0,"cards_upgraded":["Defend_R","Defend_R"]},{"damage_healed":0,"gold_gain":0,"player_choice":"Donut","damage_taken":0,"max_hp_gain":5,"max_hp_loss":0,"event_name":"Big Fish","floor":3,"gold_loss":0},{"damage_healed":0,"gold_gain":0,"player_choice":"Ignored","damage_taken":0,"max_hp_gain":0,"max_hp_loss":0,"event_name":"Golden Wing","floor":7,"gold_loss":0}],"is_beta":true,"boss_relics":[],"items_purged_floors":[],"is_endless":false,"potions_floor_spawned":[4,6,11],"killed_by":"Lagavulin","ascension_level":20}