{"gold_per_floor":[119,119,132,93,93,137,137,137,137,176,192,121,145,168,168,294,294,318,417,436,194,194],"floor_reached":22,"playtime":3777,"items_purged":[],"score":268,"play_id":"13790e69-db80-4fdf-90f3-cdea50f29259","local_time":"20181223030607","is_ascension_mode":true,"campfire_choices":[{"floor":7,"key":"REST"},{"floor":15,"key":"REST"}],"neow_cost":"NONE","seed_source_timestamp":195143906018208,"circlet_count":0,"master_deck":["Strike_B","Strike_B","Strike_B","Strike_B","Defend_B","Defend_B","Defend_B","Defend_B","Zap","Dualcast","Hello World+1","Sweeping Beam","Self Repair","Sunder","Biased Cognition","Capacitor","Recycle","Sunder","White Noise","Meteor Strike","Consume+1","Leap+1"],"relics":["Cracked Core","Golden Idol","Dodecahedron","Bird Faced Urn","Letter Opener","Inserter","Shuriken"],"potions_floor_usage":[10,13,14,18],"damage_taken":[{"damage":0,"enemies":"Small Slimes","floor":1,"turns":3},{"damage":1,"enemies":"Cultist","floor":3,"turns":3},{"damage":29,"enemies":"3 Sentries","floor":6,"turns":7},{"damage":24,"enemies":"Gremlin Nob","floor":10,"turns":4},{"damage":4,"enemies":"Jaw Worm","floor":11,"turns":4},{"damage":18,"enemies":"Exordium Wildlife","floor":13,"turns":4},{"damage":24,"enemies":"Exordium Thugs","floor":14,"turns":5},{"damage":0,"enemies":"Slime Boss","floor":16,"turns":6},{"damage":62,"enemies":"3 Byrds","floor":18,"turns":6},{"damage":25,"enemies":"Chosen","floor":20,"turns":6},{"damage":21,"enemies":"Sentry and Sphere","floor":22,"turns":3}],"seed_played":"-5119911814673523697","potions_obtained":[{"floor":1,"key":"SteroidPotion"},{"floor":10,"key":"Swift Potion"},{"floor":13,"key":"Poison Potion"},{"floor":14,"key":"SpeedPotion"}],"is_trial":false,"path_per_floor":["M","?","M","$","?","E","R","?","T","E","M","$","M","M","R","B",null,"M","?","M","$","M"],"character_chosen":"DEFECT","items_purchased":["Self Repair","White Noise","Shuriken"],"campfire_rested":2,"item_purchase_floors":[4,12,21],"current_hp_per_floor":[82,82,81,81,61,39,63,63,63,43,52,52,49,38,62,77,82,22,22,12,12,0],"gold":194,"neow_bonus":"TEN_PERCENT_HP_BONUS","is_prod":false,"is_daily":false,"chose_seed":false,"campfire_upgraded":0,"win_rate":0,"timestamp":1545546967,"path_taken":["M","?","M","$","?","E","R","?","T","E","M","$","?","M","R","BOSS","M","?","M","$","M"],"build_version":"2018-12-20","purchased_purges":0,"victory":false,"max_hp_per_floor":[82,82,82,82,82,82,82,82,82,82,82,82,82,82,82,82,82,82,82,82,82,82],"card_choices":[{"not_picked":["Turbo","Sweeping Beam"],"picked":"Hello World","floor":1},{"not_picked":["Beam Cell","Recycle"],"picked":"Sweeping Beam","floor":3},{"not_picked":["Multi-Cast","Sweeping Beam"],"picked":"Sunder","floor":6},{"not_picked":["Compile Driver","Barrage"],"picked":"Recycle","floor":10},{"not_picked":["Blizzard","Reprogram"],"picked":"Sunder","floor":11},{"not_picked":["Sweeping Beam","Rebound","Go for the Eyes"],"picked":"SKIP","floor":13},{"not_picked":["Cold Snap","Tempest","Streamline"],"picked":"SKIP","floor":14},{"not_picked":["Fission","Biased Cognition"],"picked":"Meteor Strike","floor":16},{"not_picked":["Blizzard+1","Leap"],"picked":"Consume+1","floor":18},{"not_picked":["Ball Lightning","Barrage"],"picked":"Leap+1","floor":20}],"player_experience":526447,"relics_obtained":[{"floor":6,"key":"Dodecahedron"},{"floor":9,"key":"Bird Faced Urn"},{"floor":10,"key":"Letter Opener"}],"event_choices":[{"damage_healed":0,"gold_gain":0,"player_choice":"Grow","damage_taken":0,"max_hp_gain":0,"max_hp_loss":0,"event_name":"Living Wall","floor":2,"gold_loss":0,"cards_upgraded":["Hello World"]},{"damage_healed":0,"gold_gain":0,"player_choice":"Take Damage","damage_taken":20,"relics_obtained":["Golden Idol"],"max_hp_gain":0,"max_hp_loss":0,"event_name":"Golden Idol","floor":5,"gold_loss":0},{"damage_healed":0,"gold_gain":0,"player_choice":"2 cards matched","damage_taken":0,"max_hp_gain":0,"max_hp_loss":0,"event_name":"Match and Keep!","floor":8,"gold_loss":0,"cards_obtained":["Biased Cognition","Capacitor"]},{"damage_healed":0,"gold_gain":99,"player_choice":"Stole From Cult","damage_taken":0,"max_hp_gain":0,"max_hp_loss":0,"event_name":"Nest","floor":19,"gold_loss":0}],"is_beta":true,"boss_relics":[{"not_picked":["Pandora\u0027s Box","Runic Dome"],"picked":"Inserter"}],"items_purged_floors":[],"is_endless":false,"potions_floor_spawned":[1,10,13,14],"killed_by":"Sentry and Sphere","ascension_level":2}