{"gold_per_floor":[215,62,76,76,86,120,120,137,137,152,152,170,205,93,93,167,167,186,186,206,224,224,249,249,277,277,129,148,161,174,202,202,279,279,293,308,326,326,326],"floor_reached":39,"playtime":3273,"items_purged":["Strike_R","Strike_R"],"score":849,"play_id":"4c1e9991-ef03-4386-84ca-7c386833eef0","local_time":"20190111130515","is_ascension_mode":true,"campfire_choices":[{"data":"Feed","floor":7.0,"key":"SMITH"},{"data":"Bash","floor":11.0,"key":"SMITH"},{"floor":15.0,"key":"REST"},{"floor":24.0,"key":"REST"},{"floor":32.0,"key":"REST"}],"neow_cost":"NONE","seed_source_timestamp":66639447098305,"circlet_count":0,"master_deck":["AscendersBane","Strike_R","Strike_R","Strike_R","Defend_R","Defend_R","Defend_R","Defend_R","Bash+1","Rampage","Feed+1","Evolve","Headbutt","Shrug It Off","Shrug It Off","Pommel Strike","Combust","Reaper","Shrug It Off","Headbutt","Disarm","Disarm","Headbutt","Flame Barrier","Power Through","Wild Strike","Shrug It Off","Blood for Blood","Inflame","Bludgeon","Power Through+1","Secret Weapon"],"special_seed":0,"relics":["Burning Blood","Boot","Gremlin Horn","Matryoshka","Fusion Hammer","Bird Faced Urn","Strawberry","Regal Pillow","Pantograph","Lantern","Bottled Flame","Orrery"],"potions_floor_usage":[39],"damage_taken":[{"damage":2.0,"enemies":"2 Louse","floor":1.0,"turns":3.0},{"damage":6.0,"enemies":"Cultist","floor":3.0,"turns":5.0},{"damage":4.0,"enemies":"Small Slimes","floor":5.0,"turns":3.0},{"damage":34.0,"enemies":"Gremlin Nob","floor":6.0,"turns":5.0},{"damage":15.0,"enemies":"Red Slaver","floor":8.0,"turns":3.0},{"damage":2.0,"enemies":"2 Fungi Beasts","floor":10.0,"turns":3.0},{"damage":0.0,"enemies":"Exordium Wildlife","floor":12.0,"turns":2.0},{"damage":44.0,"enemies":"Lagavulin","floor":13.0,"turns":7.0},{"damage":48.0,"enemies":"Slime Boss","floor":16.0,"turns":8.0},{"damage":37.0,"enemies":"Spheric Guardian","floor":18.0,"turns":6.0},{"damage":19.0,"enemies":"3 Byrds","floor":20.0,"turns":4.0},{"damage":20.0,"enemies":"Centurion and Healer","floor":21.0,"turns":7.0},{"damage":25.0,"enemies":"Gremlin Leader","floor":23.0,"turns":6.0},{"damage":61.0,"enemies":"Slavers","floor":25.0,"turns":6.0},{"damage":27.0,"enemies":"Cultist and Chosen","floor":28.0,"turns":4.0},{"damage":27.0,"enemies":"Shelled Parasite and Fungi","floor":29.0,"turns":6.0},{"damage":45.0,"enemies":"Sentry and Sphere","floor":30.0,"turns":7.0},{"damage":25.0,"enemies":"Book of Stabbing","floor":31.0,"turns":8.0},{"damage":91.0,"enemies":"Champ","floor":33.0,"turns":12.0},{"damage":31.0,"enemies":"3 Shapes","floor":35.0,"turns":6.0},{"damage":36.0,"enemies":"3 Darklings","floor":36.0,"turns":4.0},{"damage":77,"enemies":"Writhing Mass","floor":37,"turns":9},{"damage":48,"enemies":"Transient","floor":39,"turns":3}],"seed_played":"5330310942725282314","potions_obtained":[{"floor":1.0,"key":"Poison Potion"},{"floor":5.0,"key":"SpeedPotion"},{"floor":12.0,"key":"Strength Potion"},{"floor":16.0,"key":"Strength Potion"},{"floor":25.0,"key":"Explosive Potion"},{"floor":28.0,"key":"Fire Potion"},{"floor":30.0,"key":"Fruit Juice"},{"floor":31.0,"key":"Dexterity Potion"},{"floor":35.0,"key":"SpeedPotion"}],"is_trial":false,"path_per_floor":["M","$","M","?","M","E","R","M","T","M","R","M","E","$","R","B",null,"M","?","M","M","?","E","R","E","T","$","M","M","M","E","R","B",null,"M","M","M","?","M"],"character_chosen":"IRONCLAD","items_purchased":["Feed","Combust","Fire Potion"],"campfire_rested":3,"item_purchase_floors":[2,14,27],"current_hp_per_floor":[72,72,75,75,80,55,55,50,50,58,58,68,30,30,58,20,80,58,58,60,61,61,71,106,69,69,69,64,55,23,13,68,18,107,86,73,13,13,0],"gold":326,"neow_bonus":"HUNDRED_GOLD","is_prod":false,"is_daily":false,"chose_seed":false,"campfire_upgraded":2,"win_rate":0,"timestamp":1547208315,"path_taken":["M","$","M","?","M","E","R","M","T","M","R","M","E","$","R","BOSS","M","?","?","M","?","E","R","E","T","$","?","M","M","E","R","BOSS","M","M","M","?","M"],"build_version":"2019-01-10","purchased_purges":2,"victory":false,"max_hp_per_floor":[75,75,78,78,81,84,84,88,88,92,92,96,96,96,96,100,100,104,104,108,112,112,119,119,123,123,123,127,131,131,136,136,136,136,136,136,136,136,136],"card_choices":[{"not_picked":["Rage","Flex"],"picked":"Rampage","floor":1.0},{"not_picked":["Flex","Perfected Strike"],"picked":"Evolve","floor":3.0},{"not_picked":["Pommel Strike","Flex"],"picked":"Headbutt","floor":5.0},{"not_picked":["Bludgeon","Wild Strike"],"picked":"Shrug It Off","floor":6.0},{"not_picked":["Perfected Strike","Twin Strike"],"picked":"Shrug It Off","floor":8.0},{"not_picked":["Heavy Blade","Perfected Strike"],"picked":"Pommel Strike","floor":10.0},{"not_picked":["Uppercut","Rage","Wild Strike"],"picked":"SKIP","floor":12.0},{"not_picked":["Rage","True Grit","Rupture"],"picked":"SKIP","floor":13.0},{"not_picked":["Exhume","Feed"],"picked":"Reaper","floor":16.0},{"not_picked":["Evolve+1","Sword Boomerang","Dual Wield"],"picked":"SKIP","floor":18.0},{"not_picked":["Evolve+1","Sword Boomerang","Dual Wield"],"picked":"SKIP","floor":18.0},{"not_picked":["Wild Strike+1","Havoc"],"picked":"Shrug It Off","floor":20.0},{"not_picked":["Iron Wave","Corruption"],"picked":"Headbutt","floor":21.0},{"not_picked":["Twin Strike","True Grit","Sentinel"],"picked":"SKIP","floor":23.0},{"not_picked":["Demon Form","Clash+1"],"picked":"Disarm","floor":25.0},{"not_picked":["Seeing Red+1","Flex","True Grit"],"picked":"SKIP","floor":28.0},{"not_picked":["Warcry","Hemokinesis"],"picked":"Disarm","floor":29.0},{"not_picked":["Flex","Inflame"],"picked":"Headbutt","floor":30.0},{"not_picked":["Pommel Strike","Iron Wave"],"picked":"Flame Barrier","floor":31.0},{"not_picked":["Infernal Blade","Cleave+1"],"picked":"Power Through","floor":34.0},{"not_picked":["Pommel Strike","Clash"],"picked":"Wild Strike","floor":34.0},{"not_picked":["Bloodletting","Wild Strike"],"picked":"Shrug It Off","floor":34.0},{"not_picked":["Havoc","Perfected Strike+1"],"picked":"Blood for Blood","floor":34.0},{"not_picked":["Headbutt","Bloodletting"],"picked":"Inflame","floor":35.0},{"not_picked":["Cleave","Carnage"],"picked":"Bludgeon","floor":36.0},{"not_picked":["Evolve","Battle Trance"],"picked":"Power Through+1","floor":37},{"not_picked":["Discovery","Blind"],"picked":"Secret Weapon","floor":38}],"player_experience":331774,"relics_obtained":[{"floor":6.0,"key":"Boot"},{"floor":9.0,"key":"Gremlin Horn"},{"floor":13.0,"key":"Matryoshka"},{"floor":23.0,"key":"Strawberry"},{"floor":25.0,"key":"Regal Pillow"},{"floor":26.0,"key":"Pantograph"},{"floor":26.0,"key":"Lantern"},{"floor":31.0,"key":"Bottled Flame"}],"event_choices":[{"damage_healed":0.0,"max_hp_gain":0.0,"max_hp_loss":0.0,"gold_gain":0.0,"event_name":"Liars Game","player_choice":"Ignored","floor":4.0,"gold_loss":0.0,"damage_taken":0.0},{"damage_healed":0.0,"max_hp_gain":0.0,"max_hp_loss":0.0,"gold_gain":0.0,"event_name":"Match and Keep!","player_choice":"0 cards matched","floor":19.0,"gold_loss":0.0,"damage_taken":0.0,"cards_obtained":[]},{"damage_healed":0.0,"max_hp_gain":0.0,"max_hp_loss":0.0,"gold_gain":0.0,"event_name":"WeMeetAgain","player_choice":"Gave Potion","floor":22.0,"gold_loss":0.0,"damage_taken":0.0,"relics_obtained":["Bird Faced Urn"]},{"damage_healed":0,"gold_gain":0,"player_choice":"Memory 1","damage_taken":0,"max_hp_gain":0,"max_hp_loss":0,"event_name":"SensoryStone","floor":38,"gold_loss":0}],"is_beta":false,"boss_relics":[{"not_picked":["Lizard Tail","Ectoplasm"],"picked":"Fusion Hammer"},{"not_picked":["Runic Dome","Tiny House"],"picked":"Orrery"}],"items_purged_floors":[14,27],"is_endless":false,"potions_floor_spawned":[1,5,12,16,25,28,30,31,35],"killed_by":"Transient","ascension_level":14}