{"gold_per_floor":[18,34,48,59,77,77,104,114,166,166,184,199,199,199,199,299,299,309,35,35,48,65,65,100,100,100,120,134,134],"floor_reached":29,"playtime":3789,"items_purged":["Strike_G"],"score":251,"play_id":"c8d3ac80-2f3a-49dd-9873-45cd5f8b2ddd","local_time":"20181018182432","is_ascension_mode":false,"campfire_choices":[{"data":"Neutralize","floor":6,"key":"SMITH"},{"data":"Sucker Punch","floor":10,"key":"SMITH"},{"data":"Infinite Blades","floor":15,"key":"SMITH"},{"data":"Tools of the Trade","floor":23,"key":"SMITH"}],"neow_cost":"NO_GOLD","seed_source_timestamp":10196742560702,"circlet_count":0,"master_deck":["Defend_G","Defend_G","Defend_G","Defend_G","Strike_G","Strike_G","Survivor","Neutralize+1","Acrobatics","Infinite Blades+1","Deflect","Dagger Throw","Sucker Punch+1","Slice+1","Dagger Spray+1","Poisoned Stab+1","Quick Slash+1","Tools of the Trade+1","Deadly Poison","PiercingWail","Catalyst+1","Noxious Fumes"],"relics":["Ring of the Snake","Molten Egg 2","Potion Belt","Runic Pyramid","TheAbacus","Juzu Bracelet","CultistMask","Pantograph"],"potions_floor_usage":[7,7,16,29],"damage_taken":[{"damage":1,"enemies":"Cultist","floor":1,"turns":4},{"damage":2,"enemies":"Jaw Worm","floor":2,"turns":6},{"damage":0,"enemies":"Small Slimes","floor":3,"turns":6},{"damage":0,"enemies":"Looter","floor":4,"turns":5},{"damage":1,"enemies":"Exordium Wildlife","floor":5,"turns":6},{"damage":1,"enemies":"Lagavulin","floor":7,"turns":10},{"damage":0,"enemies":"2 Fungi Beasts","floor":8,"turns":4},{"damage":9,"enemies":"Large Slime","floor":11,"turns":6},{"damage":2,"enemies":"Gremlin Gang","floor":12,"turns":3},{"damage":36,"enemies":"Slime Boss","floor":16,"turns":12},{"damage":0,"enemies":"Chosen","floor":18,"turns":4},{"damage":0,"enemies":"Shell Parasite","floor":21,"turns":6},{"damage":2,"enemies":"Cultist and Chosen","floor":22,"turns":6},{"damage":25,"enemies":"Slavers","floor":24,"turns":5},{"damage":6,"enemies":"3 Cultists","floor":27,"turns":6},{"damage":18,"enemies":"Snecko","floor":28,"turns":5},{"damage":7,"enemies":"Book of Stabbing","floor":29,"turns":3}],"seed_played":"-3955013198300636764","potions_obtained":[{"floor":2,"key":"Dexterity Potion"},{"floor":5,"key":"PowerPotion"},{"floor":7,"key":"Regen Potion"},{"floor":12,"key":"SteroidPotion"},{"floor":18,"key":"FearPotion"},{"floor":28,"key":"Block Potion"}],"is_trial":false,"path_per_floor":["M","M","M","M","M","R","E","M","T","R","M","M","?","?","R","B",null,"M","$","?","M","M","R","E","?","T","M","M"],"character_chosen":"THE_SILENT","items_purchased":["TheAbacus"],"campfire_rested":0,"item_purchase_floors":[19],"current_hp_per_floor":[69,67,67,67,66,66,65,65,65,65,56,54,47,47,47,26,70,70,70,57,57,55,55,30,30,30,24,6,0],"gold":134,"neow_bonus":"REMOVE_TWO","is_prod":false,"is_daily":false,"chose_seed":false,"campfire_upgraded":4,"win_rate":0.0,"timestamp":1539905072,"path_taken":["M","M","M","M","M","R","E","M","T","R","M","M","?","?","R","BOSS","M","$","?","M","M","R","E","?","T","M","M","E"],"build_version":"2018-10-11","purchased_purges":1,"victory":false,"max_hp_per_floor":[70,70,70,70,70,70,70,70,70,70,70,70,70,70,70,70,70,70,70,75,75,75,75,75,75,75,75,75,75],"card_choices":[{"not_picked":["Poisoned Stab","Blade Dance"],"picked":"Acrobatics","floor":1},{"not_picked":["Bane","Expertise"],"picked":"Infinite Blades","floor":2},{"not_picked":["Dodge and Roll","Eviscerate"],"picked":"Deflect","floor":3},{"not_picked":["Poisoned Stab","Calculated Gamble"],"picked":"Dagger Throw","floor":4},{"not_picked":["Deflect","Slice"],"picked":"Sucker Punch","floor":5},{"not_picked":["Escape Plan","Deflect"],"picked":"Slice","floor":7},{"not_picked":["Catalyst","Dagger Throw+1"],"picked":"Dagger Spray+1","floor":8},{"not_picked":["Choke+1","Bouncing Flask"],"picked":"Poisoned Stab+1","floor":11},{"not_picked":["Bane+1","Distraction"],"picked":"Quick Slash+1","floor":12},{"not_picked":["Night Terror","Bullet Time"],"picked":"Tools of the Trade","floor":16},{"not_picked":["Deflect","Dagger Throw+1"],"picked":"Deadly Poison","floor":18},{"not_picked":["Wraith Form v2","Acrobatics","Deadly Poison"],"picked":"SKIP","floor":21},{"not_picked":["Leg Sweep","Infinite Blades"],"picked":"PiercingWail","floor":22},{"not_picked":["Bane+1","Distraction","All Out Attack+1"],"picked":"SKIP","floor":24},{"not_picked":["Quick Slash+1","Doppelganger"],"picked":"Catalyst+1","floor":27},{"not_picked":["Dagger Throw+1","Flechettes+1"],"picked":"Noxious Fumes","floor":28}],"player_experience":19420,"relics_obtained":[{"floor":7,"key":"Molten Egg 2"},{"floor":9,"key":"Potion Belt"},{"floor":24,"key":"Juzu Bracelet"},{"floor":26,"key":"Pantograph"}],"event_choices":[{"event_name":"Golden Wing","player_choice":"Card Removal","floor":13,"damage_taken":0},{"event_name":"Liars Game","player_choice":"disagreed","floor":14,"damage_taken":0},{"event_name":"Forgotten Altar","player_choice":"Shed Blood","floor":20,"damage_taken":0},{"event_name":"FaceTrader","player_choice":"Trade","floor":25,"damage_taken":0}],"is_beta":false,"boss_relics":[{"not_picked":["Philosopher\u0027s Stone","Empty Cage"],"picked":"Runic Pyramid"}],"items_purged_floors":[19],"is_endless":false,"potions_floor_spawned":[2,5,7,12,18,28],"killed_by":"Book of Stabbing","ascension_level":0}