{"gold_per_floor":[110,130,130,150,150,150,185,185,210,224,189,189,64,93,93,191,191,204,220,234,234,33,33,45,45],"floor_reached":25,"playtime":2073,"items_purged":[],"score":295,"play_id":"563aaa51-ae39-4b5d-8e92-431a00acdd34","local_time":"20190218105113","is_ascension_mode":true,"campfire_choices":[{"floor":6,"key":"REST"},{"floor":8,"key":"REST"},{"floor":12,"key":"REST"},{"data":"Caltrops","floor":15,"key":"SMITH"},{"floor":23,"key":"REST"}],"neow_cost":"PERCENT_DAMAGE","seed_source_timestamp":215076376729865,"circlet_count":0,"master_deck":["Defend_G","Defend_G+1","Defend_G","Defend_G","Defend_G","Strike_G","Strike_G","Strike_G+1","Strike_G","Strike_G","Survivor","Neutralize","Slice","Dodge and Roll","Deflect","Well Laid Plans","Deflect","Caltrops+1","Dagger Throw","Glass Knife","Blur+1","Leg Sweep","Quick Slash","Dash","Acrobatics+1","Escape Plan","Deflect+1"],"relics":["Ring of the Snake","Ice Cream","Bronze Scales","Blood Vial","Prayer Wheel","Lizard Tail","MealTicket"],"potions_floor_usage":[2,7,7,14,18,19,25],"damage_taken":[{"damage":0,"enemies":"Jaw Worm","floor":1,"turns":5},{"damage":0,"enemies":"Small Slimes","floor":2,"turns":5},{"damage":0,"enemies":"Cultist","floor":4,"turns":4},{"damage":33,"enemies":"Lagavulin","floor":7,"turns":11},{"damage":18,"enemies":"Large Slime","floor":10,"turns":8},{"damage":17,"enemies":"3 Sentries","floor":14,"turns":10},{"damage":20,"enemies":"The Guardian","floor":16,"turns":14},{"damage":0,"enemies":"3 Byrds","floor":18,"turns":3},{"damage":10,"enemies":"Spheric Guardian","floor":19,"turns":5},{"damage":27,"enemies":"Chosen and Byrds","floor":20,"turns":8},{"damage":33,"enemies":"Cultist and Chosen","floor":24,"turns":9},{"damage":53,"enemies":"Gremlin Leader","floor":25,"turns":10}],"seed_played":"8902144365868953725","potions_obtained":[{"floor":1,"key":"EntropicBrew"},{"floor":14,"key":"Swift Potion"},{"floor":18,"key":"SkillPotion"},{"floor":20,"key":"Poison Potion"}],"is_trial":false,"path_per_floor":["M","M","?","M","?","R","E","R","T","M","?","R","$","E","R","B",null,"M","M","M","?","$","R","M","E"],"character_chosen":"THE_SILENT","items_purchased":["Block Potion","Caltrops","MealTicket"],"campfire_rested":4,"item_purchase_floors":[13,13,22],"current_hp_per_floor":[45,45,31,31,31,52,19,40,40,24,41,62,62,47,47,29,60,62,54,29,16,16,38,7,0],"gold":45,"neow_bonus":"ONE_RARE_RELIC","is_prod":false,"is_daily":false,"chose_seed":false,"campfire_upgraded":1,"win_rate":0,"timestamp":1550483473,"path_taken":["M","M","?","M","?","R","E","R","T","?","?","R","$","E","R","BOSS","M","M","M","?","$","R","M","E"],"build_version":"2019-01-23","purchased_purges":0,"victory":false,"max_hp_per_floor":[70,70,70,70,70,70,70,70,70,70,70,70,70,70,70,70,70,70,70,70,75,75,75,75,75],"card_choices":[{"not_picked":["Riddle With Holes","Heel Hook"],"picked":"Slice","floor":1},{"not_picked":["Deadly Poison","Poisoned Stab"],"picked":"Dodge and Roll","floor":2},{"not_picked":["Slice","PiercingWail"],"picked":"Deflect","floor":4},{"not_picked":["A Thousand Cuts","Dagger Spray"],"picked":"Well Laid Plans","floor":7},{"not_picked":["Blade Dance","Prepared"],"picked":"Deflect","floor":10},{"not_picked":["Catalyst","Blade Dance"],"picked":"Dagger Throw","floor":14},{"not_picked":["Burst","Die Die Die"],"picked":"Glass Knife","floor":16},{"not_picked":["Underhanded Strike","Slice"],"picked":"Blur+1","floor":18},{"not_picked":["PiercingWail","Cloak And Dagger"],"picked":"Leg Sweep","floor":18},{"not_picked":["Dodge and Roll","Flechettes"],"picked":"Quick Slash","floor":19},{"not_picked":["Outmaneuver+1","Setup","Accuracy+1"],"picked":"SKIP","floor":19},{"not_picked":["Sucker Punch","Prepared"],"picked":"Dash","floor":20},{"not_picked":["Outmaneuver","Bouncing Flask"],"picked":"Acrobatics+1","floor":20},{"not_picked":["Dash","Reflex+1"],"picked":"Escape Plan","floor":24},{"not_picked":["All Out Attack","Grand Finale"],"picked":"Deflect+1","floor":24}],"player_experience":484555,"relics_obtained":[{"floor":7,"key":"Bronze Scales"},{"floor":9,"key":"Blood Vial"},{"floor":14,"key":"Prayer Wheel"}],"event_choices":[{"damage_healed":0,"gold_gain":0,"player_choice":"Entered Light","damage_taken":14,"max_hp_gain":0,"max_hp_loss":0,"event_name":"Shining Light","floor":3,"gold_loss":0,"cards_upgraded":["Defend_G","Strike_G"]},{"damage_healed":0,"gold_gain":0,"player_choice":"Bought 0 Potions","damage_taken":0,"max_hp_gain":0,"max_hp_loss":0,"event_name":"The Woman in Blue","floor":5,"gold_loss":0},{"damage_healed":17,"gold_gain":0,"player_choice":"Healed","damage_taken":0,"max_hp_gain":0,"max_hp_loss":0,"event_name":"The Cleric","floor":11,"gold_loss":35},{"damage_healed":0,"gold_gain":0,"player_choice":"Shed Blood","damage_taken":18,"max_hp_gain":5,"max_hp_loss":0,"event_name":"Forgotten Altar","floor":21,"gold_loss":0}],"is_beta":false,"boss_relics":[{"not_picked":["Ectoplasm","Fusion Hammer"],"picked":"Lizard Tail"}],"items_purged_floors":[],"is_endless":false,"potions_floor_spawned":[1,14,18,20],"killed_by":"Gremlin Leader","ascension_level":8}