{"gold_per_floor":[364,334,26,26,41,41,70,70,150,75,94,94,119,132,132,207,207,219,144,8,8,28,28,44,44,69,69,81],"floor_reached":28,"playtime":1012,"items_purged":["Strike_B"],"score":448,"play_id":"059edbd4-ea3a-47b7-8119-efc6f6c6a8db","local_time":"20181224193410","is_ascension_mode":true,"campfire_choices":[{"data":"Doom and Gloom","floor":6.0,"key":"SMITH"},{"data":"Self Repair","floor":8.0,"key":"SMITH"},{"floor":12.0,"key":"REST"},{"data":"Fission","floor":15.0,"key":"SMITH"},{"data":"Consume","floor":23.0,"key":"SMITH"}],"neow_cost":"PERCENT_DAMAGE","seed_source_timestamp":24450622247660,"circlet_count":0,"master_deck":["AscendersBane","Strike_B","Strike_B","Defend_B+1","Defend_B","Defend_B","Defend_B","Zap","Dualcast","Doom and Gloom+1","Self Repair+1","Auto Shields","Cold Snap","Skim","Hologram+1","Fission+1","Core Surge","Consume+1","Barrage","Hologram","Stack+1"],"special_seed":0,"relics":["Cracked Core","Potion Belt","Oddly Smooth Stone","Tiny Chest","Calipers","Inserter","War Paint","MawBank"],"potions_floor_usage":[28],"damage_taken":[{"damage":7.0,"enemies":"Jaw Worm","floor":1.0,"turns":3.0},{"damage":6.0,"enemies":"Cultist","floor":5.0,"turns":4.0},{"damage":32.0,"enemies":"Gremlin Nob","floor":7.0,"turns":4.0},{"damage":0.0,"enemies":"Small Slimes","floor":11.0,"turns":4.0},{"damage":2.0,"enemies":"3 Sentries","floor":13.0,"turns":5.0},{"damage":1.0,"enemies":"Blue Slaver","floor":14.0,"turns":5.0},{"damage":17.0,"enemies":"The Guardian","floor":16.0,"turns":10.0},{"damage":6.0,"enemies":"Spheric Guardian","floor":18.0,"turns":4.0},{"damage":11.0,"enemies":"3 Byrds","floor":22.0,"turns":7.0},{"damage":4.0,"enemies":"Snecko","floor":24.0,"turns":5.0},{"damage":61,"enemies":"Book of Stabbing","floor":28,"turns":4}],"seed_played":"3124039111239178538","potions_obtained":[{"floor":2.0,"key":"Strength Potion"},{"floor":2.0,"key":"Fire Potion"},{"floor":5.0,"key":"Dexterity Potion"},{"floor":13.0,"key":"Strength Potion"},{"floor":16.0,"key":"Swift Potion"},{"floor":24.0,"key":"SpeedPotion"}],"is_trial":false,"path_per_floor":["M","?","$","?","M","R","E","R","T","$","M","R","E","M","R","B",null,"M","?","$","?","M","R","M","?","T","T","E"],"character_chosen":"DEFECT","items_purchased":["Potion Belt","Self Repair","EntropicBrew","Consume","Barrage"],"campfire_rested":1,"item_purchase_floors":[3,3,3,20,20],"current_hp_per_floor":[39,39,39,39,40,40,15,15,15,15,25,46,54,63,63,56,67,71,71,71,51,50,50,56,56,56,56,0],"gold":81,"neow_bonus":"TWO_FIFTY_GOLD","is_prod":false,"is_daily":false,"chose_seed":false,"campfire_upgraded":4,"win_rate":0,"timestamp":1545676450,"path_taken":["M","?","?","?","M","R","E","R","T","?","M","R","E","?","R","BOSS","M","?","?","?","M","R","M","?","T","?","E"],"build_version":"2018-12-20","purchased_purges":1,"victory":false,"max_hp_per_floor":[71,71,71,71,71,71,71,71,71,71,71,71,71,71,71,71,71,71,71,71,76,76,76,76,76,76,76,76],"card_choices":[{"not_picked":["Conserve Battery","Consume"],"picked":"Doom and Gloom","floor":1.0},{"not_picked":["Leap","Storm"],"picked":"Auto Shields","floor":5.0},{"not_picked":["Steam","Compile Driver"],"picked":"Cold Snap","floor":7.0},{"not_picked":["Coolheaded","Reprogram"],"picked":"Skim","floor":11.0},{"not_picked":["Stack","Go for the Eyes"],"picked":"Hologram","floor":13.0},{"not_picked":["Barrage","Steam"],"picked":"Fission","floor":14.0},{"not_picked":["Reboot","Multi-Cast"],"picked":"Core Surge","floor":16.0},{"not_picked":["Self Repair","Streamline","Stack"],"picked":"SKIP","floor":18.0},{"not_picked":["Leap","Force Field"],"picked":"Hologram","floor":22.0},{"not_picked":["Hologram","Redo"],"picked":"Stack+1","floor":24.0}],"player_experience":862997,"relics_obtained":[{"floor":7.0,"key":"Oddly Smooth Stone"},{"floor":9.0,"key":"Tiny Chest"},{"floor":13.0,"key":"Calipers"},{"floor":26.0,"key":"War Paint"},{"floor":27.0,"key":"MawBank"}],"event_choices":[{"damage_healed":0.0,"max_hp_gain":0.0,"max_hp_loss":0.0,"gold_gain":0.0,"event_name":"The Woman in Blue","player_choice":"Bought 2 Potions","floor":2.0,"gold_loss":0.0,"damage_taken":0.0},{"damage_healed":0.0,"max_hp_gain":0.0,"max_hp_loss":0.0,"gold_gain":0.0,"event_name":"The Cleric","player_choice":"Leave","floor":4.0,"gold_loss":0.0,"damage_taken":0.0},{"cards_removed":["Strike_B"],"damage_healed":0.0,"max_hp_gain":0.0,"max_hp_loss":0.0,"gold_gain":0.0,"event_name":"Beggar","player_choice":"Gave Gold","floor":19.0,"gold_loss":75.0,"damage_taken":0.0},{"damage_healed":0.0,"max_hp_gain":5.0,"max_hp_loss":0.0,"gold_gain":0.0,"event_name":"Forgotten Altar","player_choice":"Shed Blood","floor":21.0,"gold_loss":0.0,"damage_taken":25.0},{"damage_healed":0.0,"max_hp_gain":0.0,"max_hp_loss":0.0,"gold_gain":0.0,"event_name":"Vampires","player_choice":"Ignored","floor":25.0,"gold_loss":0.0,"damage_taken":0.0}],"is_beta":true,"boss_relics":[{"not_picked":["White Beast Statue","Runic Dome"],"picked":"Inserter"}],"items_purged_floors":[10],"is_endless":false,"potions_floor_spawned":[5,13,16,24],"killed_by":"Book of Stabbing","ascension_level":20}