{"path_per_floor":["M","M","M","M","M","R","?","R","T","$","?","E","M","?","R","B",null,"M","?","M","T","$","M","R","?","T","M","E","M","R","M","R"],"character_chosen":"DEFECT","items_purchased":["BootSequence","Mango","Melter","Undo"],"gold_per_floor":[114,129,144,159,174,174,174,174,174,138,138,168,183,358,358,458,458,473,473,488,538,24,39,39,39,119,134,164,179,179,194,194,194],"floor_reached":33,"campfire_rested":2,"playtime":3810,"current_hp_per_floor":[73,62,56,56,56,56,56,56,56,56,61,42,34,34,55,25,69,63,63,60,60,74,74,76,75,74,73,37,39,70,69,68,0],"items_purged":["Prime"],"gold":194,"score":269,"play_id":"d4cd43d3-9b0d-49cd-af43-9b51270ad015","local_time":"20180506054206","daily_mods":["Shiny","Uncertain Future","Terminal"],"is_prod":false,"is_daily":true,"chose_seed":false,"is_ascension_mode":false,"campfire_upgraded":4,"timestamp":1525594326,"path_taken":["M","M","M","M","M","R","?","R","T","$","?","E","M","?","R","BOSS","M","?","M","?","$","M","R","?","T","M","E","M","R","M","R","BOSS"],"build_version":"2018-05-03","seed_source_timestamp":0,"purchased_purges":1,"victory":false,"master_deck":["Multi-Cast","Hyperbeam","Thunder Strike","Biased Cognition","Machine Learning","Rainbow+1","Seek","Meteor Strike","Echo Form","All For One","Reboot","Nova+1","Amplify","Redo","Creative AI","Fission","Reinforced Body","Hologram","Aggregate+1","Go for the Eyes+1","Loop","BootSequence+1","Self Repair","Genetic Algorithm+1","Leap+1","Melter","Undo+1","Aggregate+1","Streamline+1","Storm+1"],"max_hp_per_floor":[73,72,71,70,69,68,74,73,72,71,75,74,73,72,71,70,69,68,67,66,65,78,77,76,75,74,73,72,71,70,69,68,68],"relics":["Cracked Core","Strawberry","Toxic Egg 2","Dodecahedron","Eternal Feather","Bag of Preparation","Mango","Tiny Chest","Blood Vial"],"card_choices":[{"not_picked":["Ball Lightning","Stack"],"picked":"Reinforced Body","floor":1},{"not_picked":["Beam Cell","Buffer"],"picked":"Hologram","floor":2},{"not_picked":["Go for the Eyes","Scrape"],"picked":"Aggregate","floor":3},{"not_picked":["Beam Cell","Leap"],"picked":"Go for the Eyes","floor":4},{"not_picked":["Tempest","Conserve Battery"],"picked":"Loop","floor":5},{"not_picked":["BootSequence","Static Discharge"],"picked":"Self Repair","floor":12},{"not_picked":["Reinforced Body","Cold Snap"],"picked":"Genetic Algorithm","floor":13},{"not_picked":["Turbo","Rebound"],"picked":"Leap","floor":18},{"not_picked":["Streamline","Glacier"],"picked":"Aggregate","floor":28},{"not_picked":["Gash","Coolheaded"],"picked":"Streamline","floor":29},{"not_picked":["Leap","Chaos"],"picked":"Storm","floor":31}],"player_experience":392524,"potions_floor_usage":[12,12,12,16,27,28,31],"damage_taken":[{"damage":0,"enemies":"Small Slimes","floor":1,"turns":2},{"damage":11,"enemies":"Cultist","floor":2,"turns":5},{"damage":6,"enemies":"Jaw Worm","floor":3,"turns":2},{"damage":0,"enemies":"Large Slime","floor":4,"turns":5},{"damage":0,"enemies":"Red Slaver","floor":5,"turns":3},{"damage":19,"enemies":"Gremlin Nob","floor":12,"turns":4},{"damage":8,"enemies":"2 Fungi Beasts","floor":13,"turns":3},{"damage":37,"enemies":"Hexaghost","floor":16,"turns":11},{"damage":6,"enemies":"3 Byrds","floor":18,"turns":4},{"damage":3,"enemies":"Chosen","floor":20,"turns":6},{"damage":0,"enemies":"Snake Plant","floor":23,"turns":3},{"damage":0,"enemies":"Chosen and Byrds","floor":27,"turns":6},{"damage":36,"enemies":"Gremlin Leader","floor":28,"turns":10},{"damage":7,"enemies":"Sentry and Sphere","floor":29,"turns":5},{"damage":24,"enemies":"Snake Plant","floor":31,"turns":7},{"damage":68,"enemies":"Champ","floor":33,"turns":9}],"event_choices":[{"event_name":"Scrap Ooze","player_choice":"success","floor":7,"damage_taken":7},{"event_name":"Big Fish","player_choice":"Donut","floor":11,"damage_taken":0},{"event_name":"Liars Game","player_choice":"agreed","floor":14,"damage_taken":0},{"event_name":"Back to Basics","player_choice":"Elegance","floor":19,"damage_taken":0},{"event_name":"Purifier","player_choice":"One Purge","floor":25,"damage_taken":0}],"boss_relics":[{"not_picked":["Sozu","Pandora\u0027s Box"],"picked":"Eternal Feather"}],"potions_floor_spawned":[1,3,4,13,18,23,29],"seed_played":"-5471539698624743704","killed_by":"Champ","ascension_level":0,"is_trial":false}