{"path_per_floor":["M","M","$","?","M","R","E","M","T","$","?","?","M","?","R","B",null,"M","?","M","M","$","R","M","?","T","R","?","M","M","M","R","B",null,"M","?","$","?","?","R","M","$","T","?","M","M","$","M","R"],"character_chosen":"IRONCLAD","items_purchased":["Perfected Strike","Mind Blast","Strawberry","Thread and Needle","Shrug It Off","Ornamental Fan"],"gold_per_floor":[114,129,84,84,99,99,129,144,144,56,86,36,51,51,51,176,176,195,195,214,233,233,233,252,252,277,277,312,331,350,369,369,494,494,513,513,17,239,239,239,258,258,258,258,277,296,46,65,65,65],"floor_reached":50,"campfire_rested":1,"playtime":2007,"item_purchase_floors":[3,10,37,37,37,47],"current_hp_per_floor":[78,77,76,75,74,73,72,71,70,69,68,67,66,50,64,53,62,61,60,59,49,49,49,55,54,53,52,51,50,49,48,47,20,45,35,35,42,42,42,42,48,47,46,40,31,41,41,48,47,0],"items_purged":[],"gold":65,"score":694,"play_id":"3a43afd1-a43f-4c25-bf38-2042778a6d2b","local_time":"20180524045707","daily_mods":["Allstar","Terminal","Hoarder"],"is_prod":false,"is_daily":true,"chose_seed":false,"is_ascension_mode":false,"campfire_upgraded":6,"win_rate":0,"timestamp":1527146827,"campfire_choices":[{"data":"Whirlwind","floor":6,"key":"SMITH"},{"floor":15,"key":"REST"},{"data":"Whirlwind","floor":23,"key":"SMITH"},{"data":"Whirlwind","floor":27,"key":"SMITH"},{"data":"Apotheosis","floor":32,"key":"SMITH"},{"data":"Apotheosis","floor":40,"key":"SMITH"},{"data":"Apotheosis","floor":49,"key":"SMITH"}],"path_taken":["M","?","$","?","M","R","E","?","T","$","?","?","M","?","R","BOSS","M","?","M","M","$","R","?","?","T","R","?","M","M","M","R","BOSS","M","?","?","?","?","R","?","$","T","?","?","M","$","M","R","BOSS"],"build_version":"2018-05-23v2","seed_source_timestamp":0,"purchased_purges":0,"victory":false,"master_deck":["Strike_R","Strike_R","Strike_R","Strike_R","Strike_R","Defend_R","Defend_R","Defend_R","Defend_R","Bash","Panache","Panache","Secret Technique","Secret Technique","Secret Technique","Apotheosis+1","Apotheosis+1","Apotheosis+1","Thinking Ahead","Thinking Ahead","Thinking Ahead","Secret Weapon","Secret Weapon","Secret Weapon","Clash","Clash","Clash","Perfected Strike","Perfected Strike","Perfected Strike","Whirlwind+1","Whirlwind+1","Whirlwind+1","Mind Blast","Mind Blast","Mind Blast","Perfected Strike","Perfected Strike","Perfected Strike","Battle Trance","Battle Trance","Battle Trance","Pain","Pain","Pain","Inflame","Inflame","Inflame","Feed","Feed","Feed","Shrug It Off","Shrug It Off","Shrug It Off","Pommel Strike","Pommel Strike","Pommel Strike","Jack Of All Trades","Jack Of All Trades","Jack Of All Trades","Regret","Regret","Regret","Madness","Madness","Madness","Madness","Madness","Madness","True Grit+1","True Grit+1","True Grit+1"],"max_hp_per_floor":[78,77,76,75,74,73,72,71,70,69,68,67,66,65,64,63,62,61,60,59,58,57,56,55,54,53,52,51,50,49,48,47,46,45,44,43,49,48,47,46,48,47,46,45,44,43,42,48,47,50],"relics":["Black Blood","Gambling Chip","Vajra","Mercury Hourglass","Golden Idol","Cursed Key","Bronze Scales","Red Mask","Strawberry","Thread and Needle","Ginger","Ornamental Fan"],"card_choices":[{"not_picked":["Wild Strike","Metallicize"],"picked":"Clash","floor":1},{"not_picked":["Anger","Twin Strike","Shrug It Off"],"picked":"SKIP","floor":2},{"not_picked":["Rupture","Wild Strike"],"picked":"Whirlwind","floor":5},{"not_picked":["Twin Strike","Shrug It Off","Clash"],"picked":"SKIP","floor":7},{"not_picked":["Clothesline","Warcry","Entrench"],"picked":"SKIP","floor":8},{"not_picked":["Uppercut","Bloodletting","Heavy Blade"],"picked":"SKIP","floor":13},{"not_picked":["Heavy Blade","Warcry+1","Armaments+1"],"picked":"SKIP","floor":18},{"not_picked":["Anger+1","Iron Wave","Clothesline+1"],"picked":"SKIP","floor":20},{"not_picked":["Cleave","Fire Breathing"],"picked":"Perfected Strike","floor":21},{"not_picked":["Heavy Blade+1","Clash","Searing Blow"],"picked":"SKIP","floor":24},{"not_picked":["Pommel Strike","Carnage","Thunderclap"],"picked":"SKIP","floor":29},{"not_picked":["Anger","Twin Strike","Immolate"],"picked":"SKIP","floor":30},{"not_picked":["Battle Trance","Rage+1"],"picked":"Inflame","floor":31},{"not_picked":["Limit Break","Barricade"],"picked":"Feed","floor":33},{"not_picked":["Havoc+1","Flex","Clothesline"],"picked":"SKIP","floor":35},{"not_picked":["Sword Boomerang","Metallicize","Clothesline+1"],"picked":"SKIP","floor":41},{"not_picked":["Disarm","Twin Strike+1"],"picked":"True Grit+1","floor":45},{"not_picked":["Warcry","Brutality","Iron Wave"],"picked":"SKIP","floor":46},{"not_picked":["Rupture+1","Thunderclap+1","Sword Boomerang+1"],"picked":"SKIP","floor":48}],"player_experience":460600,"potions_floor_usage":[7,13,16,16,24,31,41,45,48,48,50],"damage_taken":[{"damage":1,"enemies":"Cultist","floor":1,"turns":3},{"damage":1,"enemies":"Jaw Worm","floor":2,"turns":2},{"damage":0,"enemies":"Small Slimes","floor":5,"turns":3},{"damage":6,"enemies":"Gremlin Nob","floor":7,"turns":4},{"damage":7,"enemies":"Blue Slaver","floor":8,"turns":2},{"damage":0,"enemies":"Lagavulin Event","floor":11,"turns":2},{"damage":0,"enemies":"Exordium Thugs","floor":13,"turns":2},{"damage":26,"enemies":"The Guardian","floor":16,"turns":6},{"damage":0,"enemies":"Spheric Guardian","floor":18,"turns":1},{"damage":1,"enemies":"3 Byrds","floor":20,"turns":3},{"damage":16,"enemies":"Snake Plant","floor":21,"turns":2},{"damage":0,"enemies":"Slaver and Parasite","floor":24,"turns":2},{"damage":3,"enemies":"Masked Bandits","floor":28,"turns":2},{"damage":1,"enemies":"Centurion and Healer","floor":29,"turns":2},{"damage":7,"enemies":"3 Cultists","floor":30,"turns":3},{"damage":5,"enemies":"Snake Plant","floor":31,"turns":2},{"damage":33,"enemies":"Automaton","floor":33,"turns":6},{"damage":20,"enemies":"Flame Bruiser 1 Orb","floor":35,"turns":3},{"damage":4,"enemies":"3 Darklings","floor":41,"turns":2},{"damage":19,"enemies":"Maw","floor":45,"turns":5},{"damage":0,"enemies":"Spire Growth","floor":46,"turns":2},{"damage":10,"enemies":"4 Shapes","floor":48,"turns":3},{"damage":51,"enemies":"Awakened One","floor":50,"turns":8}],"relics_obtained":[{"floor":7,"key":"Gambling Chip"},{"floor":9,"key":"Vajra"},{"floor":11,"key":"Mercury Hourglass"},{"floor":26,"key":"Bronze Scales"},{"floor":28,"key":"Red Mask"},{"floor":43,"key":"Ginger"}],"event_choices":[{"event_name":"The Lab","player_choice":"Got Potions","floor":4,"damage_taken":0},{"event_name":"Dead Adventurer","player_choice":"Searched \u00272\u0027 times","floor":11,"damage_taken":0},{"event_name":"The Cleric","player_choice":"Card Removal","floor":12,"damage_taken":0},{"event_name":"Golden Idol","player_choice":"Take Damage","floor":14,"damage_taken":0},{"event_name":"Drug Dealer","player_choice":"Ignored","floor":19,"damage_taken":0},{"event_name":"Match and Keep!","player_choice":"1 cards matched","floor":25,"damage_taken":0},{"event_name":"Masked Bandits","player_choice":"Fought over 277 gold","floor":28,"damage_taken":0},{"event_name":"Mysterious Sphere","player_choice":"Ignore","floor":36,"damage_taken":0},{"event_name":"Tomb of Lord Red Mask","player_choice":"Wore Mask","floor":38,"damage_taken":0},{"event_name":"Match and Keep!","player_choice":"2 cards matched","floor":39,"damage_taken":0},{"event_name":"Winding Halls","player_choice":"Embrace Madness","floor":44,"damage_taken":0}],"boss_relics":[{"not_picked":["Black Star","Eternal Feather"],"picked":"Cursed Key"},{"not_picked":["Tiny House","Sozu"],"picked":"Black Blood"}],"items_purged_floors":[],"potions_floor_spawned":[1,5,11,21,24,29,30,35,41,48],"seed_played":"-3551877995311688955","killed_by":"Awakened One","ascension_level":0,"potions_obtained":[{"floor":1,"key":"FearPotion"},{"floor":4,"key":"Regen Potion"},{"floor":4,"key":"GamblersBrew"},{"floor":5,"key":"AttackPotion"},{"floor":11,"key":"Block Potion"},{"floor":21,"key":"Block Potion"},{"floor":24,"key":"Ancient Potion"},{"floor":29,"key":"Weak Potion"},{"floor":30,"key":"Ancient Potion"},{"floor":35,"key":"SteroidPotion"},{"floor":41,"key":"SteroidPotion"},{"floor":48,"key":"PowerPotion"}],"is_trial":false}