{"gold_per_floor":[209,229,229,244,244,244,2,2,2,20,20,38,52,78,78,182,182,193,228,123,123,93],"floor_reached":22,"playtime":1060,"items_purged":[],"score":202,"play_id":"eb14a84d-c178-4716-831c-633fa239f2dc","local_time":"20181220214433","is_ascension_mode":true,"campfire_choices":[{"data":"Zap","floor":6,"key":"SMITH"},{"data":"Hello World","floor":8,"key":"SMITH"},{"data":"Dualcast","floor":11,"key":"SMITH"},{"floor":15,"key":"REST"}],"neow_cost":"NONE","seed_source_timestamp":5769202484115,"circlet_count":0,"master_deck":["Strike_B+1","Strike_B+1","Strike_B+1","Strike_B+1","Defend_B+1","Defend_B+1","Defend_B+1","Defend_B+1","Zap+1","Dualcast+1","Leap","Electrodynamics","Rip and Tear","Hello World+1","Rebound","Doom and Gloom","Reboot","All For One","Static Discharge","Melter","Beam Cell","Blind"],"relics":["Cracked Core","Membership Card","Calipers","Darkstone Periapt","Inserter","Red Mask"],"potions_floor_usage":[14,14,16,18,18,19,19],"damage_taken":[{"damage":7,"enemies":"Jaw Worm","floor":1,"turns":3},{"damage":0,"enemies":"Small Slimes","floor":2,"turns":3},{"damage":0,"enemies":"Cultist","floor":4,"turns":3},{"damage":3,"enemies":"2 Fungi Beasts","floor":10,"turns":3},{"damage":14,"enemies":"Red Slaver","floor":12,"turns":2},{"damage":16,"enemies":"Blue Slaver","floor":13,"turns":3},{"damage":11,"enemies":"3 Sentries","floor":14,"turns":5},{"damage":29,"enemies":"The Guardian","floor":16,"turns":10},{"damage":7,"enemies":"Chosen","floor":18,"turns":4},{"damage":62,"enemies":"Masked Bandits","floor":19,"turns":4},{"damage":7,"enemies":"2 Thieves","floor":22,"turns":1}],"seed_played":"6098121666097573779","potions_obtained":[{"floor":10,"key":"Dexterity Potion"},{"floor":12,"key":"Poison Potion"},{"floor":13,"key":"PowerPotion"},{"floor":16,"key":"EntropicBrew"},{"floor":19,"key":"GamblersBrew"}],"is_trial":false,"path_per_floor":["M","M","$","M","?","R","$","R","T","M","R","M","M","E","R","B",null,"M","?","$","?","M"],"character_chosen":"DEFECT","items_purchased":["Membership Card","Hello World","Melter","Beam Cell","Blind"],"campfire_rested":1,"item_purchase_floors":[7,7,20,20,20],"current_hp_per_floor":[68,68,68,68,68,68,68,68,68,65,65,51,35,24,46,17,75,68,6,6,6,0],"gold":93,"neow_bonus":"HUNDRED_GOLD","is_prod":false,"is_daily":false,"chose_seed":false,"campfire_upgraded":3,"win_rate":0,"timestamp":1545354873,"path_taken":["M","M","$","M","?","R","$","R","T","M","R","M","M","E","R","BOSS","M","?","$","?","?"],"build_version":"2018-12-19","purchased_purges":0,"victory":false,"max_hp_per_floor":[75,75,75,75,75,75,75,75,75,75,75,75,75,75,75,75,75,75,75,75,75,75],"card_choices":[{"not_picked":["Rebound","Gash"],"picked":"Leap","floor":1},{"not_picked":["Redo","Steam"],"picked":"Electrodynamics","floor":2},{"not_picked":["Defragment","Redo"],"picked":"Rip and Tear","floor":4},{"not_picked":["Compile Driver","Cold Snap"],"picked":"Rebound","floor":10},{"not_picked":["Go for the Eyes","Leap","Gash"],"picked":"SKIP","floor":12},{"not_picked":["Loop","BootSequence"],"picked":"Doom and Gloom","floor":13},{"not_picked":["Reprogram","Steam"],"picked":"Reboot","floor":14},{"not_picked":["Thunder Strike","Core Surge"],"picked":"All For One","floor":16},{"not_picked":["Blizzard+1","Capacitor+1"],"picked":"Static Discharge","floor":18}],"player_experience":524891,"relics_obtained":[{"floor":9,"key":"Calipers"},{"floor":14,"key":"Darkstone Periapt"},{"floor":19,"key":"Red Mask"}],"event_choices":[{"damage_healed":0,"gold_gain":0,"player_choice":"Leave","damage_taken":0,"max_hp_gain":0,"max_hp_loss":0,"event_name":"The Cleric","floor":5,"gold_loss":0},{"damage_healed":0,"gold_gain":0,"player_choice":"Fought Bandits","damage_taken":0,"max_hp_gain":0,"max_hp_loss":0,"event_name":"Masked Bandits","floor":19,"gold_loss":0},{"damage_healed":0,"gold_gain":0,"player_choice":"Simplicity","damage_taken":0,"max_hp_gain":0,"max_hp_loss":0,"event_name":"Back to Basics","floor":21,"gold_loss":0,"cards_upgraded":["Strike_B","Strike_B","Strike_B","Strike_B","Defend_B","Defend_B","Defend_B","Defend_B"]}],"is_beta":true,"boss_relics":[{"not_picked":["Velvet Choker","Coffee Dripper"],"picked":"Inserter"}],"items_purged_floors":[],"is_endless":false,"potions_floor_spawned":[10,12,13,16,19],"killed_by":"2 Thieves","ascension_level":2}