{"gold_per_floor":[112,125,125,135,135,168,183,30,53,53,24,59,69,96,96,171,171,189,202,220,220,232,232,232,251,251,251],"floor_reached":27,"playtime":1613,"items_purged":["Strike_B"],"score":481,"play_id":"1ca7b7a6-e9af-487f-9fea-1b9c52d5d0eb","local_time":"20190208165654","is_ascension_mode":true,"campfire_choices":[{"floor":10,"key":"REST"},{"data":"Biased Cognition","floor":15,"key":"SMITH"},{"data":"Chaos","floor":23,"key":"SMITH"}],"neow_cost":"NONE","seed_source_timestamp":10844214788471,"circlet_count":0,"master_deck":["AscendersBane","Strike_B","Strike_B","Strike_B","Defend_B","Defend_B","Defend_B","Defend_B","Zap","Dualcast","Echo Form","Ball Lightning","Ball Lightning","Chaos+1","Biased Cognition+1","Conserve Battery","Self Repair","Compile Driver","Cold Snap","Reinforced Body","Conserve Battery","Seek","Conserve Battery","Defragment","FTL","BootSequence","Undo"],"special_seed":0,"relics":["Cracked Core","Boot","Orichalcum","Blood Vial","Vajra","Sozu","Question Card"],"potions_floor_usage":[12,14],"damage_taken":[{"damage":14.0,"enemies":"Jaw Worm","floor":1.0,"turns":5.0},{"damage":1.0,"enemies":"Cultist","floor":2.0,"turns":3.0},{"damage":10.0,"enemies":"Small Slimes","floor":4.0,"turns":3.0},{"damage":24.0,"enemies":"Gremlin Nob","floor":6.0,"turns":4.0},{"damage":1,"enemies":"Exordium Wildlife","floor":7,"turns":2},{"damage":16,"enemies":"3 Sentries","floor":12,"turns":5},{"damage":4,"enemies":"Exordium Thugs","floor":13,"turns":4},{"damage":0,"enemies":"Lagavulin","floor":14,"turns":5},{"damage":12,"enemies":"Hexaghost","floor":16,"turns":8},{"damage":30,"enemies":"Shell Parasite","floor":18,"turns":5},{"damage":8,"enemies":"Chosen","floor":19,"turns":4},{"damage":15,"enemies":"Centurion and Healer","floor":20,"turns":7},{"damage":16,"enemies":"Shelled Parasite and Fungi","floor":22,"turns":6},{"damage":14,"enemies":"Snake Plant","floor":25,"turns":4},{"damage":42,"enemies":"Slavers","floor":27,"turns":3}],"seed_played":"6656620846285108242","potions_obtained":[{"floor":4.0,"key":"EntropicBrew"},{"floor":6.0,"key":"Explosive Potion"},{"floor":12,"key":"FearPotion"},{"floor":14,"key":"Fruit Juice"}],"is_trial":false,"path_per_floor":["M","M","?","M","?","E","M","$","T","R","$","E","M","E","R","B",null,"M","M","M","?","M","R","?","M","T","E"],"character_chosen":"DEFECT","items_purchased":["Self Repair","Compile Driver"],"campfire_rested":1,"item_purchase_floors":[8,11],"current_hp_per_floor":[50,49,49,39,39,15,14,14,14,35,35,26,31,38,38,35,66,45,39,40,40,33,33,22,24,24,0],"gold":251,"neow_bonus":"ONE_RANDOM_RARE_CARD","is_prod":false,"is_daily":false,"chose_seed":false,"campfire_upgraded":2,"win_rate":0,"timestamp":1549641414,"path_taken":["M","M","?","?","?","E","M","?","T","R","$","E","?","E","R","BOSS","M","M","M","?","M","R","?","M","T","E"],"build_version":"2019-01-23","purchased_purges":1,"victory":false,"max_hp_per_floor":[71,71,71,71,71,71,71,71,71,71,71,71,71,76,76,76,76,76,76,76,76,76,76,76,76,76,76],"card_choices":[{"not_picked":["Gash","Coolheaded"],"picked":"Ball Lightning","floor":1.0},{"not_picked":["Rip and Tear","Conserve Battery"],"picked":"Ball Lightning","floor":2.0},{"not_picked":["Stack","Hello World"],"picked":"Chaos","floor":4.0},{"not_picked":["Cold Snap","Reprogram"],"picked":"Biased Cognition","floor":6.0},{"not_picked":["Cold Snap","Fusion"],"picked":"Conserve Battery","floor":7},{"not_picked":["Redo","Streamline"],"picked":"Cold Snap","floor":12},{"not_picked":["Scrape","Rebound"],"picked":"Reinforced Body","floor":13},{"not_picked":["Rainbow","Rebound"],"picked":"Conserve Battery","floor":14},{"not_picked":["Meteor Strike","Creative AI"],"picked":"Seek","floor":16},{"not_picked":["Consume","Stack","Barrage"],"picked":"SKIP","floor":18},{"not_picked":["Cold Snap","Turbo"],"picked":"Conserve Battery","floor":19},{"not_picked":["Leap","Ball Lightning"],"picked":"Defragment","floor":20},{"not_picked":["Go for the Eyes","Fusion"],"picked":"BootSequence","floor":22},{"not_picked":["Rebound+1","Compile Driver"],"picked":"Undo","floor":25}],"player_experience":433856,"relics_obtained":[{"floor":6.0,"key":"Boot"},{"floor":9,"key":"Orichalcum"},{"floor":12,"key":"Blood Vial"},{"floor":14,"key":"Vajra"},{"floor":26,"key":"Question Card"}],"event_choices":[{"damage_healed":0.0,"max_hp_gain":0.0,"max_hp_loss":0.0,"gold_gain":0.0,"event_name":"Wheel of Change","player_choice":"Cursed","floor":3.0,"gold_loss":0.0,"damage_taken":0.0,"cards_obtained":["Decay"]},{"cards_removed":["Decay"],"damage_healed":0.0,"max_hp_gain":0.0,"max_hp_loss":0.0,"gold_gain":0.0,"event_name":"Living Wall","player_choice":"Forget","floor":5.0,"gold_loss":0.0,"damage_taken":0.0},{"damage_healed":0,"gold_gain":0,"player_choice":"Read","damage_taken":0,"max_hp_gain":0,"max_hp_loss":0,"event_name":"The Library","floor":21,"gold_loss":0,"cards_obtained":["FTL"]},{"damage_healed":0,"gold_gain":0,"player_choice":"Damaged","damage_taken":11,"max_hp_gain":0,"max_hp_loss":0,"event_name":"Wheel of Change","floor":24,"gold_loss":0}],"is_beta":false,"boss_relics":[{"not_picked":["Philosopher\u0027s Stone","FrozenCore"],"picked":"Sozu"}],"items_purged_floors":[8],"is_endless":false,"potions_floor_spawned":[4,6,7,12,14,18],"killed_by":"Slavers","ascension_level":17}