{"gold_per_floor":[214,227,30,43,4,17,17,17,44,44,88,102,102,116,116,240,240,253,268,46,8,24,24,59,71,83,95,128,140,152,164,176,188],"floor_reached":33,"playtime":1422,"items_purged":["Injury"],"score":265,"play_id":"ed80955e-f3ea-4d76-b8fc-61afda9a2fc0","local_time":"20190128024719","is_ascension_mode":false,"campfire_choices":[{"data":"Apotheosis","floor":8,"key":"SMITH"},{"floor":10,"key":"RECALL"},{"floor":15,"key":"REST"},{"floor":23,"key":"REST"},{"floor":25,"key":"REST"},{"data":"Flex","floor":27,"key":"SMITH"},{"floor":32,"key":"REST"}],"neow_cost":"NONE","seed_source_timestamp":286944526986142,"circlet_count":0,"master_deck":["Strike_R","Strike_R","Strike_R","Strike_R","Strike_R","Defend_R","Defend_R","Defend_R","Defend_R","Bash","Thunderclap","Shrug It Off","Apotheosis+1","Dropkick","Second Wind","Cleave","Immolate","Offering","Flex+1","Clothesline","Infernal Blade","Thunderclap+1","Battle Trance+1","Necronomicurse"],"relics":["Burning Blood","Golden Idol","Juzu Bracelet","Pen Nib","Art of War","MawBank","Paper Frog","Necronomicon","Regal Pillow"],"potions_floor_usage":[6,11,12,19,22,22,24],"damage_taken":[{"damage":6,"enemies":"Cultist","floor":1,"turns":3},{"damage":5,"enemies":"Small Slimes","floor":2,"turns":4},{"damage":0,"enemies":"Jaw Worm","floor":4,"turns":3},{"damage":6,"enemies":"Exordium Thugs","floor":6,"turns":4},{"damage":21,"enemies":"3 Sentries","floor":11,"turns":9},{"damage":5,"enemies":"2 Fungi Beasts","floor":12,"turns":3},{"damage":11,"enemies":"Blue Slaver","floor":14,"turns":3},{"damage":35,"enemies":"Slime Boss","floor":16,"turns":8},{"damage":0,"enemies":"Chosen","floor":18,"turns":3},{"damage":8,"enemies":"Spheric Guardian","floor":19,"turns":5},{"damage":25,"enemies":"Snake Plant","floor":22,"turns":4},{"damage":41,"enemies":"Gremlin Leader","floor":24,"turns":5},{"damage":31,"enemies":"Snecko","floor":28,"turns":6},{"damage":78,"enemies":"Champ","floor":33,"turns":8}],"seed_played":"-4658202860505841002","potions_obtained":[{"floor":1,"key":"Block Potion"},{"floor":2,"key":"FearPotion"},{"floor":11,"key":"Energy Potion"},{"floor":12,"key":"Ancient Potion"},{"floor":14,"key":"Block Potion"},{"floor":19,"key":"Dexterity Potion"},{"floor":22,"key":"Block Potion"}],"is_trial":false,"path_per_floor":["M","M","$","M","$","M","?","R","T","R","E","M","?","M","R","B",null,"M","M","$","$","M","R","E","R","T","R","M","?","?","?","R","B"],"character_chosen":"IRONCLAD","items_purchased":["Apotheosis","Dropkick","Art of War","Infernal Blade"],"campfire_rested":4,"item_purchase_floors":[3,5,20,21],"current_hp_per_floor":[80,80,80,80,80,80,80,80,80,80,65,66,66,61,80,51,80,80,78,78,78,59,80,45,69,69,69,44,44,28,28,67,0],"gold":188,"neow_bonus":"HUNDRED_GOLD","is_prod":false,"is_daily":false,"chose_seed":false,"campfire_upgraded":2,"win_rate":0,"timestamp":1548656239,"path_taken":["M","M","$","M","?","M","?","R","T","R","E","M","?","M","R","BOSS","M","M","?","$","M","R","E","R","T","R","M","?","?","?","R","BOSS"],"build_version":"2019-01-23","purchased_purges":1,"victory":false,"max_hp_per_floor":[80,80,80,80,80,80,80,80,80,80,80,80,80,80,80,80,80,80,80,80,80,80,80,80,80,80,80,80,80,80,80,80,80],"card_choices":[{"not_picked":["Body Slam","Battle Trance"],"picked":"Thunderclap","floor":1},{"not_picked":["Twin Strike","Shockwave"],"picked":"Shrug It Off","floor":2},{"not_picked":["Cleave","Headbutt"],"picked":"Dual Wield","floor":4},{"not_picked":["Twin Strike","Perfected Strike","Combust"],"picked":"SKIP","floor":6},{"not_picked":["Fire Breathing","Intimidate"],"picked":"Second Wind","floor":11},{"not_picked":["True Grit","Dual Wield"],"picked":"Cleave","floor":12},{"not_picked":["Armaments","Clash","Reckless Charge"],"picked":"SKIP","floor":14},{"not_picked":["Fiend Fire","Juggernaut"],"picked":"Offering","floor":16},{"not_picked":["Carnage","Rupture+1"],"picked":"Flex","floor":18},{"not_picked":["Rupture","Clash"],"picked":"Clothesline","floor":19},{"not_picked":["Shockwave+1","Havoc"],"picked":"Thunderclap+1","floor":22},{"not_picked":["Warcry","True Grit","Perfected Strike+1"],"picked":"SKIP","floor":24},{"not_picked":["Second Wind","Fire Breathing+1"],"picked":"Battle Trance+1","floor":28}],"player_experience":612765,"relics_obtained":[{"floor":9,"key":"Juzu Bracelet"},{"floor":11,"key":"Pen Nib"},{"floor":24,"key":"MawBank"},{"floor":26,"key":"Paper Frog"},{"floor":30,"key":"Necronomicon"}],"event_choices":[{"damage_healed":0,"gold_gain":0,"player_choice":"Take Wound","damage_taken":0,"relics_obtained":["Golden Idol"],"max_hp_gain":0,"max_hp_loss":0,"event_name":"Golden Idol","floor":7,"gold_loss":0,"cards_obtained":["Injury"]},{"damage_healed":0,"gold_gain":0,"cards_transformed":["Dual Wield"],"player_choice":"Transformed","damage_taken":0,"max_hp_gain":0,"max_hp_loss":0,"event_name":"Transmorgrifier","floor":13,"gold_loss":0,"cards_obtained":["Immolate"]},{"damage_healed":0,"gold_gain":0,"player_choice":"Ignored","damage_taken":0,"max_hp_gain":0,"max_hp_loss":0,"event_name":"Purifier","floor":29,"gold_loss":0},{"damage_healed":0,"gold_gain":0,"player_choice":"Obtained Book","damage_taken":16,"max_hp_gain":0,"max_hp_loss":0,"event_name":"Cursed Tome","floor":30,"gold_loss":0},{"damage_healed":0,"gold_gain":0,"player_choice":"Opened","damage_taken":0,"relics_obtained":["Regal Pillow"],"max_hp_gain":0,"max_hp_loss":0,"event_name":"The Mausoleum","floor":31,"gold_loss":0}],"is_beta":true,"boss_relics":[{"not_picked":["Pandora\u0027s Box","Coffee Dripper","Snecko Eye"]}],"items_purged_floors":[20],"is_endless":false,"potions_floor_spawned":[1,2,11,12,14,19,22],"killed_by":"Champ","ascension_level":0}