{"gold_per_floor":[369,7,7,7,24,57,57,87,87,87,101,61,74,39,39,110,110,128,156,156,156,156,156,171,11,11,11,11,11,25,37,37,111,111,124,3,225,243,255,255,255,255,255,255,25,44,56,71,71,71,71],"floor_reached":51,"playtime":4603,"items_purged":["Strike_G","Clumsy"],"score":1306,"play_id":"779c750d-2fac-4044-a8e5-218b996742eb","local_time":"20181016213524","is_ascension_mode":true,"campfire_choices":[{"floor":7,"key":"REST"},{"data":"Malaise","floor":10,"key":"SMITH"},{"data":"Neutralize","floor":15,"key":"SMITH"},{"floor":23,"key":"REST"},{"data":"Catalyst","floor":27,"key":"SMITH"},{"floor":29,"key":"REST"},{"data":"Catalyst","floor":32,"key":"SMITH"},{"floor":40,"key":"REST"},{"data":"Well Laid Plans","floor":44,"key":"SMITH"},{"floor":49,"key":"REST"}],"neow_cost":"PERCENT_DAMAGE","seed_source_timestamp":1719519252270,"circlet_count":0,"master_deck":["Defend_G","Defend_G","Defend_G","Defend_G","Defend_G","Strike_G","Strike_G","Strike_G","Survivor","Neutralize+1","AscendersBane","Deadly Poison","Metamorphosis","Well Laid Plans+1","PiercingWail","Catalyst+1","Malaise+1","Blur","Tools of the Trade","Deadly Poison","Footwork+1","Catalyst+1","Clumsy","Bouncing Flask+1","Die Die Die","Prepared+1","Panacea","Acrobatics","Clumsy","Backflip+1","Backflip+1"],"relics":["Ring of the Snake","NlothsMask","StoneCalendar","The Specimen","Cursed Key","Red Mask","Centennial Puzzle","Question Card","Eternal Feather","Toxic Egg 2","Art of War"],"potions_floor_usage":[11,13,16,30,35,35,39,48,51,51],"damage_taken":[{"damage":3,"enemies":"2 Louse","floor":1,"turns":4},{"damage":0,"enemies":"Cultist","floor":5,"turns":3},{"damage":22,"enemies":"Lagavulin","floor":6,"turns":6},{"damage":24,"enemies":"3 Sentries","floor":8,"turns":7},{"damage":6,"enemies":"Small Slimes","floor":11,"turns":6},{"damage":10,"enemies":"Exordium Wildlife","floor":13,"turns":5},{"damage":23,"enemies":"Hexaghost","floor":16,"turns":15},{"damage":7,"enemies":"Spheric Guardian","floor":18,"turns":6},{"damage":28,"enemies":"Masked Bandits","floor":19,"turns":6},{"damage":4,"enemies":"2 Thieves","floor":24,"turns":4},{"damage":2,"enemies":"Centurion and Healer","floor":30,"turns":6},{"damage":3,"enemies":"3 Cultists","floor":31,"turns":4},{"damage":30,"enemies":"Collector","floor":33,"turns":3},{"damage":0,"enemies":"3 Darklings","floor":35,"turns":4},{"damage":10,"enemies":"Orb Walker","floor":38,"turns":4},{"damage":33,"enemies":"Jaw Worm Horde","floor":39,"turns":6},{"damage":16,"enemies":"Sphere and 2 Shapes","floor":46,"turns":6},{"damage":22,"enemies":"3 Darklings","floor":47,"turns":7},{"damage":3,"enemies":"Spire Growth","floor":48,"turns":4},{"damage":17,"enemies":"Time Eater","floor":50,"turns":8},{"damage":42,"enemies":"Awakened One","floor":51,"turns":3}],"seed_played":"4588698199468811199","potions_obtained":[{"floor":8,"key":"Regen Potion"},{"floor":12,"key":"PowerPotion"},{"floor":12,"key":"PowerPotion"},{"floor":30,"key":"Poison Potion"},{"floor":31,"key":"SkillPotion"},{"floor":35,"key":"GhostInAJar"},{"floor":46,"key":"Weak Potion"},{"floor":47,"key":"EssenceOfSteel"},{"floor":48,"key":"Explosive Potion"}],"is_trial":false,"path_per_floor":["M","$","?","?","M","E","R","E","T","R","M","?","M","?","R","B",null,"M","?","?","T","?","R","M","$","T","R","$","R","M","M","R","B",null,"M","$","?","M","M","R","?","T","T","R","$","M","M","M","R","B"],"character_chosen":"THE_SILENT","items_purchased":["Metamorphosis","Well Laid Plans","Block Potion","Panacea","Backflip+1","Art of War"],"campfire_rested":5,"item_purchase_floors":[2,2,25,36,45,45],"current_hp_per_floor":[41,41,41,41,41,19,38,14,14,14,23,23,13,29,29,6,51,44,16,16,16,16,35,31,31,31,31,31,50,48,45,45,15,53,53,53,53,43,10,44,44,44,44,59,59,43,21,18,55,38,0],"gold":71,"neow_bonus":"TWO_FIFTY_GOLD","is_prod":false,"is_daily":false,"chose_seed":false,"campfire_upgraded":5,"win_rate":0,"timestamp":1539718524,"path_taken":["M","$","?","?","?","E","R","E","T","R","M","?","M","?","R","BOSS","M","?","?","?","?","R","M","$","T","R","?","R","M","M","R","BOSS","M","?","?","M","M","R","?","?","T","R","?","M","M","M","R","BOSS","BOSS"],"build_version":"2018-10-15v2","purchased_purges":2,"victory":false,"max_hp_per_floor":[66,66,66,66,66,66,66,66,66,66,66,66,66,66,66,66,66,66,66,66,66,66,66,66,66,66,66,66,66,66,66,66,66,66,66,66,66,66,66,66,66,66,66,66,66,66,66,66,66,66,66],"card_choices":[{"not_picked":["Flying Knee","Distraction"],"picked":"Deadly Poison","floor":1},{"not_picked":["Sucker Punch","Bane"],"picked":"PiercingWail","floor":5},{"not_picked":["Sucker Punch","Bane"],"picked":"Catalyst","floor":6},{"not_picked":["Quick Slash","Outmaneuver"],"picked":"Malaise","floor":8},{"not_picked":["Dagger Throw","Underhanded Strike"],"picked":"Blur","floor":11},{"not_picked":["Underhanded Strike","Heel Hook","PiercingWail"],"picked":"SKIP","floor":13},{"not_picked":["Doppelganger","Malaise"],"picked":"Tools of the Trade","floor":16},{"not_picked":["Accuracy","Caltrops"],"picked":"Deadly Poison","floor":18},{"not_picked":["Choke","Dagger Throw"],"picked":"Footwork+1","floor":19},{"not_picked":["Deadly Poison","Blade Dance+1","Slice"],"picked":"SKIP","floor":24},{"not_picked":["Blade Dance+1","Underhanded Strike","Calculated Gamble"],"picked":"Bouncing Flask+1","floor":30},{"not_picked":["Flechettes","Dagger Spray","Cloak And Dagger","Concentrate"],"picked":"SKIP","floor":31},{"not_picked":["Phantasmal Killer","Venomology","Corpse Explosion"],"picked":"Die Die Die","floor":33},{"not_picked":["Terror+1","PiercingWail","Dagger Spray"],"picked":"Prepared+1","floor":35},{"not_picked":["Backstab","Poisoned Stab","Blade Dance","Prepared"],"picked":"SKIP","floor":38},{"not_picked":["Escape Plan","Cloak And Dagger+1","Slice"],"picked":"Acrobatics","floor":39},{"not_picked":["Blade Dance+1","Prepared+1","Cloak And Dagger+1","Dagger Throw"],"picked":"SKIP","floor":46},{"not_picked":["Quick Slash+1","Poisoned Stab","Finisher"],"picked":"Backflip+1","floor":47},{"not_picked":["PiercingWail+1","Concentrate+1","Doppelganger+1","Cloak And Dagger+1"],"picked":"SKIP","floor":48}],"player_experience":712225,"relics_obtained":[{"floor":6,"key":"StoneCalendar"},{"floor":8,"key":"The Specimen"},{"floor":19,"key":"Red Mask"},{"floor":21,"key":"Centennial Puzzle"},{"floor":26,"key":"Question Card"},{"floor":42,"key":"Toxic Egg 2"}],"event_choices":[{"event_name":"FaceTrader","player_choice":"Trade","floor":3,"damage_taken":0},{"event_name":"Wheel of Change","player_choice":"Card Removal","floor":4,"damage_taken":0},{"event_name":"The Woman in Blue","player_choice":"Bought 3 Potions","floor":12,"damage_taken":0},{"event_name":"The Cleric","player_choice":"Healed","floor":14,"damage_taken":0},{"event_name":"Masked Bandits","player_choice":"Fought Bandits","floor":19,"damage_taken":0},{"event_name":"Duplicator","player_choice":"One dupe","floor":20,"damage_taken":0},{"event_name":"Cursed Tome","player_choice":"Ignored","floor":22,"damage_taken":0},{"event_name":"Tomb of Lord Red Mask","player_choice":"Wore Mask","floor":37,"damage_taken":0},{"event_name":"SensoryStone","player_choice":"Memory 1","floor":41,"damage_taken":0}],"is_beta":true,"boss_relics":[{"not_picked":["Busted Crown","Lizard Tail"],"picked":"Cursed Key"},{"not_picked":["Philosopher\u0027s Stone","Fusion Hammer"],"picked":"Eternal Feather"}],"items_purged_floors":[2,25],"is_endless":false,"potions_floor_spawned":[8,30,31,35,46,47,48],"killed_by":"Awakened One","ascension_level":20}