{"path_per_floor":["M","$","M","M","$","R","$","R","T","R","M","?","M","M","R","B",null,"M","?","?","$","M","E","R","M","T","R","$","?"],"character_chosen":"DEFECT","items_purchased":["White Noise","Buffer","Jack Of All Trades","Aggregate","Steam","Scrape"],"gold_per_floor":[119,79,99,116,46,46,46,46,46,46,60,60,75,87,87,183,183,197,197,197,4,17,48,48,67,115,115,47,47,47],"floor_reached":30,"campfire_rested":4,"playtime":1746,"item_purchase_floors":[2,5,21,21,21,28],"current_hp_per_floor":[75,75,66,59,59,59,59,75,75,75,64,64,64,53,75,9,75,50,50,50,50,50,18,40,28,28,50,50,50,0],"items_purged":[],"gold":47,"score":250,"play_id":"0d565a23-6cba-4220-9ad1-81c7617a3141","local_time":"20180522060503","is_prod":false,"is_daily":false,"chose_seed":false,"is_ascension_mode":true,"campfire_upgraded":2,"timestamp":1526978103,"campfire_choices":[{"data":"Creative AI","floor":6,"key":"SMITH"},{"floor":8,"key":"REST"},{"data":"Steam","floor":10,"key":"SMITH"},{"floor":15,"key":"REST"},{"floor":24,"key":"REST"},{"floor":27,"key":"REST"}],"path_taken":["M","$","M","M","$","R","$","R","T","R","?","?","M","M","R","BOSS","M","?","?","$","M","E","R","M","T","R","$","?","M"],"build_version":"2018-05-18","seed_source_timestamp":526216352563433,"purchased_purges":0,"victory":false,"master_deck":["Strike_B+1","Strike_B+1","Strike_B","Strike_B","Defend_B","Defend_B","Defend_B","Defend_B","Zap","Dualcast","Axe Kick","White Noise","Steam+1","Creative AI+1","Skim","Leap","White Noise","Rebound","Amplify","Buffer","Hologram","Leap","Multi-Cast","Storm","Jack Of All Trades","Aggregate","Steam","Rainbow","Sunder","Scrape"],"max_hp_per_floor":[75,75,75,75,75,75,75,75,75,75,75,75,75,75,75,75,75,75,75,75,75,75,75,75,75,75,75,75,75,75],"relics":["Orrery","DataDisk","Nuclear Battery","Meat on the Bone","Whetstone","Singing Bowl"],"card_choices":[{"not_picked":["Go for the Eyes","Streamline"],"picked":"Axe Kick","floor":0},{"not_picked":["Tempest","Capacitor"],"picked":"White Noise","floor":0},{"not_picked":["Barrage","Sweeping Beam"],"picked":"Steam","floor":0},{"not_picked":["Steam","Reinforced Body"],"picked":"Creative AI","floor":0},{"not_picked":["Beam Cell","Coolheaded"],"picked":"Skim","floor":0},{"not_picked":["Skim","Force Field"],"picked":"Leap","floor":1},{"not_picked":["Streamline","Go for the Eyes"],"picked":"Rebound","floor":3},{"not_picked":["Capacitor","Rebound"],"picked":"Amplify","floor":4},{"not_picked":["Steam","Reprogram"],"picked":"Hologram","floor":11},{"not_picked":["Fusion","Steam","Gash"],"picked":"SKIP","floor":13},{"not_picked":["Beam Cell","Lockon"],"picked":"Leap","floor":14},{"not_picked":["Amplify","Meteor Strike"],"picked":"Multi-Cast","floor":16},{"not_picked":["Go for the Eyes+1","Beam Cell"],"picked":"Storm","floor":18},{"not_picked":["Sweeping Beam","Hologram","Cold Snap"],"picked":"SKIP","floor":22},{"not_picked":["Coolheaded","Steam Power"],"picked":"Rainbow","floor":23},{"not_picked":["Leap","Ball Lightning"],"picked":"Sunder","floor":25}],"player_experience":453056,"potions_floor_usage":[11,13,13,13,13,13,16,18,23,30],"damage_taken":[{"damage":0,"enemies":"Cultist","floor":1,"turns":4},{"damage":16,"enemies":"Jaw Worm","floor":3,"turns":6},{"damage":7,"enemies":"Small Slimes","floor":4,"turns":4},{"damage":11,"enemies":"Exordium Wildlife","floor":11,"turns":8},{"damage":0,"enemies":"Blue Slaver","floor":13,"turns":5},{"damage":11,"enemies":"Looter","floor":14,"turns":4},{"damage":66,"enemies":"The Guardian","floor":16,"turns":16},{"damage":25,"enemies":"3 Byrds","floor":18,"turns":6},{"damage":0,"enemies":"Chosen","floor":22,"turns":7},{"damage":44,"enemies":"Book of Stabbing","floor":23,"turns":7},{"damage":24,"enemies":"Snake Plant","floor":25,"turns":4},{"damage":59,"enemies":"3 Cultists","floor":30,"turns":6}],"relics_obtained":[{"floor":9,"key":"DataDisk"},{"floor":23,"key":"Whetstone"},{"floor":26,"key":"Singing Bowl"}],"event_choices":[{"event_name":"The Lab","player_choice":"Got Potions","floor":12,"damage_taken":0},{"event_name":"The Mausoleum","player_choice":"Yes","floor":19,"damage_taken":0},{"event_name":"Vampires","player_choice":"Ignored","floor":20,"damage_taken":0},{"event_name":"Drug Dealer","player_choice":"Ignored","floor":29,"damage_taken":0}],"boss_relics":[{"not_picked":["Snecko Eye","Black Star"],"picked":"Nuclear Battery"}],"items_purged_floors":[],"potions_floor_spawned":[4,14,16,25],"seed_played":"-2116211745122664994","killed_by":"3 Cultists","ascension_level":1,"potions_obtained":[{"floor":4,"key":"Dexterity Potion"},{"floor":12,"key":"AttackPotion"},{"floor":12,"key":"EntropicBrew"},{"floor":12,"key":"Weak Potion"},{"floor":14,"key":"FearPotion"},{"floor":16,"key":"SpeedPotion"},{"floor":25,"key":"Weak Potion"}],"is_trial":false}