{"path_per_floor":["M","?","$","M","?","E","M","E","T","R","M","?","T","$","R","B",null,"M","?","T","?","$","R"],"character_chosen":"IRONCLAD","items_purchased":["Vajra"],"gold_per_floor":[115,115,40,54,54,88,106,133,157,157,175,125,152,5,5,106,106,124,124,124,124,24,24,24],"floor_reached":24,"campfire_rested":1,"playtime":667,"current_hp_per_floor":[78,60,60,61,45,45,51,33,33,59,65,65,65,65,65,36,82,71,55,55,55,55,55,0],"items_purged":["Decay","Strike_R"],"gold":24,"score":236,"play_id":"573af83c-1c2b-4e84-b5a9-2c8f4a45e9b5","local_time":"20180428124641","is_prod":false,"is_daily":false,"chose_seed":false,"is_ascension_mode":true,"campfire_upgraded":2,"timestamp":1524934001,"path_taken":["M","?","$","M","?","E","M","E","T","R","M","?","?","?","R","BOSS","M","?","?","?","?","R","E"],"build_version":"2018-04-26","seed_source_timestamp":56363542110053,"purchased_purges":2,"victory":false,"master_deck":["Strike_R","Strike_R","Strike_R+1","Defend_R","Defend_R","Defend_R","Defend_R","Bash","Bludgeon+1","Flex","Pommel Strike","Reaper","Twin Strike","Battle Trance","Bloodletting+1","Demon Form","Necronomicurse","Whirlwind+1"],"max_hp_per_floor":[80,80,80,80,80,80,80,80,80,82,82,82,82,82,82,82,82,84,84,84,84,84,84,84],"relics":["Black Blood","Dream Catcher","Pen Nib","Singing Bowl","Juzu Bracelet","Ancient Tea Set","Vajra","Necronomicon","Shuriken"],"card_choices":[{"not_picked":["Fiend Fire","Brutality"],"picked":"Bludgeon","floor":0},{"not_picked":["Metallicize","Rupture"],"picked":"Flex","floor":1},{"not_picked":["Heavy Blade","Havoc"],"picked":"Pommel Strike","floor":4},{"not_picked":["Power Through","Iron Wave"],"picked":"Reaper","floor":6},{"not_picked":["Headbutt","Feel No Pain"],"picked":"Twin Strike","floor":7},{"not_picked":["True Grit","Uppercut"],"picked":"Battle Trance","floor":8},{"not_picked":["Carnage","Infernal Blade"],"picked":"Bloodletting","floor":11},{"not_picked":["Barricade","Immolate"],"picked":"Demon Form","floor":16}],"player_experience":106151,"potions_floor_usage":[7,8,8,16],"damage_taken":[{"damage":8,"enemies":"Cultist","floor":1,"turns":3},{"damage":5,"enemies":"2 Louse","floor":4,"turns":4},{"damage":6,"enemies":"Gremlin Nob","floor":6,"turns":3},{"damage":0,"enemies":"Jaw Worm","floor":7,"turns":1},{"damage":24,"enemies":"Lagavulin","floor":8,"turns":4},{"damage":6,"enemies":"Blue Slaver","floor":11,"turns":4},{"damage":35,"enemies":"Hexaghost","floor":16,"turns":4},{"damage":23,"enemies":"Shell Parasite","floor":18,"turns":4},{"damage":69,"enemies":"Book of Stabbing","floor":24,"turns":5}],"event_choices":[{"event_name":"Scrap Ooze","player_choice":"success","floor":2,"damage_taken":18},{"event_name":"Shining Light","player_choice":"Entered Light","floor":5,"damage_taken":0},{"event_name":"The Cleric","player_choice":"Card Removal","floor":12,"damage_taken":0},{"event_name":"Cursed Tome","player_choice":"Obtained Book","floor":19,"damage_taken":0},{"event_name":"The Library","player_choice":"Read","floor":21,"damage_taken":0}],"boss_relics":[{"not_picked":["Mark of Pain","Tiny House"],"picked":"Black Blood"}],"potions_floor_spawned":[1,6,7,8],"seed_played":"4700169645888827906","killed_by":"Book of Stabbing","ascension_level":1,"is_trial":false}