{"path_per_floor":["M","?","M","M","$","E","R","M","T","M","M","M","?","$","R","B",null,"M","?","$","M","?","R","$","M","T","M","M","M","M","$","R","B",null,"M","$","?","M","M"],"character_chosen":"IRONCLAD","items_purchased":["Panache","Shrug It Off","Mind Blast","Dropkick","Uppercut","Dramatic Entrance","Bandage Up"],"gold_per_floor":[118,293,307,319,25,58,58,73,73,90,101,118,118,12,12,109,109,122,122,44,64,64,64,29,44,44,59,71,82,101,7,7,109,109,129,29,279,291,307],"floor_reached":40,"campfire_rested":4,"playtime":3945,"current_hp_per_floor":[73,73,64,64,64,27,51,42,42,32,32,26,46,46,70,63,80,69,54,54,44,28,53,53,47,47,39,35,7,7,7,32,30,85,65,65,65,48,18],"items_purged":["Doubt"],"gold":307,"play_id":"7479770b-a8ee-4689-bd96-f894fb996e37","is_prod":false,"is_daily":false,"is_ascension_mode":false,"campfire_upgraded":0,"path_taken":["M","?","M","?","$","E","R","M","T","?","M","M","?","?","R","BOSS","M","?","$","M","?","R","$","M","T","M","?","M","M","$","R","BOSS","M","$","?","M","?","M"],"build_version":"2018-02-01-PROD3","purchased_purges":1,"victory":false,"master_deck":["Strike_R","Strike_R","Strike_R","Defend_R","Defend_R","Defend_R","Bash","Perfected Strike","Clothesline","Armaments","Panache","Shrug It Off","Rampage","Flame Barrier","Heavy Blade+1","Battle Trance","Spot Weakness","Mind Blast+1","Double Tap","Disarm+1","Shockwave+1","Shrug It Off+1","Thunderclap+1","Dropkick+1","Perfected Strike+1","Uppercut+1","Clothesline+1","Flex","Perfected Strike+1","Sword Boomerang+1","Second Wind","Dramatic Entrance+1","Feed+1","Fire Breathing+1","Bandage Up","Cleave+1","Flex"],"max_hp_per_floor":[80,80,80,80,80,80,80,80,80,80,80,80,80,80,80,80,80,80,85,85,85,85,85,85,85,85,85,85,85,85,85,85,85,85,85,85,85,85,89],"relics":["Velvet Choker","Omamori","Molten Egg 2","Astrolabe","Nilry\u0027s Codex","Champion Belt","Black Star"],"card_choices":[{"not_picked":["Anger","Berserk"],"picked":"Perfected Strike"},{"not_picked":["Power Through","Bloodletting"],"picked":"Clothesline"},{"not_picked":["Shrug It Off","Sword Boomerang"],"picked":"Armaments"},{"not_picked":["Thunderclap","Blood for Blood"],"picked":"Rampage"},{"not_picked":["Clash","Clothesline"],"picked":"Flame Barrier"},{"not_picked":["Clothesline","Blood for Blood"],"picked":"Heavy Blade"},{"not_picked":["Perfected Strike","Infernal Blade"],"picked":"Battle Trance"},{"not_picked":["Headbutt","Dropkick"],"picked":"Spot Weakness"},{"not_picked":["Impervious","Bludgeon"],"picked":"Double Tap"},{"not_picked":["Twin Strike","Spot Weakness"],"picked":"Thunderclap"},{"not_picked":["Rampage","Metallicize"],"picked":"Perfected Strike"},{"not_picked":["Body Slam","Clash"],"picked":"Clothesline"},{"not_picked":["Pommel Strike","Rage"],"picked":"Flex"},{"not_picked":["Flame Barrier","Blood for Blood"],"picked":"Perfected Strike"},{"not_picked":["Burning Pact","Clash"],"picked":"Sword Boomerang"},{"not_picked":["Anger","Pummel"],"picked":"Second Wind"},{"not_picked":["Juggernaut","Fiend Fire"],"picked":"Feed"},{"not_picked":["Hemokinesis","Clash"],"picked":"Fire Breathing"},{"not_picked":["Sword Boomerang","Armaments"],"picked":"Cleave"},{"not_picked":["Reckless Charge","True Grit"],"picked":"Flex"}],"player_experience":16408,"potions_floor_usage":[11,16,21,28,29,30,35,39,40],"damage_taken":[{"damage":7,"enemies":"2 Louse","floor":1,"turns":2},{"damage":9,"enemies":"Small Slimes","floor":3,"turns":4},{"damage":0,"enemies":"Cultist","floor":4,"turns":3},{"damage":37,"enemies":"Gremlin Nob","floor":6,"turns":5},{"damage":9,"enemies":"Lots of Slimes","floor":8,"turns":5},{"damage":10,"enemies":"Looter","floor":10,"turns":2},{"damage":0,"enemies":"3 Louse","floor":11,"turns":3},{"damage":6,"enemies":"Exordium Thugs","floor":12,"turns":4},{"damage":7,"enemies":"Slime Boss","floor":16,"turns":8},{"damage":11,"enemies":"2 Thieves","floor":18,"turns":4},{"damage":10,"enemies":"Shell Parasite","floor":21,"turns":4},{"damage":6,"enemies":"Centurion and Healer","floor":25,"turns":4},{"damage":8,"enemies":"Snecko","floor":27,"turns":4},{"damage":4,"enemies":"Snake Plant","floor":28,"turns":3},{"damage":28,"enemies":"Slaver and Parasite","floor":29,"turns":6},{"damage":0,"enemies":"Centurion and Healer","floor":30,"turns":6},{"damage":20,"enemies":"Champ","floor":33,"turns":9},{"damage":20,"enemies":"3 Darklings","floor":35,"turns":7},{"damage":17,"enemies":"3 Shapes","floor":38,"turns":4},{"damage":38,"enemies":"Sphere and 2 Shapes","floor":39,"turns":5},{"damage":31,"enemies":"Maw","floor":40,"turns":5}],"event_choices":[{"event_name":"Liars Game","player_choice":"agreed","floor":2,"damage_taken":0},{"event_name":"Mushrooms","player_choice":"Healed and dodged fight","floor":13,"damage_taken":0},{"event_name":"Forgotten Altar","player_choice":"Shed Blood","floor":19,"damage_taken":0},{"event_name":"Cursed Tome","player_choice":"Obtained Book","floor":22,"damage_taken":0},{"event_name":"Golden Shrine","player_choice":"Desecrate","floor":37,"damage_taken":0}],"boss_relics":[{"not_picked":["Philosopher\u0027s Stone","Sozu"],"picked":"Astrolabe"},{"not_picked":["Runic Cube","Question Card"],"picked":"Black Star"}],"potions_floor_spawned":[6,8,11,16,27,29,33,38,39],"seed_played":"-1101535894329793308","killed_by":"Maw","ascension_level":0,"is_trial":false}