{"path_per_floor":["M","?","$","M","$","R","E","?","T","R","M","M","R","M","R","B",null,"M","M","$","?","$","R","M","R","T","M","$","M","M","M","R","B",null,"M","?","?","M","$","R","M","R","T","M","?","M","R","$","R","B"],"character_chosen":"THE_SILENT","items_purchased":["Skewer","Vajra","Gremlin Horn","PiercingWail","Noxious Fumes","Strength Potion"],"gold_per_floor":[114,114,37,52,52,52,82,32,32,32,47,62,62,77,77,177,177,492,507,9,9,9,9,24,24,24,39,39,54,69,84,84,184,184,199,199,199,214,143,143,158,158,158,173,173,188,188,38,38,38],"floor_reached":51,"campfire_rested":1,"playtime":2603,"current_hp_per_floor":[70,70,70,68,68,68,68,68,68,68,70,70,70,77,77,61,87,85,87,87,87,87,87,87,87,93,91,91,89,90,92,92,63,93,93,93,90,90,90,90,89,89,95,85,85,85,85,85,91,77],"items_purged":["Endless Agony","Decay"],"gold":38,"score":749,"play_id":"3770bc71-f018-47c2-84c1-dc96c5c0d5c8","local_time":"20180418050840","daily_mods":["Draft","Night Terrors","Vintage"],"is_prod":false,"is_daily":true,"chose_seed":false,"is_ascension_mode":false,"campfire_upgraded":10,"timestamp":1524037120,"path_taken":["M","?","$","?","$","R","E","?","T","R","M","M","R","M","R","BOSS","M","M","$","?","?","R","M","R","T","M","$","M","M","M","R","BOSS","M","?","?","M","$","R","M","R","T","M","?","M","R","$","R","BOSS"],"build_version":"2018-04-12","seed_source_timestamp":0,"purchased_purges":3,"victory":true,"master_deck":["Calculated Gamble+1","Backflip+1","Dodge and Roll+1","Leg Sweep+1","Sucker Punch","Dagger Spray+1","Poisoned Stab","Bane","Bane","Quick Slash","Dagger Throw","Prepared+1","Backflip+1","Skewer","Accuracy+1","Adrenaline+1","PiercingWail+1","Bullet Time+1","Noxious Fumes+1"],"max_hp_per_floor":[70,70,70,70,70,70,70,70,70,70,70,70,70,77,77,87,87,87,87,87,87,87,87,87,87,93,93,93,93,93,93,93,93,93,93,93,90,90,90,90,90,90,96,96,96,96,96,96,91,91],"relics":["Ring of the Snake","Ninja Scroll","Blue Candle","Blood Vial","Letter Opener","Regal Pillow","Darkstone Periapt","Strawberry","Pear","Cursed Key","Snake Skull","Vajra","Gremlin Horn","Nloth\u0027s Gift","Gambling Chip","Meat on the Bone","Calipers","Bag of Preparation","Paper Crane","Molten Egg 2","Oddly Smooth Stone","Black Star","Orichalcum","Unceasing Top","War Paint","Matryoshka","Frozen Egg 2","Art of War"],"card_choices":[{"not_picked":["Outmaneuver","Sucker Punch"],"picked":"Calculated Gamble","floor":0},{"not_picked":["Cloak And Dagger","Dodge and Roll"],"picked":"Backflip","floor":0},{"not_picked":["Reflex","Finisher"],"picked":"Dodge and Roll","floor":0},{"not_picked":["Acrobatics","Flying Knee"],"picked":"Leg Sweep","floor":0},{"not_picked":["Choke","Prepared"],"picked":"Sucker Punch","floor":0},{"not_picked":["Sucker Punch","Underhanded Strike"],"picked":"Dagger Spray","floor":0},{"not_picked":["Underhanded Strike","Outmaneuver"],"picked":"Poisoned Stab","floor":0},{"not_picked":["Blade Dance","Slice"],"picked":"Bane","floor":0},{"not_picked":["Sucker Punch","Masterful Stab"],"picked":"Riddle With Holes","floor":0},{"not_picked":["Leg Sweep","Distraction"],"picked":"Bane","floor":0},{"not_picked":["Deadly Poison","Slice"],"picked":"Quick Slash","floor":0},{"not_picked":["Deadly Poison","Sucker Punch"],"picked":"Dagger Throw","floor":0},{"not_picked":["Outmaneuver","Dodge and Roll"],"picked":"Endless Agony","floor":0},{"not_picked":["Infinite Blades","Riddle With Holes"],"picked":"Prepared","floor":0},{"not_picked":["Quick Slash","Outmaneuver"],"picked":"Backflip","floor":0},{"not_picked":["Flying Knee","Backstab"],"picked":"Accuracy","floor":7},{"not_picked":["Unload","Tactician"],"picked":"Adrenaline","floor":16},{"not_picked":["After Image","Night Terror"],"picked":"Bullet Time","floor":33}],"player_experience":351043,"potions_floor_usage":[7,12,16,33,44,50,50,50],"damage_taken":[{"damage":0,"enemies":"Jaw Worm","floor":1,"turns":3},{"damage":2,"enemies":"2 Louse","floor":4,"turns":2},{"damage":0,"enemies":"Gremlin Nob","floor":7,"turns":2},{"damage":0,"enemies":"Cultist","floor":11,"turns":3},{"damage":0,"enemies":"Large Slime","floor":12,"turns":2},{"damage":0,"enemies":"3 Louse","floor":14,"turns":2},{"damage":26,"enemies":"Hexaghost","floor":16,"turns":10},{"damage":2,"enemies":"Shell Parasite","floor":18,"turns":3},{"damage":0,"enemies":"Chosen","floor":19,"turns":3},{"damage":0,"enemies":"3 Cultists","floor":24,"turns":3},{"damage":2,"enemies":"Sentry and Sphere","floor":27,"turns":3},{"damage":4,"enemies":"Slaver and Parasite","floor":29,"turns":3},{"damage":1,"enemies":"Cultist and Chosen","floor":30,"turns":3},{"damage":0,"enemies":"Chosen and Byrds","floor":31,"turns":3},{"damage":30,"enemies":"Automaton","floor":33,"turns":11},{"damage":0,"enemies":"Orb Walker","floor":35,"turns":2},{"damage":0,"enemies":"3 Shapes","floor":38,"turns":2},{"damage":1,"enemies":"Sphere and 2 Shapes","floor":41,"turns":3},{"damage":11,"enemies":"4 Shapes","floor":44,"turns":2},{"damage":2,"enemies":"3 Darklings","floor":46,"turns":3},{"damage":29,"enemies":"Awakened One","floor":50,"turns":16}],"event_choices":[{"event_name":"Living Wall","player_choice":"Change","floor":2,"damage_taken":0},{"event_name":"The Cleric","player_choice":"Card Removal","floor":8,"damage_taken":0},{"event_name":"N\u0027loth","player_choice":"Traded a Old Coin","floor":21,"damage_taken":0},{"event_name":"Tomb of Lord Red Mask","player_choice":"Ignored","floor":36,"damage_taken":0},{"event_name":"Fountain of Cleansing","player_choice":"Removed Curse","floor":37,"damage_taken":0},{"event_name":"Mysterious Sphere","player_choice":"Ignore","floor":45,"damage_taken":0}],"boss_relics":[{"not_picked":["Runic Dome","White Beast Statue"],"picked":"Cursed Key"},{"not_picked":["Snecko Eye","Sozu"],"picked":"Black Star"}],"potions_floor_spawned":[1,11,14,24,27,30,35,41],"seed_played":"-4643760058957999775","ascension_level":0,"is_trial":false}