{"path_per_floor":["M","?","?","M","$","R","T","R","T","M","R","$","M","M","R","B",null,"M","?","M","$","?","R","M","?","T","M","?","R","M","M","R"],"character_chosen":"IRONCLAD","items_purchased":["Apotheosis","Dramatic Entrance"],"gold_per_floor":[119,119,194,214,22,22,22,22,76,89,89,14,26,41,41,146,146,166,166,184,90,90,90,107,107,157,177,177,177,192,203,203],"floor_reached":33,"campfire_rested":1,"playtime":1681,"current_hp_per_floor":[80,80,69,69,69,69,69,69,69,75,75,75,80,80,80,32,80,64,64,60,60,60,60,50,50,57,43,43,43,40,34,60],"items_purged":["Normality"],"gold":203,"score":237,"play_id":"1e0464a5-0b9a-4383-9f31-b54310c4ba55","is_prod":false,"is_daily":false,"is_ascension_mode":false,"campfire_upgraded":6,"path_taken":["M","?","?","M","$","R","?","R","T","?","R","$","M","M","R","BOSS","M","?","?","$","?","R","M","?","T","M","?","R","?","M","R","BOSS"],"build_version":"2018-02-22-PROD1","purchased_purges":1,"victory":false,"master_deck":["Strike_R+1","Strike_R","Strike_R","Strike_R","Strike_R","Defend_R","Defend_R","Defend_R","Defend_R","Bash","Cleave+1","Pommel Strike+1","Apotheosis+1","Pommel Strike","Combust+1","Searing Blow+1","Dual Wield","Barricade+1","Corruption","Twin Strike+1","Dramatic Entrance","Dramatic Entrance+1","Entrench","Shockwave","Infernal Blade","Immolate","Iron Wave+1"],"max_hp_per_floor":[80,80,80,80,80,80,80,80,80,80,80,80,80,80,80,80,80,80,80,80,80,80,80,80,80,87,87,87,87,87,87,87],"relics":["Burning Blood","Bag of Marbles","Prayer Wheel","Red Skull","Whetstone","Sozu","Strawberry","Mummified Hand"],"card_choices":[{"not_picked":["Armaments","Shrug It Off"],"picked":"Cleave"},{"not_picked":["Warcry","Body Slam"],"picked":"Pommel Strike"},{"not_picked":["Entrench","Armaments"],"picked":"Pommel Strike"},{"not_picked":["Iron Wave","Clash"],"picked":"Combust"},{"not_picked":["Iron Wave","Inflame"],"picked":"Burning Pact"},{"not_picked":["Burning Pact","Havoc"],"picked":"Searing Blow"},{"not_picked":["Thunderclap","Sword Boomerang"],"picked":"Dual Wield"},{"not_picked":["Brutality","Bludgeon"],"picked":"Barricade"},{"not_picked":["Shrug It Off","Havoc"],"picked":"Corruption"},{"not_picked":["Pommel Strike","Havoc"],"picked":"Twin Strike"},{"not_picked":["Headbutt","Power Through"],"picked":"Entrench"},{"not_picked":["Sword Boomerang","Warcry"],"picked":"Shockwave"},{"not_picked":["Armaments","Metallicize"],"picked":"Infernal Blade"},{"not_picked":["Havoc","Armaments"],"picked":"Immolate"},{"not_picked":["Clash","Spot Weakness"],"picked":"Iron Wave"}],"player_experience":46870,"potions_floor_usage":[16,16],"damage_taken":[{"damage":5,"enemies":"Jaw Worm","floor":1,"turns":4},{"damage":6,"enemies":"Cultist","floor":4,"turns":3},{"damage":0,"enemies":"Small Slimes","floor":10,"turns":3},{"damage":0,"enemies":"2 Fungi Beasts","floor":13,"turns":2},{"damage":0,"enemies":"3 Louse","floor":14,"turns":1},{"damage":69,"enemies":"The Guardian","floor":16,"turns":11},{"damage":22,"enemies":"2 Thieves","floor":18,"turns":3},{"damage":10,"enemies":"3 Byrds","floor":20,"turns":3},{"damage":16,"enemies":"Sentry and Sphere","floor":24,"turns":5},{"damage":20,"enemies":"Slaver and Parasite","floor":27,"turns":3},{"damage":9,"enemies":"Snake Plant","floor":30,"turns":3},{"damage":12,"enemies":"Snecko","floor":31,"turns":4},{"damage":75,"enemies":"Automaton","floor":33,"turns":6}],"event_choices":[{"event_name":"Accursed Blacksmith","player_choice":"Rummage","floor":2,"damage_taken":0},{"event_name":"World of Goop","player_choice":"Gather Gold","floor":3,"damage_taken":0},{"event_name":"Purifier","player_choice":"One Purge","floor":19,"damage_taken":0},{"event_name":"Duplicator","player_choice":"One dupe","floor":22,"damage_taken":0},{"event_name":"Beggar","player_choice":"Ignored","floor":25,"damage_taken":0},{"event_name":"The Mausoleum","player_choice":"Yes","floor":28,"damage_taken":0}],"boss_relics":[{"not_picked":["Philosopher\u0027s Stone","Black Star"],"picked":"Sozu"}],"potions_floor_spawned":[10,14,31],"seed_played":"-8556730526038345041","killed_by":"Automaton","ascension_level":0,"is_trial":false}