{"gold_per_floor":[111,111,57,68,68,68,87,105,105,105],"floor_reached":10,"playtime":338,"items_purged":[],"score":116,"play_id":"a6f07f03-3256-4d4b-be61-0a5f1481243c","local_time":"20190222184718","is_ascension_mode":true,"campfire_choices":[{"data":"Seeing Red","floor":6,"key":"SMITH"}],"neow_cost":"NONE","seed_source_timestamp":15547318928340399,"circlet_count":0,"master_deck":["AscendersBane","Strike_R","Strike_R","Strike_R","Strike_R","Strike_R","Defend_R","Defend_R","Defend_R","Defend_R","Bash","Twin Strike","Seeing Red+1","Headbutt","Metallicize","Shrug It Off","Uppercut"],"relics":["Burning Blood","Bottled Tornado"],"potions_floor_usage":[],"damage_taken":[{"damage":19,"enemies":"Jaw Worm","floor":1,"turns":3},{"damage":0,"enemies":"Cultist","floor":4,"turns":2},{"damage":3,"enemies":"2 Louse","floor":7,"turns":3},{"damage":8,"enemies":"Looter","floor":8,"turns":3},{"damage":68,"enemies":"3 Sentries","floor":10,"turns":14}],"seed_played":"-5236392828431732175","potions_obtained":[{"floor":2,"key":"EntropicBrew"},{"floor":2,"key":"Fire Potion"}],"is_trial":false,"path_per_floor":["M","?","$","M","?","R","M","M","T","E"],"character_chosen":"IRONCLAD","items_purchased":["Headbutt"],"campfire_rested":0,"item_purchase_floors":[3],"current_hp_per_floor":[55,55,55,61,61,61,64,62,62,0],"gold":105,"neow_bonus":"THREE_CARDS","is_prod":false,"is_daily":false,"chose_seed":false,"campfire_upgraded":1,"win_rate":0,"timestamp":1550857638,"path_taken":["M","?","$","?","?","R","M","M","T","E"],"build_version":"2019-01-23","purchased_purges":0,"victory":false,"max_hp_per_floor":[75,75,75,75,75,75,75,75,75,75],"card_choices":[{"not_picked":["Anger","Dropkick"],"picked":"Twin Strike","floor":0},{"not_picked":["Headbutt","Searing Blow"],"picked":"Seeing Red","floor":1},{"not_picked":["Havoc","Sword Boomerang"],"picked":"Metallicize","floor":4},{"not_picked":["Pummel","Clothesline"],"picked":"Uppercut","floor":7},{"not_picked":["Intimidate","Thunderclap","Disarm"],"picked":"SKIP","floor":8}],"player_experience":424788,"relics_obtained":[{"floor":9,"key":"Bottled Tornado"}],"event_choices":[{"damage_healed":0,"gold_gain":0,"player_choice":"Got Potions","damage_taken":0,"max_hp_gain":0,"max_hp_loss":0,"event_name":"Lab","floor":2,"gold_loss":0},{"damage_healed":0,"gold_gain":0,"player_choice":"1 cards matched","damage_taken":0,"max_hp_gain":0,"max_hp_loss":0,"event_name":"Match and Keep!","floor":5,"gold_loss":0,"cards_obtained":["Shrug It Off"]}],"is_beta":false,"boss_relics":[],"items_purged_floors":[],"is_endless":false,"potions_floor_spawned":[7,8],"killed_by":"3 Sentries","ascension_level":20}