{"gold_per_floor":[114,114,67,83,158,158,230,230,303,322,322,336,346,357,357,461,461,472,472,488,488,225,225,140,140,222,272,272,283,318,418,418,519,569,585,585,585,599,609,609,639,639,663,679,689,689,719,730,730,730],"floor_reached":51,"playtime":5793,"items_purged":["Writhe"],"score":715,"play_id":"faec3b5e-bce5-4277-80f4-15df89e8e471","local_time":"20190222212437","is_ascension_mode":false,"campfire_choices":[{"floor":6,"key":"REST"},{"data":"Skewer","floor":8,"key":"SMITH"},{"data":"Tactician","floor":11,"key":"SMITH"},{"floor":15,"key":"REST"},{"floor":23,"key":"REST"},{"data":"Skewer","floor":28,"key":"SMITH"},{"floor":32,"key":"REST"},{"floor":40,"key":"REST"},{"data":"Adrenaline","floor":42,"key":"SMITH"},{"floor":49,"key":"REST"}],"neow_cost":"NONE","seed_source_timestamp":38564888548904,"circlet_count":0,"master_deck":["Defend_G+1","Defend_G+1","Defend_G+1","Defend_G+1","Strike_G+1","Strike_G+1","Strike_G+1","Strike_G+1","Strike_G+1","Neutralize","Deflect","Slice+1","Skewer+1","Tactician+1","Prepared+1","Dagger Throw","Slice","Tools of the Trade","Skewer+1","Infinite Blades","Mayhem","Quick Slash+1","Reflex","Sucker Punch+1","Adrenaline+1","Noxious Fumes+1","Leg Sweep+1","Thinking Ahead","Slice+1","Prepared+1","Escape Plan+1","Backstab+1","Blur+1","Well Laid Plans+1"],"relics":["Ring of the Snake","Paper Crane","Bottled Flame","Sozu","Bird Faced Urn","War Paint","Molten Egg 2","Shuriken","Bag of Marbles","Thread and Needle","Dodecahedron","Tiny House","Sundial","Snake Skull","Pantograph"],"potions_floor_usage":[16,16,16],"damage_taken":[{"damage":9,"enemies":"Jaw Worm","floor":1,"turns":9},{"damage":4,"enemies":"Cultist","floor":4,"turns":5},{"damage":0,"enemies":"Small Slimes","floor":10,"turns":3},{"damage":6,"enemies":"Exordium Wildlife","floor":12,"turns":4},{"damage":0,"enemies":"2 Fungi Beasts","floor":13,"turns":3},{"damage":6,"enemies":"Large Slime","floor":14,"turns":7},{"damage":33,"enemies":"Hexaghost","floor":16,"turns":9},{"damage":12,"enemies":"2 Thieves","floor":18,"turns":4},{"damage":2,"enemies":"Chosen","floor":20,"turns":4},{"damage":22,"enemies":"Snake Plant","floor":29,"turns":4},{"damage":1,"enemies":"Gremlin Leader","floor":30,"turns":6},{"damage":21,"enemies":"Colosseum Slavers","floor":31,"turns":4},{"damage":22,"enemies":"Colosseum Nobs","floor":31,"turns":5},{"damage":53,"enemies":"Automaton","floor":33,"turns":8},{"damage":0,"enemies":"Orb Walker","floor":35,"turns":3},{"damage":22,"enemies":"3 Shapes","floor":38,"turns":4},{"damage":5,"enemies":"Jaw Worm Horde","floor":39,"turns":4},{"damage":10,"enemies":"Giant Head","floor":41,"turns":8},{"damage":1,"enemies":"Writhing Mass","floor":44,"turns":7},{"damage":18,"enemies":"3 Darklings","floor":45,"turns":5},{"damage":49,"enemies":"Nemesis","floor":47,"turns":7},{"damage":0,"enemies":"Maw","floor":48,"turns":6},{"damage":50,"enemies":"Awakened One","floor":50,"turns":13}],"seed_played":"7539848992929225345","potions_obtained":[{"floor":10,"key":"PowerPotion"},{"floor":12,"key":"SkillPotion"},{"floor":13,"key":"PowerPotion"}],"is_trial":false,"path_per_floor":["M","?","$","M","?","R","T","R","T","M","R","M","M","M","R","B",null,"M","?","M","?","$","R","?","T","T","?","R","M","E","?","R","B",null,"M","?","?","M","M","R","E","R","T","M","M","?","E","M","R","B",null],"character_chosen":"THE_SILENT","items_purchased":["Slice","Mayhem"],"campfire_rested":6,"item_purchase_floors":[3,22],"current_hp_per_floor":[68,68,68,64,53,76,76,76,76,76,76,70,70,64,77,44,77,65,65,63,63,63,77,77,77,77,77,77,57,62,29,52,5,82,82,82,82,60,63,82,74,74,74,81,70,70,29,39,63,40],"gold":730,"neow_bonus":"TEN_PERCENT_HP_BONUS","is_prod":false,"is_daily":false,"chose_seed":false,"campfire_upgraded":4,"win_rate":0.0,"timestamp":1550867077,"path_taken":["M","?","?","?","?","R","?","R","T","M","R","M","M","M","R","BOSS","M","?","M","?","?","R","?","?","T","?","R","?","E","?","R","BOSS","M","?","?","M","M","R","E","R","T","M","M","?","E","?","R","BOSS"],"build_version":"2019-01-23","purchased_purges":1,"victory":true,"max_hp_per_floor":[77,77,77,77,77,77,77,77,77,77,77,77,77,77,77,77,77,77,77,77,77,77,77,77,77,77,77,77,77,77,77,77,77,82,82,82,82,82,82,82,82,82,82,82,82,82,82,82,82,82],"card_choices":[{"not_picked":["Dodge and Roll","Reflex"],"picked":"Deflect","floor":1},{"not_picked":["Backflip","All Out Attack"],"picked":"Skewer","floor":4},{"not_picked":["Poisoned Stab","PiercingWail"],"picked":"Tactician","floor":10},{"not_picked":["Noxious Fumes","Dodge and Roll"],"picked":"Prepared","floor":12},{"not_picked":["Underhanded Strike","Flying Knee"],"picked":"Dagger Throw","floor":13},{"not_picked":["Poisoned Stab","Skewer"],"picked":"Slice","floor":14},{"not_picked":["Night Terror","Venomology"],"picked":"Tools of the Trade","floor":16},{"not_picked":["Deflect","Dagger Spray"],"picked":"Skewer","floor":18},{"not_picked":["Flying Knee","Slice"],"picked":"Infinite Blades","floor":20},{"not_picked":["Dagger Spray+1","Acrobatics"],"picked":"Quick Slash+1","floor":29},{"not_picked":["Blade Dance","Tools of the Trade"],"picked":"Reflex","floor":30},{"not_picked":["Outmaneuver","Acrobatics"],"picked":"Sucker Punch+1","floor":31},{"not_picked":["A Thousand Cuts","Phantasmal Killer"],"picked":"Adrenaline","floor":33},{"not_picked":["Bouncing Flask+1","Deflect+1"],"picked":"Noxious Fumes","floor":34},{"not_picked":["Backflip+1","Outmaneuver+1"],"picked":"Leg Sweep+1","floor":35},{"not_picked":["Sadistic Nature","Jack Of All Trades"],"picked":"Thinking Ahead","floor":37},{"not_picked":["Dodge and Roll","PiercingWail"],"picked":"Slice+1","floor":38},{"not_picked":["Doppelganger","Deflect"],"picked":"Prepared+1","floor":39},{"not_picked":["Quick Slash+1","Outmaneuver+1"],"picked":"Escape Plan+1","floor":41},{"not_picked":["Caltrops+1","Eviscerate+1"],"picked":"Backstab+1","floor":44},{"not_picked":["Poisoned Stab+1","Underhanded Strike+1"],"picked":"Blur+1","floor":45},{"not_picked":["Deflect","Bouncing Flask+1"],"picked":"Well Laid Plans+1","floor":47},{"not_picked":["Blade Dance","Poisoned Stab+1","Sucker Punch+1"],"picked":"SKIP","floor":48}],"player_experience":3726,"relics_obtained":[{"floor":7,"key":"Paper Crane"},{"floor":9,"key":"Bottled Flame"},{"floor":25,"key":"Molten Egg 2"},{"floor":26,"key":"Shuriken"},{"floor":30,"key":"Bag of Marbles"},{"floor":31,"key":"Thread and Needle"},{"floor":31,"key":"Dodecahedron"},{"floor":41,"key":"Sundial"},{"floor":43,"key":"Snake Skull"},{"floor":47,"key":"Pantograph"}],"event_choices":[{"cards_removed":["Defend_G"],"damage_healed":0,"gold_gain":0,"player_choice":"Offered Basic","damage_taken":0,"max_hp_gain":0,"max_hp_loss":0,"event_name":"Bonfire Elementals","floor":2,"gold_loss":0},{"damage_healed":0,"gold_gain":75,"player_choice":"Gather Gold","damage_taken":11,"max_hp_gain":0,"max_hp_loss":0,"event_name":"World of Goop","floor":5,"gold_loss":0},{"damage_healed":0,"gold_gain":0,"player_choice":"Simplicity","damage_taken":0,"max_hp_gain":0,"max_hp_loss":0,"event_name":"Back to Basics","floor":19,"gold_loss":0,"cards_upgraded":["Defend_G","Defend_G","Defend_G","Defend_G","Strike_G","Strike_G","Strike_G","Strike_G","Strike_G"]},{"damage_healed":0,"gold_gain":0,"player_choice":"Opened","damage_taken":0,"relics_obtained":["Bird Faced Urn"],"max_hp_gain":0,"max_hp_loss":0,"event_name":"The Mausoleum","floor":21,"gold_loss":0,"cards_obtained":["Writhe"]},{"damage_healed":0,"gold_gain":0,"player_choice":"Obtained Relic","damage_taken":0,"relics_obtained":["War Paint"],"max_hp_gain":0,"max_hp_loss":0,"event_name":"Addict","floor":24,"gold_loss":85},{"damage_healed":0,"gold_gain":100,"player_choice":"Bet on Murderer","damage_taken":0,"max_hp_gain":0,"max_hp_loss":0,"event_name":"The Joust","floor":27,"gold_loss":50},{"damage_healed":0,"gold_gain":0,"player_choice":"Fight","damage_taken":0,"max_hp_gain":0,"max_hp_loss":0,"event_name":"Colosseum","floor":31,"gold_loss":0},{"damage_healed":0,"gold_gain":0,"player_choice":"Fought Nobs","damage_taken":0,"max_hp_gain":0,"max_hp_loss":0,"event_name":"Colosseum","floor":31,"gold_loss":0},{"cards_removed":["Survivor"],"damage_healed":0,"gold_gain":0,"player_choice":"Removed Skill","damage_taken":0,"max_hp_gain":0,"max_hp_loss":0,"event_name":"Falling","floor":36,"gold_loss":0},{"damage_healed":0,"gold_gain":0,"player_choice":"Memory 1","damage_taken":0,"max_hp_gain":0,"max_hp_loss":0,"event_name":"SensoryStone","floor":37,"gold_loss":0},{"damage_healed":0,"gold_gain":0,"player_choice":"Upgraded","damage_taken":0,"max_hp_gain":0,"max_hp_loss":0,"event_name":"Upgrade Shrine","floor":46,"gold_loss":0,"cards_upgraded":["Noxious Fumes"]}],"is_beta":false,"boss_relics":[{"not_picked":["Ectoplasm","Runic Pyramid"],"picked":"Sozu"},{"not_picked":["Busted Crown","Fusion Hammer"],"picked":"Tiny House"}],"items_purged_floors":[22],"is_endless":false,"potions_floor_spawned":[10,12,13,18,20,31,31,38,44,45,48],"ascension_level":0}