{"path_per_floor":["M","?","?","?","$","E","R","E","T","R","M","M","E","$","R","B",null,"M","?","M","M","M","R","E","M","T","R","$","?","M","?","R","B",null,"M","M","?","M","?","M","?","M","T","?","M","M","$","?","R","B"],"character_chosen":"IRONCLAD","items_purchased":["Reaper","Panache","Ornamental Fan"],"gold_per_floor":[114,64,64,64,64,94,94,124,124,124,139,154,184,20,20,120,120,135,135,150,165,180,180,210,225,225,225,24,24,39,39,39,139,169,184,199,199,214,214,229,229,244,244,259,274,289,39,39,39,39],"floor_reached":51,"campfire_rested":3,"playtime":2843,"current_hp_per_floor":[80,80,86,69,69,61,86,65,71,71,69,67,60,60,87,93,98,89,89,72,90,83,83,102,96,96,96,96,96,94,94,120,76,131,127,133,133,134,134,135,135,131,137,144,144,143,143,151,151,158],"items_purged":[],"gold":39,"score":887,"play_id":"05db8580-e78e-4a30-a7a5-d904366430c3","local_time":"20180314042604","daily_mods":["Diverse","Cursed Run","Vintage"],"is_prod":false,"is_daily":true,"is_ascension_mode":false,"campfire_upgraded":0,"timestamp":1521010564,"path_taken":["M","?","?","?","?","E","R","E","T","R","?","M","E","$","R","BOSS","M","?","M","?","M","R","E","M","T","R","$","?","M","?","R","BOSS","M","M","?","M","?","?","?","M","T","?","M","M","$","?","R","BOSS"],"build_version":"2018-03-09","purchased_purges":0,"victory":true,"master_deck":["Strike_R+1","Strike_R","Strike_R+1","Defend_R+1","Defend_R","Defend_R","Bash","Blur+1","Regret","Pommel Strike","Writhe","Flex+1","Reaper+1","Regret","Feed+1","Immolate+1","Evolve+1","Rupture+1","Pommel Strike+1","Panache+1","Blind+1","Reaper","Shrug It Off+1","Demon Form","Writhe","Anger+1","Havoc+1","Writhe","Parasite"],"max_hp_per_floor":[80,80,86,86,86,86,86,86,92,92,92,92,92,92,92,98,98,98,98,98,101,104,104,117,120,120,120,120,120,120,120,120,126,131,135,135,135,135,135,135,135,139,145,145,145,145,145,151,151,161],"relics":["Cursed Key","Darkstone Periapt","Du-Vu Doll","Toxic Egg 2","Oddly Smooth Stone","Champion Belt","Shovel","Anchor","Blue Candle","Prayer Wheel","Toolbox","Kunai","Mercury Hourglass","Astrolabe","Girya","Pen Nib","Omamori","Meat on the Bone","Pear","War Paint","Bottled Tornado","Charon\u0027s Ashes","Thread and Needle","Tiny House","Vajra","Matryoshka","Sundial","Shuriken","Whetstone","Juzu Bracelet","Ice Cream","Gambling Chip","Dead Branch","Mummified Hand","Ornamental Fan"],"card_choices":[{"not_picked":["Heavy Blade","Sever Soul"],"picked":"Pommel Strike"},{"not_picked":["Sword Boomerang","Perfected Strike"],"picked":"Flex"},{"not_picked":["Juggernaut","Berserk"],"picked":"Feed"},{"not_picked":["Dual Wield","Sword Boomerang"],"picked":"Pommel Strike"},{"not_picked":["Brutality","Barricade"],"picked":"Reaper"},{"not_picked":["Pommel Strike","Clothesline"],"picked":"Shrug It Off"},{"not_picked":["Flex","Body Slam"],"picked":"Anger"},{"not_picked":["Clothesline","Anger"],"picked":"Havoc"}],"player_experience":182978,"potions_floor_usage":[6,11,16,20,22,24,24,30,35,38,46],"damage_taken":[{"damage":0,"enemies":"2 Louse","floor":1,"turns":2},{"damage":8,"enemies":"3 Sentries","floor":6,"turns":7},{"damage":21,"enemies":"Gremlin Nob","floor":8,"turns":5},{"damage":2,"enemies":"Small Slimes","floor":11,"turns":3},{"damage":2,"enemies":"Jaw Worm","floor":12,"turns":3},{"damage":7,"enemies":"3 Sentries","floor":13,"turns":7},{"damage":39,"enemies":"Slime Boss","floor":16,"turns":14},{"damage":15,"enemies":"3 Byrds","floor":18,"turns":5},{"damage":17,"enemies":"Spheric Guardian","floor":20,"turns":4},{"damage":7,"enemies":"Centurion and Healer","floor":21,"turns":4},{"damage":16,"enemies":"Sentry and Sphere","floor":22,"turns":4},{"damage":12,"enemies":"Slavers","floor":24,"turns":5},{"damage":21,"enemies":"Snecko","floor":25,"turns":4},{"damage":2,"enemies":"Snake Plant","floor":30,"turns":2},{"damage":69,"enemies":"Automaton","floor":33,"turns":9},{"damage":9,"enemies":"Orb Walker","floor":35,"turns":3},{"damage":2,"enemies":"3 Shapes","floor":36,"turns":2},{"damage":3,"enemies":"3 Darklings","floor":38,"turns":2},{"damage":8,"enemies":"Maw","floor":40,"turns":8},{"damage":8,"enemies":"4 Shapes","floor":42,"turns":3},{"damage":2,"enemies":"Mysterious Sphere","floor":44,"turns":2},{"damage":1,"enemies":"3 Darklings","floor":45,"turns":2},{"damage":2,"enemies":"Sphere and 2 Shapes","floor":46,"turns":2},{"damage":42,"enemies":"Awakened One","floor":50,"turns":7}],"event_choices":[{"event_name":"The Cleric","player_choice":"Card Removal","floor":2,"damage_taken":0},{"event_name":"Big Fish","player_choice":"Box","floor":3,"damage_taken":0},{"event_name":"Shining Light","player_choice":"Entered Light","floor":4,"damage_taken":0},{"event_name":"The Lab","player_choice":"Got Potions","floor":19,"damage_taken":0},{"event_name":"Match and Keep!","player_choice":"2 cards matched","floor":29,"damage_taken":0},{"event_name":"Duplicator","player_choice":"One dupe","floor":31,"damage_taken":0},{"event_name":"Purifier","player_choice":"One Purge","floor":37,"damage_taken":0},{"event_name":"Transmorgrifier","player_choice":"Transform","floor":39,"damage_taken":0},{"event_name":"Upgrade Shrine","player_choice":"Upgraded","floor":41,"damage_taken":0},{"event_name":"Mysterious Sphere","player_choice":"Fight","floor":44,"damage_taken":0},{"event_name":"Winding Halls","player_choice":"Writhe","floor":48,"damage_taken":0}],"boss_relics":[{"not_picked":["Runic Dome","Sozu"],"picked":"Astrolabe"},{"not_picked":["Orrery","Black Star"],"picked":"Tiny House"}],"potions_floor_spawned":[1,8,13,18,21,25,35,44,45],"seed_played":"2308081983426786839","ascension_level":0,"is_trial":false}