{"path_per_floor":["M","?","?","M","$","M","M","R","T","?","?","$","R","?","R","B",null,"M","?","?","$","?","M","M","M","T","E","M","M","R","$","R","B",null,"M","?","M","$","M","R","M","M","T","?","M","M","M","?","R"],"character_chosen":"IRONCLAD","items_purchased":["Cleave","Letter Opener","Mummified Hand","Feel No Pain","Warcry","Demon Form"],"gold_per_floor":[115,115,190,210,186,196,215,215,215,245,245,5,5,180,180,281,281,291,541,541,84,9,26,37,53,77,112,122,132,132,32,32,134,134,144,144,158,20,40,40,57,71,147,147,163,175,190,190,190],"floor_reached":50,"campfire_rested":3,"playtime":2584,"current_hp_per_floor":[88,88,77,82,82,82,84,84,84,84,66,66,66,66,88,16,88,66,66,66,66,66,76,72,64,64,37,45,58,84,84,84,30,88,82,82,86,86,55,81,61,58,58,47,54,52,29,77,77],"items_purged":["Doubt","Writhe"],"gold":190,"score":531,"play_id":"528d2e5f-92ec-4ca7-a847-1ca4827352e3","local_time":"20180322042114","is_prod":false,"is_daily":false,"is_ascension_mode":false,"campfire_upgraded":4,"timestamp":1521701474,"path_taken":["M","?","?","M","$","M","M","R","T","?","?","?","R","?","R","BOSS","M","?","?","$","?","M","?","?","T","E","M","?","R","$","R","BOSS","M","?","M","$","M","R","M","M","T","?","M","M","M","?","R","BOSS"],"build_version":"2018-03-15v3","purchased_purges":2,"victory":false,"master_deck":["Strike_R+1","Strike_R","Strike_R","Strike_R","Defend_R","Defend_R","Defend_R","Defend_R","Bash","Shockwave+1","Cleave+1","Iron Wave","Flame Barrier+1","Barricade+1","Whirlwind","Reaper","Flex+1","Headbutt+1","Feel No Pain","Warcry","Havoc+1","Anger","Offering","Intimidate+1","Impervious","Blood for Blood+1","Iron Wave+1","Demon Form","Metallicize","Cleave+1","Immolate","Madness","Madness","Ghostly Armor","Havoc+1"],"max_hp_per_floor":[88,88,88,88,88,88,88,88,88,88,88,88,88,88,88,88,88,88,88,88,88,88,88,88,88,88,88,88,88,88,88,88,88,88,88,88,88,88,88,88,88,88,88,88,88,88,88,77,77],"relics":["Burning Blood","Red Skull","Bronze Scales","Letter Opener","Orrery","Bag of Marbles","Mummified Hand","Blood Vial","Centennial Puzzle","Velvet Choker","Frozen Egg 2"],"card_choices":[{"not_picked":["Wild Strike","Evolve"],"picked":"Iron Wave"},{"not_picked":["Second Wind","Headbutt"],"picked":"Shockwave"},{"not_picked":["Warcry","Fire Breathing"],"picked":"Iron Wave"},{"not_picked":["Searing Blow","Havoc"],"picked":"Flame Barrier"},{"not_picked":["Immolate","Exhume"],"picked":"Barricade"},{"not_picked":["Blood for Blood","Havoc"],"picked":"Whirlwind"},{"not_picked":["Warcry","Disarm"],"picked":"Reaper"},{"not_picked":["Shrug It Off","Wild Strike"],"picked":"Flex"},{"not_picked":["Power Through","Clash"],"picked":"Headbutt"},{"not_picked":["Perfected Strike","Headbutt"],"picked":"Havoc"},{"not_picked":["Entrench","Twin Strike"],"picked":"Anger"},{"not_picked":["Shrug It Off","Thunderclap"],"picked":"Offering"},{"not_picked":["Headbutt","Sword Boomerang"],"picked":"Intimidate"},{"not_picked":["Limit Break","Exhume"],"picked":"Impervious"},{"not_picked":["Twin Strike","Heavy Blade"],"picked":"Blood for Blood"},{"not_picked":["Clash","Wild Strike"],"picked":"Iron Wave"},{"not_picked":["Uppercut","Cleave"],"picked":"Metallicize"},{"not_picked":["Sword Boomerang","Reckless Charge"],"picked":"Cleave"},{"not_picked":["Anger","Headbutt"],"picked":"Immolate"},{"not_picked":["Sever Soul","Uppercut"],"picked":"Ghostly Armor"},{"not_picked":["Cleave","Heavy Blade"],"picked":"Havoc"}],"player_experience":223342,"potions_floor_usage":[16,18,29,33,33,39,47,50,50],"damage_taken":[{"damage":6,"enemies":"Jaw Worm","floor":1,"turns":4},{"damage":1,"enemies":"Cultist","floor":4,"turns":3},{"damage":6,"enemies":"2 Louse","floor":6,"turns":2},{"damage":4,"enemies":"Exordium Wildlife","floor":7,"turns":3},{"damage":93,"enemies":"Hexaghost","floor":16,"turns":14},{"damage":32,"enemies":"Chosen","floor":18,"turns":7},{"damage":2,"enemies":"Shell Parasite","floor":23,"turns":6},{"damage":22,"enemies":"Centurion and Healer","floor":24,"turns":5},{"damage":18,"enemies":"Snecko","floor":25,"turns":7},{"damage":50,"enemies":"Slavers","floor":27,"turns":5},{"damage":10,"enemies":"Snake Plant","floor":28,"turns":4},{"damage":16,"enemies":"3 Cultists","floor":29,"turns":3},{"damage":80,"enemies":"Collector","floor":33,"turns":14},{"damage":16,"enemies":"3 Shapes","floor":35,"turns":3},{"damage":4,"enemies":"Orb Walker","floor":37,"turns":3},{"damage":48,"enemies":"4 Shapes","floor":39,"turns":8},{"damage":32,"enemies":"Sphere and 2 Shapes","floor":41,"turns":5},{"damage":11,"enemies":"Maw","floor":42,"turns":6},{"damage":1,"enemies":"4 Shapes","floor":45,"turns":1},{"damage":10,"enemies":"3 Darklings","floor":46,"turns":3},{"damage":31,"enemies":"Sphere and 2 Shapes","floor":47,"turns":4},{"damage":97,"enemies":"Awakened One","floor":50,"turns":12}],"event_choices":[{"event_name":"Bonfire Elementals","player_choice":"COMMON","floor":2,"damage_taken":0},{"event_name":"World of Goop","player_choice":"Gather Gold","floor":3,"damage_taken":0},{"event_name":"Dead Adventurer","player_choice":"Searched \u00273\u0027 times","floor":10,"damage_taken":0},{"event_name":"Shining Light","player_choice":"Entered Light","floor":11,"damage_taken":0},{"event_name":"Liars Game","player_choice":"agreed","floor":14,"damage_taken":0},{"event_name":"Golden Shrine","player_choice":"Desecrate","floor":19,"damage_taken":0},{"event_name":"The Mausoleum","player_choice":"Yes","floor":20,"damage_taken":0},{"event_name":"Beggar","player_choice":"Gave Gold","floor":22,"damage_taken":0},{"event_name":"Winding Halls","player_choice":"Embrace Madness","floor":44,"damage_taken":0},{"event_name":"The Moai Head","player_choice":"Heal","floor":48,"damage_taken":0}],"boss_relics":[{"not_picked":["Runic Dome","Eternal Feather"],"picked":"Orrery"},{"not_picked":["Cursed Key","Pandora\u0027s Box"],"picked":"Velvet Choker"}],"potions_floor_spawned":[6,16,27,28,29,33,45,46,47],"seed_played":"-3000497877749260376","killed_by":"Awakened One","ascension_level":0,"is_trial":false}