{"path_per_floor":["M","?","?","$","M","M","M","?","T","R","?","M","$","M","R","B",null,"M","M","M","$","?","E","M"],"character_chosen":"IRONCLAD","items_purchased":["Thread and Needle","Flex","Anger","Whirlwind","Bandage Up"],"gold_per_floor":[118,368,368,12,24,38,53,53,53,53,53,67,20,37,37,137,137,152,164,177,3,3,31,49],"floor_reached":25,"campfire_rested":0,"playtime":1413,"current_hp_per_floor":[78,78,78,78,78,78,78,78,78,78,78,76,76,79,79,48,86,75,72,65,65,49,21,21],"items_purged":[],"gold":49,"score":215,"play_id":"061117b1-687d-4a87-b41c-30d0164aca0a","local_time":"20180316045716","is_prod":false,"is_daily":false,"is_ascension_mode":false,"campfire_upgraded":2,"timestamp":1521185236,"path_taken":["M","?","?","$","M","M","M","?","T","R","?","M","?","M","R","BOSS","M","M","M","$","?","E","M","M"],"build_version":"2018-03-15","purchased_purges":0,"victory":false,"master_deck":["Strike_R","Strike_R","Strike_R","Strike_R","Strike_R","Defend_R","Defend_R","Defend_R","Defend_R","Bash","Fire Breathing","Flex+1","Burning Pact","Fire Breathing","Feed","Clumsy","Bash","Anger+1","Shrug It Off","Feed","Clash","Cleave","Pommel Strike","Flame Barrier","Shrug It Off+1","Whirlwind","Bandage Up","Twin Strike","Pummel+1"],"max_hp_per_floor":[80,80,80,80,80,80,80,80,80,80,80,80,80,83,83,86,86,89,89,89,89,89,89,92],"relics":["Cursed Key","Thread and Needle","Calipers","Orrery","Nilry\u0027s Codex","Champion Belt"],"card_choices":[{"not_picked":["Carnage","Uppercut"],"picked":"Fire Breathing"},{"not_picked":["Blood for Blood","Wild Strike"],"picked":"Burning Pact"},{"not_picked":["Pommel Strike","Disarm"],"picked":"Fire Breathing"},{"not_picked":["Headbutt","Clash"],"picked":"Feed"},{"not_picked":["True Grit","Perfected Strike"],"picked":"Shrug It Off"},{"not_picked":["Limit Break","Fiend Fire"],"picked":"Feed"},{"not_picked":["Perfected Strike","Thunderclap"],"picked":"Clash"},{"not_picked":["Bloodletting","Armaments"],"picked":"Cleave"},{"not_picked":["Havoc","Sword Boomerang"],"picked":"Pommel Strike"},{"not_picked":["Sword Boomerang","Clothesline"],"picked":"Flame Barrier"},{"not_picked":["Twin Strike","Wild Strike"],"picked":"Shrug It Off"},{"not_picked":["Wild Strike","Corruption"],"picked":"Twin Strike"},{"not_picked":["Twin Strike","Body Slam"],"picked":"Pummel"}],"player_experience":188995,"potions_floor_usage":[7,14,16,16,19,19,23,24],"damage_taken":[{"damage":2,"enemies":"Small Slimes","floor":1,"turns":3},{"damage":0,"enemies":"Cultist","floor":5,"turns":2},{"damage":0,"enemies":"2 Louse","floor":6,"turns":2},{"damage":0,"enemies":"Lots of Slimes","floor":7,"turns":1},{"damage":2,"enemies":"Blue Slaver","floor":12,"turns":3},{"damage":0,"enemies":"Large Slime","floor":14,"turns":2},{"damage":34,"enemies":"Hexaghost","floor":16,"turns":11},{"damage":14,"enemies":"Shell Parasite","floor":18,"turns":4},{"damage":3,"enemies":"2 Thieves","floor":19,"turns":3},{"damage":7,"enemies":"Snecko","floor":20,"turns":5},{"damage":36,"enemies":"Slavers","floor":23,"turns":5},{"damage":7,"enemies":"Slaver and Parasite","floor":24,"turns":9},{"damage":25,"enemies":"Cultist and Chosen","floor":25,"turns":6}],"event_choices":[{"event_name":"Golden Shrine","player_choice":"Desecrate","floor":2,"damage_taken":0},{"event_name":"Purifier","player_choice":"One Purge","floor":3,"damage_taken":0},{"event_name":"The Lab","player_choice":"Got Potions","floor":8,"damage_taken":0},{"event_name":"Match and Keep!","player_choice":"1 cards matched","floor":11,"damage_taken":0},{"event_name":"Cursed Tome","player_choice":"Obtained Book","floor":22,"damage_taken":0}],"boss_relics":[{"not_picked":["White Beast Statue","Snecko Eye"],"picked":"Orrery"}],"potions_floor_spawned":[1,6,16,18,20,23],"seed_played":"-8852854987148067952","killed_by":"Cultist and Chosen","ascension_level":0,"is_trial":false}