{"gold_per_floor":[112,130,130,130,143,143,178,178,178,222,236,274,287,33,33,128,128,152,67,117,78,103,144,144,144],"floor_reached":25,"playtime":919,"items_purged":[],"score":412,"play_id":"57f98068-f4d3-4039-a728-0d43b9db7fd8","local_time":"20190224113046","is_ascension_mode":true,"campfire_choices":[{"data":"Neutralize","floor":6,"key":"SMITH"},{"floor":8,"key":"REST"},{"floor":15,"key":"REST"},{"floor":24,"key":"REST"}],"neow_cost":"NONE","seed_source_timestamp":507018102248439,"circlet_count":0,"master_deck":["AscendersBane","Defend_G","Defend_G","Defend_G","Defend_G","Defend_G","Strike_G","Strike_G","Survivor","Neutralize+1","Deadly Poison","Cloak And Dagger","Flying Knee","Dagger Spray","Bouncing Flask","Burst","Dagger Throw+1","Dagger Throw+1","Caltrops+1","Doppelganger","Unload+1","Accuracy+1","Infinite Blades+1","Noxious Fumes+1","Leg Sweep","Footwork+1"],"relics":["Ring of the Snake","NeowsBlessing","Golden Idol","Vajra","Molten Egg 2","Frozen Egg 2","Odd Mushroom","Anchor","Astrolabe","Omamori","Art of War"],"potions_floor_usage":[10,12,23],"damage_taken":[{"damage":0,"enemies":"2 Louse","floor":1,"turns":1},{"damage":0,"enemies":"Small Slimes","floor":2,"turns":1},{"damage":0,"enemies":"Jaw Worm","floor":5,"turns":1},{"damage":33,"enemies":"Gremlin Nob","floor":7,"turns":5},{"damage":27,"enemies":"Lagavulin","floor":10,"turns":8},{"damage":9,"enemies":"3 Louse","floor":11,"turns":2},{"damage":0,"enemies":"The Mushroom Lair","floor":12,"turns":4},{"damage":4,"enemies":"Lots of Slimes","floor":13,"turns":4},{"damage":17,"enemies":"Hexaghost","floor":16,"turns":7},{"damage":19,"enemies":"Spheric Guardian","floor":18,"turns":5},{"damage":2,"enemies":"Shell Parasite","floor":22,"turns":5},{"damage":22,"enemies":"Book of Stabbing","floor":23,"turns":5},{"damage":21,"enemies":"Slavers","floor":25,"turns":2}],"seed_played":"1949028001811014113","potions_obtained":[{"floor":1,"key":"GhostInAJar"},{"floor":5,"key":"SkillPotion"},{"floor":22,"key":"EssenceOfSteel"}],"is_trial":false,"path_per_floor":["M","M","?","?","M","R","E","R","T","E","M","?","M","$","R","B",null,"M","?","?","$","M","E","R","E"],"character_chosen":"THE_SILENT","items_purchased":["Caltrops+1","Anchor","Noxious Fumes+1"],"campfire_rested":3,"item_purchase_floors":[14,14,21],"current_hp_per_floor":[59,59,59,59,59,59,26,44,44,17,8,8,4,4,22,5,46,27,27,27,27,25,3,21,0],"gold":144,"neow_bonus":"THREE_ENEMY_KILL","is_prod":false,"is_daily":false,"chose_seed":false,"campfire_upgraded":1,"win_rate":0,"timestamp":1551036646,"path_taken":["M","M","?","?","M","R","E","R","T","E","M","?","M","$","R","BOSS","M","?","?","$","M","E","R","E"],"build_version":"2019-01-23","purchased_purges":0,"victory":false,"max_hp_per_floor":[66,66,66,60,60,60,60,60,60,60,60,60,60,60,60,60,60,60,60,60,60,60,60,60,60],"card_choices":[{"not_picked":["Distraction","Blade Dance"],"picked":"Deadly Poison","floor":1},{"not_picked":["Deflect","Flying Knee"],"picked":"Cloak And Dagger","floor":2},{"not_picked":["Reflex","Terror"],"picked":"Flying Knee","floor":5},{"not_picked":["Bane","Infinite Blades"],"picked":"Dagger Spray","floor":7},{"not_picked":["Dodge and Roll","Underhanded Strike+1"],"picked":"Bouncing Flask","floor":10},{"not_picked":["Deflect","Outmaneuver"],"picked":"Burst","floor":11},{"not_picked":["Masterful Stab+1","Choke+1"],"picked":"Dagger Throw+1","floor":12},{"not_picked":["Tactician","Endless Agony+1"],"picked":"Dagger Throw+1","floor":13},{"not_picked":["Venomology","Night Terror"],"picked":"Doppelganger","floor":16},{"not_picked":["Underhanded Strike+1","Dagger Throw+1","Acrobatics"],"picked":"SKIP","floor":18},{"not_picked":["Acrobatics","Calculated Gamble"],"picked":"Leg Sweep","floor":22},{"not_picked":["Dodge and Roll","Quick Slash+1"],"picked":"Footwork+1","floor":23}],"player_experience":239679,"relics_obtained":[{"floor":7,"key":"Vajra"},{"floor":9,"key":"Molten Egg 2"},{"floor":10,"key":"Frozen Egg 2"},{"floor":12,"key":"Odd Mushroom"},{"floor":23,"key":"Art of War"}],"event_choices":[{"damage_healed":0,"gold_gain":0,"player_choice":"Ignored","damage_taken":0,"max_hp_gain":0,"max_hp_loss":0,"event_name":"Liars Game","floor":3,"gold_loss":0},{"damage_healed":0,"gold_gain":0,"player_choice":"Lose Max HP","damage_taken":0,"relics_obtained":["Golden Idol"],"max_hp_gain":0,"max_hp_loss":6,"event_name":"Golden Idol","floor":4,"gold_loss":0},{"damage_healed":0,"gold_gain":0,"player_choice":"Fought Mushrooms","damage_taken":0,"max_hp_gain":0,"max_hp_loss":0,"event_name":"Mushrooms","floor":12,"gold_loss":0},{"damage_healed":0,"gold_gain":0,"player_choice":"Obtained Relic","damage_taken":0,"relics_obtained":["Omamori"],"max_hp_gain":0,"max_hp_loss":0,"event_name":"Addict","floor":19,"gold_loss":85},{"damage_healed":0,"gold_gain":50,"player_choice":"Stole From Cult","damage_taken":0,"max_hp_gain":0,"max_hp_loss":0,"event_name":"Nest","floor":20,"gold_loss":0}],"is_beta":false,"boss_relics":[{"not_picked":["Runic Pyramid","White Beast Statue"],"picked":"Astrolabe"}],"items_purged_floors":[],"is_endless":false,"potions_floor_spawned":[1,5,22],"killed_by":"Slavers","ascension_level":16}