{"gold_per_floor":[119,119,119,137,137,475,475,223,247,285,285,28,61,82,82,201,201,201,201,201,201,201,201,201,201,201,201,201,201,48,48,48,48],"floor_reached":33,"playtime":1388,"items_purged":[],"score":354,"play_id":"c9010170-0e52-45aa-b578-9ccb90a4c771","local_time":"20181228002446","is_ascension_mode":true,"campfire_choices":[{"floor":7,"key":"REST"},{"floor":15,"key":"REST"},{"floor":23,"key":"REST"},{"floor":25,"key":"REST"},{"floor":32,"key":"REST"}],"neow_cost":"NONE","seed_source_timestamp":19252423716723,"circlet_count":0,"master_deck":["Strike_B+1","Strike_B+1","Strike_B+1","Strike_B+1","Defend_B+1","Defend_B+1","Defend_B+1","Defend_B+1","Zap","Dualcast","Chill","Double Energy","Auto Shields","Sweeping Beam","Leap","Chaos","Machine Learning","Sunder","Multi-Cast","Stack","Barrage+1","Melter+1","Static Discharge","Genetic Algorithm","Rainbow"],"relics":["Cracked Core","Omamori","Golden Idol","Old Coin","Bronze Scales","Bag of Marbles","Whetstone","Darkstone Periapt","Shuriken","Ornamental Fan","Ectoplasm","Juzu Bracelet","PreservedInsect","Nunchaku"],"potions_floor_usage":[16,16,19,22,24,33],"damage_taken":[{"damage":0,"enemies":"Small Slimes","floor":1,"turns":2},{"damage":0,"enemies":"Jaw Worm","floor":4,"turns":3},{"damage":16,"enemies":"3 Sentries","floor":6,"turns":10},{"damage":8,"enemies":"Lagavulin","floor":10,"turns":10},{"damage":0,"enemies":"3 Sentries","floor":13,"turns":6},{"damage":0,"enemies":"2 Louse","floor":14,"turns":2},{"damage":49,"enemies":"The Guardian","floor":16,"turns":13},{"damage":15,"enemies":"Chosen","floor":18,"turns":6},{"damage":0,"enemies":"Shell Parasite","floor":19,"turns":2},{"damage":18,"enemies":"Snecko","floor":21,"turns":4},{"damage":19,"enemies":"Centurion and Healer","floor":22,"turns":6},{"damage":11,"enemies":"Shelled Parasite and Fungi","floor":24,"turns":3},{"damage":22,"enemies":"Snake Plant","floor":27,"turns":3},{"damage":23,"enemies":"Slavers","floor":31,"turns":4},{"damage":35,"enemies":"Collector","floor":33,"turns":7}],"seed_played":"7661270360322167881","potions_obtained":[{"floor":10,"key":"SpeedPotion"},{"floor":13,"key":"SkillPotion"},{"floor":14,"key":"Explosive Potion"},{"floor":18,"key":"Block Potion"},{"floor":22,"key":"Energy Potion"},{"floor":31,"key":"Weak Potion"}],"is_trial":false,"path_per_floor":["M","?","?","M","$","E","R","$","T","E","?","$","E","M","R","B",null,"M","M","$","M","M","R","M","R","T","M","?","?","$","E","R","B"],"character_chosen":"DEFECT","items_purchased":["Bronze Scales","Sweeping Beam","Leap","Shuriken","PreservedInsect"],"campfire_rested":5,"item_purchase_floors":[8,8,8,12,30],"current_hp_per_floor":[75,60,60,60,60,44,66,66,66,58,58,58,58,58,75,26,75,60,60,60,42,23,45,34,56,56,34,34,34,34,11,33,0],"gold":48,"neow_bonus":"RANDOM_COMMON_RELIC","is_prod":false,"is_daily":false,"chose_seed":false,"campfire_upgraded":0,"win_rate":0,"timestamp":1545969286,"path_taken":["M","?","?","M","$","E","R","$","T","E","?","$","E","M","R","BOSS","M","M","$","M","M","R","M","R","T","M","?","?","$","E","R","BOSS"],"build_version":"2018-12-25","purchased_purges":0,"victory":false,"max_hp_per_floor":[75,75,75,75,75,75,75,75,75,75,75,75,75,75,75,75,75,75,75,75,75,75,75,75,75,75,75,75,75,75,75,75,75],"card_choices":[{"not_picked":["Streamline","Compile Driver"],"picked":"Chill","floor":1},{"not_picked":["Fusion","Leap"],"picked":"Double Energy","floor":4},{"not_picked":["Steam Power","Hello World"],"picked":"Auto Shields","floor":6},{"not_picked":["Glacier","Beam Cell"],"picked":"Chaos","floor":10},{"not_picked":["Coolheaded","Sweeping Beam"],"picked":"Machine Learning","floor":13},{"not_picked":["Fusion","Streamline"],"picked":"Sunder","floor":14},{"not_picked":["All For One","Biased Cognition"],"picked":"Multi-Cast","floor":16},{"not_picked":["Conserve Battery","Turbo","Leap"],"picked":"SKIP","floor":18},{"not_picked":["Ball Lightning+1","Barrage+1"],"picked":"Stack","floor":19},{"not_picked":["Rebound","Gash"],"picked":"Barrage+1","floor":21},{"not_picked":["Storm","Compile Driver"],"picked":"Melter+1","floor":22},{"not_picked":["Tempest","Redo"],"picked":"Static Discharge","floor":24},{"not_picked":["Gash","Darkness"],"picked":"Genetic Algorithm","floor":27},{"not_picked":["Auto Shields","Reprogram"],"picked":"Rainbow","floor":31}],"player_experience":556195,"relics_obtained":[{"floor":6,"key":"Old Coin"},{"floor":9,"key":"Bag of Marbles"},{"floor":10,"key":"Whetstone"},{"floor":13,"key":"Ornamental Fan"},{"floor":31,"key":"Nunchaku"}],"event_choices":[{"damage_healed":0,"gold_gain":0,"player_choice":"Entered Light","damage_taken":15,"max_hp_gain":0,"max_hp_loss":0,"event_name":"Shining Light","floor":2,"gold_loss":0,"cards_upgraded":["Strike_B","Defend_B"]},{"damage_healed":0,"gold_gain":0,"player_choice":"Take Wound","damage_taken":0,"relics_obtained":["Golden Idol"],"max_hp_gain":0,"max_hp_loss":0,"event_name":"Golden Idol","floor":3,"gold_loss":0,"cards_obtained":["Injury"]},{"damage_healed":0,"gold_gain":0,"player_choice":"Box","damage_taken":0,"relics_obtained":["Darkstone Periapt"],"max_hp_gain":0,"max_hp_loss":0,"event_name":"Big Fish","floor":11,"gold_loss":0,"cards_obtained":["Regret"]},{"damage_healed":0,"gold_gain":0,"player_choice":"Simplicity","damage_taken":0,"max_hp_gain":0,"max_hp_loss":0,"event_name":"Back to Basics","floor":28,"gold_loss":0,"cards_upgraded":["Strike_B","Defend_B","Defend_B","Defend_B"]},{"damage_healed":0,"gold_gain":0,"player_choice":"Opened","damage_taken":0,"relics_obtained":["Juzu Bracelet"],"max_hp_gain":0,"max_hp_loss":0,"event_name":"The Mausoleum","floor":29,"gold_loss":0}],"is_beta":true,"boss_relics":[{"not_picked":["Lizard Tail","Velvet Choker"],"picked":"Ectoplasm"}],"items_purged_floors":[],"is_endless":false,"potions_floor_spawned":[10,13,14,18,22,31],"killed_by":"Collector","ascension_level":3}