{"gold_per_floor":[110,110,42,61,76,76,1,27,50,66,78,178,194,207,207,303,303,316,330,0,12,12,23,23,53,53,79,79,98,98],"floor_reached":30,"playtime":2237,"items_purged":["Pain","Normality"],"score":299,"play_id":"06a7c489-a666-4c98-86b4-00df8d59fd01","local_time":"20190110210724","is_ascension_mode":false,"campfire_choices":[{"floor":6.0,"key":"RECALL"},{"data":"Heavy Blade","floor":15.0,"key":"SMITH"}],"neow_cost":"NONE","seed_source_timestamp":0,"circlet_count":0,"master_deck":["Strike_R","Strike_R","Strike_R","Strike_R","Strike_R","Defend_R","Defend_R","Defend_R","Defend_R","Bash","Heavy Blade+1","Inflame","Infernal Blade","Clash","Flex","Heavy Blade","Twin Strike","Iron Wave","Double Tap","Decay","Parasite","Heavy Blade","Shrug It Off","Spot Weakness","Seeing Red","Pummel","Iron Wave","Flex","Flex+1"],"special_seed":0,"relics":["Burning Blood","Oddly Smooth Stone","WarpedTongs","Orichalcum","Calling Bell","Strawberry","Mercury Hourglass","Pocketwatch","MutagenicStrength","Regal Pillow","Pantograph","Dodecahedron","Pear"],"potions_floor_usage":[18,21,25,27],"damage_taken":[{"damage":9.0,"enemies":"Small Slimes","floor":1.0,"turns":4.0},{"damage":1.0,"enemies":"Cultist","floor":4.0,"turns":3.0},{"damage":4.0,"enemies":"Jaw Worm","floor":5.0,"turns":2.0},{"damage":12.0,"enemies":"Lagavulin","floor":8.0,"turns":6.0},{"damage":0.0,"enemies":"Large Slime","floor":10.0,"turns":4.0},{"damage":6.0,"enemies":"Blue Slaver","floor":11.0,"turns":3.0},{"damage":15.0,"enemies":"Exordium Thugs","floor":13.0,"turns":4.0},{"damage":9.0,"enemies":"Lots of Slimes","floor":14.0,"turns":3.0},{"damage":12.0,"enemies":"Slime Boss","floor":16.0,"turns":8.0},{"damage":14,"enemies":"Spheric Guardian","floor":18,"turns":4},{"damage":9,"enemies":"3 Byrds","floor":19,"turns":4},{"damage":12,"enemies":"Shelled Parasite and Fungi","floor":21,"turns":4},{"damage":18,"enemies":"Snecko","floor":23,"turns":4},{"damage":27,"enemies":"Book of Stabbing","floor":25,"turns":5},{"damage":27,"enemies":"Gremlin Leader","floor":27,"turns":8},{"damage":9,"enemies":"3 Cultists","floor":29,"turns":4},{"damage":39,"enemies":"Slavers","floor":30,"turns":2}],"seed_played":"-6555358447128610720","potions_obtained":[{"floor":1.0,"key":"Dexterity Potion"},{"floor":11.0,"key":"Poison Potion"},{"floor":14.0,"key":"Regen Potion"},{"floor":19,"key":"PowerPotion"},{"floor":23,"key":"SkillPotion"}],"is_trial":false,"path_per_floor":["M","?","$","M","M","R","$","E","T","M","M","?","M","M","R","B",null,"M","M","$","M","$","M","?","E","T","E","?","M","E"],"character_chosen":"IRONCLAD","items_purchased":["Inflame","Spot Weakness","Seeing Red","Pummel"],"campfire_rested":0,"item_purchase_floors":[3,20,20,20],"current_hp_per_floor":[77,77,77,80,80,80,80,74,74,80,80,80,71,68,68,62,87,79,76,76,70,70,58,58,37,37,31,41,38,0],"gold":98,"neow_bonus":"RANDOM_COMMON_RELIC","is_prod":false,"is_daily":false,"chose_seed":false,"campfire_upgraded":1,"win_rate":0,"timestamp":1547154444,"path_taken":["M","?","?","M","M","R","$","E","T","M","?","?","M","M","R","BOSS","M","?","?","?","$","M","?","E","T","E","?","M","E"],"build_version":"2019-01-03v4","purchased_purges":2,"victory":false,"max_hp_per_floor":[80,80,80,80,80,80,80,80,80,80,80,80,80,80,80,80,87,87,87,87,87,87,87,87,87,87,87,97,97,97],"card_choices":[{"not_picked":["Whirlwind","Cleave"],"picked":"Heavy Blade","floor":1.0},{"not_picked":["Corruption","Headbutt"],"picked":"Infernal Blade","floor":4.0},{"not_picked":["Evolve","Reckless Charge"],"picked":"Clash","floor":5.0},{"not_picked":["Sever Soul","Clash"],"picked":"Flex","floor":8.0},{"not_picked":["Shrug It Off","Reaper"],"picked":"Heavy Blade","floor":10.0},{"not_picked":["Clothesline","Cleave"],"picked":"Twin Strike","floor":11.0},{"not_picked":["Headbutt","Perfected Strike","Wild Strike"],"picked":"SKIP","floor":13.0},{"not_picked":["Body Slam","Anger"],"picked":"Iron Wave","floor":14.0},{"not_picked":["Immolate","Dark Embrace"],"picked":"Double Tap","floor":16.0},{"not_picked":["Warcry","Bludgeon"],"picked":"Heavy Blade","floor":18},{"not_picked":["Uppercut","Feel No Pain+1"],"picked":"Shrug It Off","floor":19},{"not_picked":["Sever Soul","Flex"],"picked":"Iron Wave","floor":21},{"not_picked":["Reckless Charge","Searing Blow+1"],"picked":"Flex","floor":23},{"not_picked":["Sever Soul","Evolve","Armaments"],"picked":"SKIP","floor":25},{"not_picked":["Cleave","Disarm"],"picked":"Flex+1","floor":27},{"not_picked":["Sword Boomerang","Dropkick","Metallicize"],"picked":"SKIP","floor":29}],"player_experience":47622,"relics_obtained":[{"floor":8.0,"key":"Orichalcum"},{"floor":17,"key":"Strawberry"},{"floor":17,"key":"Mercury Hourglass"},{"floor":17,"key":"Pocketwatch"},{"floor":25,"key":"Regal Pillow"},{"floor":26,"key":"Pantograph"},{"floor":27,"key":"Dodecahedron"}],"event_choices":[{"damage_healed":0.0,"max_hp_gain":0.0,"max_hp_loss":0.0,"gold_gain":0.0,"event_name":"Accursed Blacksmith","player_choice":"Rummage","floor":2.0,"gold_loss":0.0,"damage_taken":0.0,"relics_obtained":["WarpedTongs"],"cards_obtained":["Pain"]},{"damage_healed":0.0,"max_hp_gain":0.0,"max_hp_loss":0.0,"gold_gain":100.0,"event_name":"Golden Shrine","player_choice":"Pray","floor":12.0,"gold_loss":0.0,"damage_taken":0.0},{"damage_healed":0,"gold_gain":0,"player_choice":"Inject Mutagens","damage_taken":0,"relics_obtained":["MutagenicStrength"],"max_hp_gain":0,"max_hp_loss":0,"event_name":"Drug Dealer","floor":24,"gold_loss":0},{"damage_healed":0,"gold_gain":0,"player_choice":"Gave Potion","damage_taken":0,"relics_obtained":["Pear"],"max_hp_gain":0,"max_hp_loss":0,"event_name":"WeMeetAgain","floor":28,"gold_loss":0}],"is_beta":false,"boss_relics":[{"not_picked":["Snecko Eye","Orrery"],"picked":"Calling Bell"}],"items_purged_floors":[7,20],"is_endless":false,"potions_floor_spawned":[1,11,14,19,23],"killed_by":"Slavers","ascension_level":0}