{"gold_per_floor":[10,30,47,59,73,73,90,102,102,113,113,113,126,126,126,227,227,237,255,273,273,273],"floor_reached":22,"playtime":1054,"items_purged":[],"score":328,"play_id":"6cb35185-a4bb-4333-a26e-f264ad497be8","local_time":"20190223225421","is_ascension_mode":true,"campfire_choices":[{"data":"Dagger Spray","floor":6,"key":"SMITH"},{"data":"Backstab","floor":11,"key":"SMITH"},{"floor":15,"key":"REST"}],"neow_cost":"NO_GOLD","seed_source_timestamp":167589478266729,"circlet_count":0,"master_deck":["Defend_G","Defend_G","Defend_G","Defend_G","Defend_G","Strike_G","Strike_G","Strike_G","Strike_G","Strike_G","Survivor","Neutralize","Catalyst","Dagger Throw","Backstab+1","Dagger Spray+1","Dagger Throw","PiercingWail","Flying Knee","Noxious Fumes+1","Glass Knife","Backstab","Dagger Spray+1"],"relics":["Ring of the Snake","Ice Cream","Sozu"],"potions_floor_usage":[5,16,22],"damage_taken":[{"damage":2,"enemies":"2 Louse","floor":1,"turns":3},{"damage":3,"enemies":"Jaw Worm","floor":2,"turns":4},{"damage":12,"enemies":"Small Slimes","floor":3,"turns":5},{"damage":14,"enemies":"Gremlin Gang","floor":4,"turns":9},{"damage":0,"enemies":"2 Fungi Beasts","floor":5,"turns":4},{"damage":7,"enemies":"Looter","floor":7,"turns":3},{"damage":0,"enemies":"Exordium Wildlife","floor":8,"turns":2},{"damage":2,"enemies":"Large Slime","floor":10,"turns":5},{"damage":0,"enemies":"2 Fungi Beasts","floor":13,"turns":2},{"damage":0,"enemies":"Slime Boss","floor":16,"turns":7},{"damage":6,"enemies":"Spheric Guardian","floor":18,"turns":3},{"damage":17,"enemies":"Shell Parasite","floor":19,"turns":4},{"damage":30,"enemies":"Snake Plant","floor":20,"turns":5},{"damage":18,"enemies":"Colosseum Slavers","floor":21,"turns":4},{"damage":8,"enemies":"Chosen and Byrds","floor":22,"turns":4}],"seed_played":"-6647710193651364","potions_obtained":[{"floor":2,"key":"Energy Potion"},{"floor":4,"key":"Explosive Potion"},{"floor":7,"key":"SkillPotion"},{"floor":10,"key":"EssenceOfSteel"},{"floor":13,"key":"Fire Potion"}],"is_trial":false,"path_per_floor":["M","M","M","M","M","R","M","M","T","M","R","$","M","?","R","B",null,"M","M","M","?","M"],"character_chosen":"THE_SILENT","items_purchased":[],"campfire_rested":1,"item_purchase_floors":[],"current_hp_per_floor":[75,72,60,46,46,46,39,39,39,37,37,37,37,37,62,62,79,73,56,26,8,0],"gold":273,"neow_bonus":"TWENTY_PERCENT_HP_BONUS","is_prod":false,"is_daily":false,"chose_seed":false,"campfire_upgraded":2,"win_rate":0,"timestamp":1550980461,"path_taken":["M","M","M","M","M","R","M","M","T","M","R","$","M","?","R","BOSS","M","M","M","?","M"],"build_version":"2019-01-23","purchased_purges":0,"victory":false,"max_hp_per_floor":[84,84,84,84,84,84,84,84,84,84,84,84,84,84,84,84,84,84,84,84,84,84],"card_choices":[{"not_picked":["Quick Slash","Flying Knee"],"picked":"Catalyst","floor":1},{"not_picked":["Acrobatics","Infinite Blades","Setup"],"picked":"SKIP","floor":2},{"not_picked":["Deflect","Heel Hook"],"picked":"Dagger Throw","floor":3},{"not_picked":["Underhanded Strike","Masterful Stab"],"picked":"Backstab","floor":4},{"not_picked":["Escape Plan","Endless Agony"],"picked":"Dagger Spray","floor":5},{"not_picked":["Skewer","Accuracy"],"picked":"Dagger Throw","floor":7},{"not_picked":["Calculated Gamble","Storm of Steel"],"picked":"PiercingWail","floor":8},{"not_picked":["Masterful Stab","Escape Plan"],"picked":"Flying Knee","floor":10},{"not_picked":["PiercingWail","Crippling Poison"],"picked":"Noxious Fumes","floor":13},{"not_picked":["Night Terror","Phantasmal Killer"],"picked":"Glass Knife","floor":16},{"not_picked":["Infinite Blades","Deflect"],"picked":"Backstab","floor":18},{"not_picked":["Sucker Punch","Slice","Accuracy+1"],"picked":"SKIP","floor":19},{"not_picked":["Prepared","Dagger Throw"],"picked":"Dagger Spray+1","floor":20}],"player_experience":358995,"relics_obtained":[{"floor":9,"key":"Ice Cream"}],"event_choices":[{"damage_healed":0,"gold_gain":0,"player_choice":"Grow","damage_taken":0,"max_hp_gain":0,"max_hp_loss":0,"event_name":"Living Wall","floor":14,"gold_loss":0,"cards_upgraded":["Noxious Fumes"]},{"damage_healed":0,"gold_gain":0,"player_choice":"Fight","damage_taken":0,"max_hp_gain":0,"max_hp_loss":0,"event_name":"Colosseum","floor":21,"gold_loss":0},{"damage_healed":0,"gold_gain":0,"player_choice":"Fled From Nobs","damage_taken":0,"max_hp_gain":0,"max_hp_loss":0,"event_name":"Colosseum","floor":21,"gold_loss":0}],"is_beta":false,"boss_relics":[{"not_picked":["Runic Dome","Runic Pyramid"],"picked":"Sozu"}],"items_purged_floors":[],"is_endless":false,"potions_floor_spawned":[2,4,7,10,13,19,21],"killed_by":"Chosen and Byrds","ascension_level":8}