{"path_per_floor":["M","?","?","$","M","R","M","M","T","M","M","?","R","?","R","B",null,"M","?","$","M","?","E","R","M","T","E","R","E","?","$","R","B",null,"M","?","?","$","M","R","M","T","T"],"character_chosen":"THE_SILENT","items_purchased":["Footwork","Deep Breath","Regen Potion","Toolbox","Magnetism"],"gold_per_floor":[114,114,64,64,79,79,94,109,109,124,139,139,139,139,139,239,239,254,254,86,101,16,46,46,61,136,166,166,226,326,66,66,166,166,181,181,181,33,48,48,63,88,113,113],"floor_reached":44,"campfire_rested":5,"playtime":3118,"current_hp_per_floor":[63,63,63,63,62,62,50,33,33,45,45,45,45,38,59,43,70,70,57,57,54,54,43,65,38,38,11,33,27,27,27,49,25,75,58,58,58,58,46,68,45,45,45,0],"items_purged":[],"gold":113,"score":554,"play_id":"1cf35a55-4588-44c3-8ae0-7f193efe4d5e","local_time":"20180519051046","daily_mods":["Insanity","Elite Swarm","Hoarder"],"is_prod":false,"is_daily":true,"chose_seed":false,"is_ascension_mode":false,"campfire_upgraded":2,"timestamp":1526715646,"campfire_choices":[{"data":"Storm of Steel","floor":6,"key":"SMITH"},{"data":"Bullet Time","floor":13,"key":"SMITH"},{"floor":15,"key":"REST"},{"floor":24,"key":"REST"},{"floor":28,"key":"REST"},{"floor":32,"key":"REST"},{"floor":40,"key":"REST"}],"path_taken":["M","?","?","$","M","R","M","M","T","M","M","?","R","?","R","BOSS","M","?","$","?","?","E","R","?","T","E","R","E","?","$","R","BOSS","M","?","?","$","M","R","M","?","T","E"],"build_version":"2018-05-17","seed_source_timestamp":0,"purchased_purges":0,"victory":false,"master_deck":["PiercingWail","Dagger Throw","Die Die Die","Defend_G","Deadly Poison","Distraction","Corpse Explosion","Escape Plan","Dodge and Roll","Envenom","Choke","Acrobatics","Concentrate","Predator","Phantasmal Killer","Masterful Stab","Acrobatics","Bullet Time+1","Dagger Spray","Finisher","Venomology","Eviscerate","Corpse Explosion","Venomology","Poisoned Stab","Underhanded Strike","Backflip","Venomology","Burst","Storm of Steel+1","Endless Agony","Die Die Die","Bane","Quick Slash","Terror","Underhanded Strike","Quick Slash","Concentrate","Catalyst","A Thousand Cuts","Outmaneuver","Outmaneuver","PiercingWail","Dodge and Roll","Slice","Doppelganger","Acrobatics","A Thousand Cuts","Dodge and Roll","Dodge and Roll","Dodge and Roll","Malaise","Malaise","Malaise","Neutralize","Neutralize","Neutralize","Blur","Blur","Blur","Footwork","Footwork","Footwork","Deep Breath","Deep Breath","Deep Breath","Flying Knee+1","Flying Knee+1","Flying Knee+1","Apotheosis","Apotheosis","Apotheosis","Magnetism","Magnetism","Magnetism","Slice+1","Slice+1","Slice+1","Regret","Regret","Regret"],"max_hp_per_floor":[70,70,70,70,70,70,70,70,70,70,70,70,70,70,70,70,70,70,75,75,75,75,75,75,75,75,75,75,75,75,75,75,75,75,75,75,75,75,75,75,75,75,75,75],"relics":["Ring of the Snake","Ginger","Bag of Preparation","Cursed Key","Omamori","Art of War","The Courier","Girya","Tiny Chest","Toolbox","Black Star","Blood Vial","Anchor"],"card_choices":[{"not_picked":["Quick Slash","Deadly Poison","Malaise"],"picked":"SKIP","floor":1},{"not_picked":["Backstab","Eviscerate","Crippling Poison"],"picked":"SKIP","floor":5},{"not_picked":["Setup","Endless Agony","Flechettes"],"picked":"SKIP","floor":7},{"not_picked":["Flying Knee","Dodge and Roll","Expertise"],"picked":"SKIP","floor":8},{"not_picked":["Accuracy","Flechettes","Masterful Stab"],"picked":"SKIP","floor":10},{"not_picked":["Dagger Throw","Setup","Slice"],"picked":"SKIP","floor":11},{"not_picked":["Catalyst","Acrobatics+1"],"picked":"Blur","floor":18},{"not_picked":["Accuracy+1","Prepared","PiercingWail"],"picked":"SKIP","floor":21},{"not_picked":["Doppelganger","Corpse Explosion","Wraith Form v2"],"picked":"SKIP","floor":23},{"not_picked":["Masterful Stab","Backflip","Catalyst"],"picked":"SKIP","floor":25},{"not_picked":["Doppelganger","Venomology","Tactician"],"picked":"SKIP","floor":27},{"not_picked":["A Thousand Cuts","Die Die Die","Storm of Steel"],"picked":"SKIP","floor":29},{"not_picked":["Escape Plan+1","Deflect+1"],"picked":"Flying Knee+1","floor":35},{"not_picked":["Dark Shackles","Bandage Up"],"picked":"Apotheosis","floor":36},{"not_picked":["Deadly Poison","Bouncing Flask+1"],"picked":"Slice+1","floor":39},{"not_picked":["Terror+1","Deflect+1","Backflip+1"],"picked":"SKIP","floor":41}],"player_experience":437771,"potions_floor_usage":[7,7,10,10,16,18,18,18,23,23,23,23,23,25,27,27,27,27,29,33,33,33,33,33,35,39,39,39,39,41,44],"damage_taken":[{"damage":7,"enemies":"Jaw Worm","floor":1,"turns":2},{"damage":1,"enemies":"Cultist","floor":5,"turns":4},{"damage":12,"enemies":"2 Louse","floor":7,"turns":3},{"damage":17,"enemies":"Looter","floor":8,"turns":4},{"damage":0,"enemies":"Large Slime","floor":10,"turns":5},{"damage":0,"enemies":"Exordium Wildlife","floor":11,"turns":3},{"damage":16,"enemies":"The Guardian","floor":16,"turns":13},{"damage":0,"enemies":"3 Byrds","floor":18,"turns":3},{"damage":3,"enemies":"Shell Parasite","floor":21,"turns":5},{"damage":11,"enemies":"Book of Stabbing","floor":23,"turns":7},{"damage":27,"enemies":"Cultist and Chosen","floor":25,"turns":5},{"damage":27,"enemies":"Slavers","floor":27,"turns":8},{"damage":6,"enemies":"Book of Stabbing","floor":29,"turns":5},{"damage":39,"enemies":"Collector","floor":33,"turns":14},{"damage":17,"enemies":"3 Shapes","floor":35,"turns":6},{"damage":12,"enemies":"3 Darklings","floor":39,"turns":5},{"damage":23,"enemies":"Spire Growth","floor":41,"turns":5},{"damage":59,"enemies":"Giant Head","floor":44,"turns":7}],"relics_obtained":[{"floor":9,"key":"Ginger"},{"floor":23,"key":"Art of War"},{"floor":26,"key":"The Courier"},{"floor":27,"key":"Girya"},{"floor":29,"key":"Tiny Chest"},{"floor":42,"key":"Blood Vial"},{"floor":43,"key":"Anchor"}],"event_choices":[{"event_name":"Match and Keep!","player_choice":"3 cards matched","floor":2,"damage_taken":0},{"event_name":"The Cleric","player_choice":"Card Removal","floor":3,"damage_taken":0},{"event_name":"Living Wall","player_choice":"Forget","floor":12,"damage_taken":0},{"event_name":"Scrap Ooze","player_choice":"success","floor":14,"damage_taken":7},{"event_name":"Forgotten Altar","player_choice":"Shed Blood","floor":19,"damage_taken":0},{"event_name":"Addict","player_choice":"Obtained Relic","floor":22,"damage_taken":0},{"event_name":"Golden Shrine","player_choice":"Pray","floor":30,"damage_taken":0},{"event_name":"SensoryStone","player_choice":"Memory 1","floor":36,"damage_taken":0},{"event_name":"Tomb of Lord Red Mask","player_choice":"Ignored","floor":37,"damage_taken":0}],"boss_relics":[{"not_picked":["Orrery","Runic Pyramid"],"picked":"Cursed Key"},{"not_picked":["Runic Dome","Philosopher\u0027s Stone"],"picked":"Black Star"}],"potions_floor_spawned":[8,10,11,16,18,23,25,29,35],"seed_played":"6445733851031675108","killed_by":"Giant Head","ascension_level":0,"potions_obtained":[{"floor":8,"key":"EssenceOfSteel"},{"floor":10,"key":"SteroidPotion"},{"floor":11,"key":"Strength Potion"},{"floor":16,"key":"FearPotion"},{"floor":18,"key":"Fire Potion"},{"floor":23,"key":"PowerPotion"},{"floor":25,"key":"Block Potion"},{"floor":29,"key":"Fire Potion"},{"floor":35,"key":"Fire Potion"}],"is_trial":false}