{"gold_per_floor":[113,113,33,183,21,56,76,76,76,104,121,46,46,60,60,137,137,151,151,151,175,175,175],"floor_reached":23,"playtime":675,"items_purged":["Doubt"],"score":440,"play_id":"423a6629-1a27-46ec-9c79-82513316eeed","local_time":"20190125233025","is_ascension_mode":true,"campfire_choices":[{"data":"Defragment","floor":8.0,"key":"SMITH"},{"data":"Defragment","floor":13.0,"key":"SMITH"},{"data":"Rainbow","floor":15.0,"key":"SMITH"}],"neow_cost":"NONE","seed_source_timestamp":12904120530743,"circlet_count":0,"master_deck":["AscendersBane","Strike_B+1","Strike_B+1","Strike_B+1","Defend_B+1","Defend_B+1","Defend_B+1","Defend_B+1","Zap","Dualcast","Sweeping Beam","Defragment+1","Capacitor","Hologram","Ball Lightning","Defragment+1","Rainbow+1","Hologram","Amplify","Leap","Rainbow+1"],"special_seed":0,"relics":["Cracked Core","NeowsBlessing","Gremlin Horn","Girya","Ornamental Fan","Bottled Tornado","Fusion Hammer","Lantern"],"potions_floor_usage":[20],"damage_taken":[{"damage":0.0,"enemies":"Cultist","floor":1.0,"turns":1.0},{"damage":0.0,"enemies":"Lagavulin","floor":6.0,"turns":1.0},{"damage":0.0,"enemies":"2 Louse","floor":7.0,"turns":1.0},{"damage":8.0,"enemies":"Gremlin Nob","floor":10.0,"turns":3.0},{"damage":9.0,"enemies":"Jaw Worm","floor":11.0,"turns":4.0},{"damage":6.0,"enemies":"Exordium Thugs","floor":14.0,"turns":4.0},{"damage":27.0,"enemies":"Slime Boss","floor":16.0,"turns":6.0},{"damage":44,"enemies":"3 Byrds","floor":18,"turns":3},{"damage":21,"enemies":"Colosseum Slavers","floor":20,"turns":5},{"damage":9,"enemies":"Gremlin Leader","floor":23,"turns":1}],"seed_played":"-1809101719991545586","potions_obtained":[{"floor":7.0,"key":"Block Potion"},{"floor":10.0,"key":"Swift Potion"},{"floor":18,"key":"Regen Potion"}],"is_trial":false,"path_per_floor":["M","T","$","?","$","E","M","R","T","E","M","?","R","M","R","B",null,"M","?","?","T","?","E"],"character_chosen":"DEFECT","items_purchased":["Defragment","Capacitor"],"campfire_rested":0,"item_purchase_floors":[3,5],"current_hp_per_floor":[64,64,64,64,64,64,64,64,64,56,47,47,47,41,41,14,57,13,13,6,6,6,0],"gold":175,"neow_bonus":"THREE_ENEMY_KILL","is_prod":false,"is_daily":false,"chose_seed":false,"campfire_upgraded":3,"win_rate":0,"timestamp":1548455425,"path_taken":["M","?","$","?","?","E","?","R","T","E","M","?","R","M","R","BOSS","M","?","?","?","?","E"],"build_version":"2019-01-23","purchased_purges":1,"victory":false,"max_hp_per_floor":[71,71,71,71,71,71,71,71,71,71,71,71,71,71,71,71,71,71,71,71,71,71,71],"card_choices":[{"not_picked":["Stack","Barrage"],"picked":"Sweeping Beam","floor":1.0},{"not_picked":["Compile Driver","All For One"],"picked":"Hologram","floor":6.0},{"not_picked":["Redo","Compile Driver"],"picked":"Ball Lightning","floor":7.0},{"not_picked":["Steam","Melter"],"picked":"Defragment","floor":10.0},{"not_picked":["Doom and Gloom","Stack"],"picked":"Rainbow","floor":11.0},{"not_picked":["Melter","Stack"],"picked":"Hologram","floor":14.0},{"not_picked":["Buffer","Hyperbeam"],"picked":"Amplify","floor":16.0},{"not_picked":["Turbo+1","Darkness"],"picked":"Leap","floor":18}],"player_experience":910532,"relics_obtained":[{"floor":2.0,"key":"Gremlin Horn"},{"floor":6.0,"key":"Girya"},{"floor":9.0,"key":"Ornamental Fan"},{"floor":10.0,"key":"Bottled Tornado"},{"floor":21,"key":"Lantern"}],"event_choices":[{"damage_healed":0.0,"max_hp_gain":0.0,"max_hp_loss":0.0,"gold_gain":150.0,"event_name":"Liars Game","player_choice":"AGREE","floor":4.0,"gold_loss":0.0,"damage_taken":0.0,"cards_obtained":["Doubt"]},{"cards_removed":["Strike_B"],"damage_healed":0.0,"max_hp_gain":0.0,"max_hp_loss":0.0,"gold_gain":0.0,"event_name":"The Cleric","player_choice":"Card Removal","floor":12.0,"gold_loss":75.0,"damage_taken":0.0},{"damage_healed":0,"gold_gain":0,"player_choice":"Simplicity","damage_taken":0,"max_hp_gain":0,"max_hp_loss":0,"event_name":"Back to Basics","floor":19,"gold_loss":0,"cards_upgraded":["Strike_B","Strike_B","Strike_B","Defend_B","Defend_B","Defend_B","Defend_B"]},{"damage_healed":0,"gold_gain":0,"player_choice":"Fight","damage_taken":0,"max_hp_gain":0,"max_hp_loss":0,"event_name":"Colosseum","floor":20,"gold_loss":0},{"damage_healed":0,"gold_gain":0,"player_choice":"Fled From Nobs","damage_taken":0,"max_hp_gain":0,"max_hp_loss":0,"event_name":"Colosseum","floor":20,"gold_loss":0},{"damage_healed":0,"gold_gain":0,"player_choice":"Copied","damage_taken":0,"max_hp_gain":0,"max_hp_loss":0,"event_name":"Duplicator","floor":22,"gold_loss":0,"cards_obtained":["Rainbow"]}],"is_beta":true,"boss_relics":[{"not_picked":["Runic Dome","Sozu"],"picked":"Fusion Hammer"}],"items_purged_floors":[5],"is_endless":false,"potions_floor_spawned":[7,10,11,18],"killed_by":"Gremlin Leader","ascension_level":20}