{"path_per_floor":["M","?","?","M","M","R","M","R","T","E","R","M","$","M","R","B",null,"M","$","M","M","?","R","?","M","T","?","$","M","M","M","R","B",null,"M","?","M","M","M","R","M","M","T"],"character_chosen":"THE_SILENT","items_purchased":[],"gold_per_floor":[99,99,99,99,99,99,99,99,99,99,99,99,24,24,24,24,24,24,24,24,24,24,24,24,24,24,24,24,24,24,24,24,24,24,24,24,24,24,24,24,24,24,24],"floor_reached":44,"campfire_rested":5,"playtime":3836,"current_hp_per_floor":[70,63,63,63,57,70,70,70,70,29,50,45,45,45,66,46,70,60,60,49,58,58,58,42,38,38,38,38,31,16,16,37,9,70,42,60,53,9,34,55,14,1,1],"items_purged":["Normality"],"gold":24,"score":393,"play_id":"4fa2333e-9923-4e81-ab68-63f9862896d2","local_time":"20180304043338","is_prod":false,"is_daily":false,"is_ascension_mode":false,"campfire_upgraded":2,"timestamp":1520150618,"path_taken":["M","?","?","M","M","R","M","R","T","E","R","?","?","?","R","BOSS","M","$","M","M","?","R","?","M","T","?","$","M","M","M","R","BOSS","M","?","?","?","M","R","M","M","T","M"],"build_version":"2018-03-01-PROD1","purchased_purges":1,"victory":false,"master_deck":["Defend_G","Defend_G","Defend_G","Defend_G","Defend_G","Strike_G","Strike_G","Strike_G","Strike_G+1","Strike_G+1","Survivor","Neutralize","Distraction","Distraction","PiercingWail","Noxious Fumes+1","Phantasmal Killer","Noxious Fumes+1","Blur","Adrenaline","Backstab","Prepared","Deadly Poison+1","Night Terror","Dagger Spray+1","Writhe","Bouncing Flask+1","Poisoned Stab+1","Calculated Gamble+1","Cloak And Dagger+1"],"max_hp_per_floor":[70,70,70,70,70,70,70,70,70,70,70,70,70,70,70,70,70,70,70,70,70,70,70,70,70,70,70,70,70,70,70,70,70,70,70,70,70,70,70,70,70,70,70],"relics":["Ectoplasm","Snake Skull","Prayer Wheel","Bag of Preparation","Lizard Tail","Centennial Puzzle","Enchiridion","Du-Vu Doll","The Specimen","Whetstone"],"card_choices":[{"not_picked":["Backflip","Quick Slash"],"picked":"Distraction"},{"not_picked":["Backflip","Terror"],"picked":"Distraction"},{"not_picked":["Bane","Terror"],"picked":"PiercingWail"},{"not_picked":["Underhanded Strike","Sucker Punch"],"picked":"Noxious Fumes"},{"not_picked":["Predator","Dagger Throw"],"picked":"Phantasmal Killer"},{"not_picked":["Prepared","Quick Slash"],"picked":"Noxious Fumes"},{"not_picked":["Leg Sweep","Deflect"],"picked":"Blur"},{"not_picked":["Night Terror","A Thousand Cuts"],"picked":"Adrenaline"},{"not_picked":["Quick Slash","Backflip"],"picked":"Backstab"},{"not_picked":["Flying Knee","Reflex"],"picked":"Prepared"},{"not_picked":["Quick Slash","Outmaneuver"],"picked":"Deadly Poison"},{"not_picked":["Die Die Die","Unload"],"picked":"Night Terror"},{"not_picked":["Outmaneuver","Infinite Blades"],"picked":"Dagger Spray"},{"not_picked":["Malaise","Flying Knee"],"picked":"Bouncing Flask"},{"not_picked":["Sucker Punch","Dodge and Roll"],"picked":"Poisoned Stab"},{"not_picked":["Dodge and Roll","Poisoned Stab"],"picked":"Calculated Gamble"},{"not_picked":["All Out Attack","Deflect"],"picked":"Cloak And Dagger"}],"player_experience":98590,"potions_floor_usage":[4,10,12,18,21,29,31,33,35,37,38,39,41,44],"damage_taken":[{"damage":0,"enemies":"Cultist","floor":1,"turns":4},{"damage":0,"enemies":"2 Louse","floor":4,"turns":2},{"damage":6,"enemies":"Jaw Worm","floor":5,"turns":6},{"damage":0,"enemies":"3 Louse","floor":7,"turns":4},{"damage":41,"enemies":"Gremlin Nob","floor":10,"turns":5},{"damage":5,"enemies":"Exordium Wildlife","floor":12,"turns":5},{"damage":0,"enemies":"2 Fungi Beasts","floor":14,"turns":3},{"damage":20,"enemies":"Hexaghost","floor":16,"turns":10},{"damage":10,"enemies":"Shell Parasite","floor":18,"turns":6},{"damage":11,"enemies":"Spheric Guardian","floor":20,"turns":6},{"damage":6,"enemies":"Centurion and Healer","floor":21,"turns":6},{"damage":4,"enemies":"Snake Plant","floor":25,"turns":4},{"damage":7,"enemies":"Snecko","floor":29,"turns":7},{"damage":15,"enemies":"Sentry and Sphere","floor":30,"turns":5},{"damage":0,"enemies":"Snake Plant","floor":31,"turns":4},{"damage":28,"enemies":"Collector","floor":33,"turns":7},{"damage":28,"enemies":"3 Darklings","floor":35,"turns":5},{"damage":7,"enemies":"Orb Walker","floor":37,"turns":3},{"damage":44,"enemies":"Sphere and 2 Shapes","floor":38,"turns":4},{"damage":23,"enemies":"Maw","floor":39,"turns":6},{"damage":41,"enemies":"4 Shapes","floor":41,"turns":5},{"damage":13,"enemies":"3 Darklings","floor":42,"turns":4},{"damage":6,"enemies":"Maw","floor":44,"turns":4}],"event_choices":[{"event_name":"Wheel of Change","player_choice":"Damage","floor":2,"damage_taken":0},{"event_name":"Accursed Blacksmith","player_choice":"Rummage","floor":3,"damage_taken":0},{"event_name":"The Mausoleum","player_choice":"Yes","floor":22,"damage_taken":0},{"event_name":"Cursed Tome","player_choice":"Obtained Book","floor":24,"damage_taken":0},{"event_name":"Beggar","player_choice":"Ignored","floor":27,"damage_taken":0},{"event_name":"Winding Halls","player_choice":"Writhe","floor":36,"damage_taken":0}],"boss_relics":[{"not_picked":["Runic Dome","Orrery"],"picked":"Lizard Tail"},{"not_picked":["Velvet Choker","Philosopher\u0027s Stone"],"picked":"The Specimen"}],"potions_floor_spawned":[1,7,10,16,20,30,31,35,37],"seed_played":"1478387512307921560","killed_by":"Maw","ascension_level":0,"is_trial":false}