{"path_per_floor":["M","?","T","?","M","E","M","M","T","R","E","$","?","?","R","B",null,"M","$","M","M","?","E","?","R","T","M","R","M","M","M","R","B",null,"M","?","$","M","?","R","M","E","T","R","M","E","M","?","R","B"],"character_chosen":"IRONCLAD","items_purchased":["Inflame","Molten Egg 2","Magic Flower"],"gold_per_floor":[215,215,215,215,233,276,296,316,342,342,385,229,229,229,229,357,357,378,19,39,58,58,101,101,101,154,173,173,196,210,233,233,357,357,370,370,73,91,91,91,115,158,158,158,181,214,229,229,229,229],"floor_reached":51,"campfire_rested":2,"playtime":1589,"current_hp_per_floor":[80,80,80,60,66,21,23,23,23,47,35,35,23,7,31,18,80,80,80,75,74,56,56,56,56,56,50,50,56,46,51,51,31,56,50,50,50,56,56,56,56,22,22,22,39,38,56,49,49,17],"items_purged":["Strike_R","Defend_R"],"gold":229,"score":959,"play_id":"c74cf716-0864-456f-9377-07c9c2330762","local_time":"20180505195454","is_prod":false,"is_daily":false,"chose_seed":false,"is_ascension_mode":true,"campfire_upgraded":6,"timestamp":1525564494,"path_taken":["M","?","?","?","M","E","M","M","T","R","E","$","?","?","R","BOSS","M","$","M","?","?","E","?","R","T","M","R","M","?","M","R","BOSS","M","?","$","?","?","R","M","E","T","R","M","E","M","?","R","BOSS"],"build_version":"2018-05-03","seed_source_timestamp":59201245564812,"purchased_purges":3,"victory":true,"master_deck":["Defend_R+1","Defend_R+1","Bash+1","Spot Weakness+1","Heavy Blade+1","Seeing Red+1","Headbutt","Inflame+1","Impervious+1","Shrug It Off+1","Bite+1","Bite+1","Bite+1","Bite+1","Bite+1","Inflame+1","Limit Break+1","Heavy Blade+1","Inflame+1","Normality","Madness","Madness"],"max_hp_per_floor":[80,80,80,80,80,80,80,80,80,80,80,80,80,80,80,80,80,80,80,80,80,56,56,56,56,56,56,56,56,56,56,56,56,56,56,56,56,56,56,56,56,56,56,56,56,56,56,56,56,56],"relics":["Burning Blood","War Paint","Golden Idol","Blue Candle","Art of War","Gremlin Horn","Bag of Marbles","Sozu","Molten Egg 2","Pen Nib","Bronze Scales","Cursed Key","Magic Flower","Ancient Tea Set","Ice Cream","Ginger"],"card_choices":[{"not_picked":["Warcry","Flex"],"picked":"Spot Weakness","floor":1},{"not_picked":["Heavy Blade","Anger"],"picked":"Cleave","floor":6},{"not_picked":["Cleave","Dropkick"],"picked":"Heavy Blade","floor":7},{"not_picked":["Sentinel","Heavy Blade"],"picked":"Seeing Red","floor":8},{"not_picked":["Immolate","Cleave"],"picked":"Headbutt","floor":11},{"not_picked":["Exhume","Dark Embrace"],"picked":"Impervious","floor":16},{"not_picked":["Twin Strike","Disarm"],"picked":"Shrug It Off","floor":18},{"not_picked":["Armaments","Heavy Blade"],"picked":"Spot Weakness","floor":20},{"not_picked":["Berserk","Fire Breathing"],"picked":"Inflame","floor":23},{"not_picked":["Demon Form","Dark Embrace"],"picked":"Limit Break","floor":33},{"not_picked":["Havoc","Flex"],"picked":"Heavy Blade","floor":35},{"not_picked":["True Grit","Havoc"],"picked":"Inflame","floor":38}],"player_experience":157149,"potions_floor_usage":[16,16,50],"damage_taken":[{"damage":0,"enemies":"2 Louse","floor":1,"turns":3},{"damage":0,"enemies":"Cultist","floor":5,"turns":3},{"damage":51,"enemies":"Gremlin Nob","floor":6,"turns":5},{"damage":4,"enemies":"Jaw Worm","floor":7,"turns":4},{"damage":6,"enemies":"2 Fungi Beasts","floor":8,"turns":3},{"damage":18,"enemies":"3 Sentries","floor":11,"turns":4},{"damage":19,"enemies":"Slime Boss","floor":16,"turns":9},{"damage":0,"enemies":"Chosen","floor":18,"turns":4},{"damage":11,"enemies":"Spheric Guardian","floor":20,"turns":4},{"damage":7,"enemies":"Cultist and Chosen","floor":21,"turns":5},{"damage":0,"enemies":"Gremlin Leader","floor":23,"turns":6},{"damage":18,"enemies":"Snake Plant","floor":27,"turns":4},{"damage":8,"enemies":"Centurion and Healer","floor":29,"turns":5},{"damage":19,"enemies":"Chosen and Byrds","floor":30,"turns":4},{"damage":13,"enemies":"Snake Plant","floor":31,"turns":2},{"damage":40,"enemies":"Collector","floor":33,"turns":5},{"damage":23,"enemies":"3 Darklings","floor":35,"turns":4},{"damage":6,"enemies":"3 Shapes","floor":38,"turns":4},{"damage":19,"enemies":"Sphere and 2 Shapes","floor":41,"turns":3},{"damage":63,"enemies":"Nemesis","floor":42,"turns":5},{"damage":12,"enemies":"4 Shapes","floor":45,"turns":3},{"damage":43,"enemies":"Giant Head","floor":46,"turns":6},{"damage":5,"enemies":"Maw","floor":47,"turns":4},{"damage":59,"enemies":"Donu and Deca","floor":50,"turns":5}],"event_choices":[{"event_name":"Bonfire Elementals","player_choice":"BASIC","floor":2,"damage_taken":0},{"event_name":"Golden Idol","player_choice":"Take Damage","floor":4,"damage_taken":0},{"event_name":"Scrap Ooze","player_choice":"success","floor":13,"damage_taken":12},{"event_name":"Shining Light","player_choice":"Entered Light","floor":14,"damage_taken":0},{"event_name":"Vampires","player_choice":"Became a vampire","floor":22,"damage_taken":0},{"event_name":"Back to Basics","player_choice":"Elegance","floor":24,"damage_taken":0},{"event_name":"Purifier","player_choice":"One Purge","floor":36,"damage_taken":0},{"event_name":"Winding Halls","player_choice":"Embrace Madness","floor":48,"damage_taken":0}],"boss_relics":[{"not_picked":["Black Star","Ectoplasm"],"picked":"Sozu"},{"not_picked":["Pandora\u0027s Box","Calling Bell"],"picked":"Cursed Key"}],"potions_floor_spawned":[1,11,16,20,21,29,35,45,46],"seed_played":"1741998216806439904","ascension_level":4,"is_trial":false}