{"gold_per_floor":[212,22,22,22,41,41,41,41,41,41,69,83,103,114,114,185,185,105,105,105,105,105,105,20,20,20,20,20,20,20,20,20,20,20,20,20,20,20,20,20,20],"floor_reached":41,"playtime":2127,"items_purged":[],"score":774,"play_id":"8446a8d3-f078-48b4-92f7-a34f40836191","local_time":"20181223131317","is_ascension_mode":true,"campfire_choices":[{"data":"Clothesline","floor":6.0,"key":"SMITH"},{"data":"Spot Weakness","floor":8.0,"key":"SMITH"},{"data":"Pommel Strike","floor":10.0,"key":"SMITH"},{"data":"True Grit","floor":15.0,"key":"SMITH"},{"data":"Shockwave","floor":23.0,"key":"SMITH"},{"data":"Barricade","floor":25.0,"key":"SMITH"},{"data":"J.A.X.","floor":30.0,"key":"SMITH"},{"floor":32.0,"key":"REST"},{"data":"Armaments","floor":40,"key":"SMITH"}],"neow_cost":"NONE","seed_source_timestamp":1290897361004,"circlet_count":0,"master_deck":["AscendersBane","Defend_R","Defend_R","Defend_R","Bash+1","Spot Weakness+1","Clothesline+1","Pommel Strike+1","Twin Strike","Shrug It Off","True Grit+1","Metallicize","Barricade+1","Shockwave+1","Bite","Bite","Bite","J.A.X.+1","Feel No Pain","Armaments+1","Impervious","Purity+1","Uppercut+1","Transmutation+1"],"special_seed":0,"relics":["Burning Blood","Red Skull","Happy Flower","Blue Candle","Mummified Hand","Mercury Hourglass","Ectoplasm","Ornamental Fan","Ice Cream","Bottled Lightning","Astrolabe"],"potions_floor_usage":[38],"damage_taken":[{"damage":12.0,"enemies":"2 Louse","floor":1.0,"turns":3.0},{"damage":4.0,"enemies":"Jaw Worm","floor":5.0,"turns":3.0},{"damage":31.0,"enemies":"3 Sentries","floor":11.0,"turns":7.0},{"damage":0.0,"enemies":"Small Slimes","floor":12.0,"turns":2.0},{"damage":3.0,"enemies":"Gremlin Gang","floor":13.0,"turns":3.0},{"damage":1.0,"enemies":"Blue Slaver","floor":14.0,"turns":3.0},{"damage":28.0,"enemies":"Slime Boss","floor":16.0,"turns":8.0},{"damage":19.0,"enemies":"2 Thieves","floor":18.0,"turns":5.0},{"damage":27.0,"enemies":"Chosen","floor":22.0,"turns":6.0},{"damage":23.0,"enemies":"Shelled Parasite and Fungi","floor":27.0,"turns":3.0},{"damage":10.0,"enemies":"Centurion and Healer","floor":29.0,"turns":7.0},{"damage":12.0,"enemies":"Colosseum Slavers","floor":31.0,"turns":4.0},{"damage":53.0,"enemies":"Colosseum Nobs","floor":31.0,"turns":5.0},{"damage":47.0,"enemies":"Collector","floor":33.0,"turns":9.0},{"damage":8.0,"enemies":"3 Shapes","floor":35.0,"turns":5.0},{"damage":37,"enemies":"3 Darklings","floor":38,"turns":5},{"damage":29,"enemies":"Spire Growth","floor":41,"turns":5}],"seed_played":"4838408178011982870","potions_obtained":[{"floor":11.0,"key":"EssenceOfSteel"},{"floor":13.0,"key":"Energy Potion"},{"floor":18.0,"key":"SteroidPotion"},{"floor":22.0,"key":"Explosive Potion"},{"floor":29.0,"key":"EssenceOfSteel"},{"floor":31.0,"key":"Strength Potion"},{"floor":35.0,"key":"LiquidBronze"}],"is_trial":false,"path_per_floor":["M","$","?","?","M","R","?","R","T","R","E","M","M","M","R","B",null,"M","?","?","?","M","R","$","R","T","M","?","M","R","?","R","B",null,"M","?","?","M","?","R","M"],"character_chosen":"IRONCLAD","items_purchased":["Red Skull","Clothesline","Feel No Pain"],"campfire_rested":1,"item_purchase_floors":[2,2,24],"current_hp_per_floor":[62,62,62,44,46,46,46,46,46,46,21,27,30,35,35,13,60,47,47,47,47,32,32,32,32,32,25,35,47,47,15,30,15,43,43,43,43,18,18,18,0],"gold":20,"neow_bonus":"HUNDRED_GOLD","is_prod":false,"is_daily":false,"chose_seed":false,"campfire_upgraded":8,"win_rate":0,"timestamp":1545567197,"path_taken":["M","$","?","?","M","R","?","R","T","R","E","?","M","M","R","BOSS","M","?","?","?","?","R","$","R","T","M","?","M","R","?","R","BOSS","M","?","?","M","?","R","M"],"build_version":"2018-12-20","purchased_purges":0,"victory":false,"max_hp_per_floor":[75,75,75,75,75,75,75,75,75,75,75,75,75,75,75,75,75,75,52,52,52,52,52,52,52,52,52,52,52,52,52,52,52,52,52,52,52,52,52,52,52],"card_choices":[{"not_picked":["Havoc","Pommel Strike"],"picked":"Spot Weakness","floor":1.0},{"not_picked":["Warcry","Blood for Blood"],"picked":"Pommel Strike","floor":5.0},{"not_picked":["Double Tap","Spot Weakness"],"picked":"Twin Strike","floor":11.0},{"not_picked":["Sword Boomerang","Headbutt"],"picked":"Shrug It Off","floor":12.0},{"not_picked":["Clash","Body Slam"],"picked":"True Grit","floor":13.0},{"not_picked":["Clothesline","Pommel Strike"],"picked":"Metallicize","floor":14.0},{"not_picked":["Dark Embrace","Brutality"],"picked":"Barricade","floor":16.0},{"not_picked":["Sword Boomerang","Havoc"],"picked":"Shockwave","floor":18.0},{"not_picked":["Headbutt","True Grit","Flex"],"picked":"SKIP","floor":22.0},{"not_picked":["Sever Soul+1","Flex","Pommel Strike"],"picked":"SKIP","floor":27.0},{"not_picked":["Thunderclap","Corruption+1"],"picked":"Shrug It Off","floor":29.0},{"not_picked":["Rampage","Bludgeon"],"picked":"Armaments","floor":31.0},{"not_picked":["Offering","Bludgeon"],"picked":"Impervious","floor":33.0},{"not_picked":["Clothesline","Hemokinesis","Dual Wield"],"picked":"SKIP","floor":35.0},{"not_picked":["Wild Strike","Whirlwind","Anger+1"],"picked":"SKIP","floor":38}],"player_experience":858865,"relics_obtained":[{"floor":9.0,"key":"Mummified Hand"},{"floor":11.0,"key":"Mercury Hourglass"},{"floor":26.0,"key":"Ornamental Fan"},{"floor":31.0,"key":"Ice Cream"},{"floor":31.0,"key":"Bottled Lightning"}],"event_choices":[{"damage_healed":0.0,"max_hp_gain":0.0,"max_hp_loss":0.0,"gold_gain":0.0,"event_name":"Big Fish","player_choice":"Box","floor":3.0,"gold_loss":0.0,"damage_taken":0.0,"relics_obtained":["Happy Flower"],"cards_obtained":["Regret"]},{"damage_healed":0.0,"max_hp_gain":0.0,"max_hp_loss":0.0,"gold_gain":0.0,"event_name":"Scrap Ooze","player_choice":"Success","floor":4.0,"gold_loss":0.0,"damage_taken":18.0,"relics_obtained":["Blue Candle"]},{"damage_healed":0.0,"max_hp_gain":0.0,"max_hp_loss":0.0,"gold_gain":0.0,"event_name":"Upgrade Shrine","player_choice":"Upgraded","floor":7.0,"gold_loss":0.0,"damage_taken":0.0,"cards_upgraded":["Bash"]},{"damage_healed":0.0,"max_hp_gain":0.0,"max_hp_loss":23.0,"gold_gain":0.0,"event_name":"Vampires","player_choice":"Became a vampire","floor":19.0,"gold_loss":0.0,"damage_taken":0.0,"cards_obtained":["Bite","Bite","Bite","Bite","Bite"]},{"damage_healed":0.0,"max_hp_gain":0.0,"max_hp_loss":0.0,"gold_gain":0.0,"event_name":"Drug Dealer","player_choice":"Obtain J.A.X.","floor":20.0,"gold_loss":0.0,"damage_taken":0.0,"cards_obtained":["J.A.X."]},{"damage_healed":0.0,"max_hp_gain":0.0,"max_hp_loss":0.0,"gold_gain":0.0,"event_name":"Ghosts","player_choice":"Ignored","floor":21.0,"gold_loss":0.0,"damage_taken":0.0},{"damage_healed":10.0,"max_hp_gain":0.0,"max_hp_loss":0.0,"gold_gain":0.0,"event_name":"The Library","player_choice":"Heal","floor":28.0,"gold_loss":0.0,"damage_taken":0.0},{"damage_healed":0.0,"max_hp_gain":0.0,"max_hp_loss":0.0,"gold_gain":0.0,"event_name":"Colosseum","player_choice":"Fight","floor":31.0,"gold_loss":0.0,"damage_taken":0.0},{"damage_healed":0.0,"max_hp_gain":0.0,"max_hp_loss":0.0,"gold_gain":0.0,"event_name":"Colosseum","player_choice":"Fought Nobs","floor":31.0,"gold_loss":0.0,"damage_taken":0.0},{"cards_removed":["Shrug It Off"],"damage_healed":0.0,"max_hp_gain":0.0,"max_hp_loss":0.0,"gold_gain":0.0,"event_name":"Falling","player_choice":"Removed Skill","floor":36.0,"gold_loss":0.0,"damage_taken":0.0},{"damage_healed":0,"gold_gain":0,"player_choice":"Ignored","damage_taken":0,"max_hp_gain":0,"max_hp_loss":0,"event_name":"Mysterious Sphere","floor":37,"gold_loss":0},{"cards_removed":["Regret"],"damage_healed":0,"gold_gain":0,"player_choice":"Purged","damage_taken":0,"max_hp_gain":0,"max_hp_loss":0,"event_name":"Purifier","floor":39,"gold_loss":0}],"is_beta":true,"boss_relics":[{"not_picked":["Lizard Tail","Empty Cage"],"picked":"Ectoplasm"},{"not_picked":["Orrery","Pandora\u0027s Box"],"picked":"Astrolabe"}],"items_purged_floors":[],"is_endless":false,"potions_floor_spawned":[11,13,18,22,29,31,35],"killed_by":"Spire Growth","ascension_level":20}