{"path_per_floor":["M","T","?","?","?","R","M","?","T","?","?","M","M","T","R","B",null,"M","$","M","?","M","R","?","R","T","R","M","M","M","$","R","B",null,"M","$","?","M","?","M","R","M","T","R","E","$","?","T","R","B"],"character_chosen":"DEFECT","items_purchased":["Torii","Bandage Up","Gash","Pear","EssenceOfSteel","Weak Potion"],"gold_per_floor":[114,114,114,114,189,189,204,204,254,254,254,269,284,309,309,409,409,424,22,37,37,52,52,52,52,52,52,67,82,97,97,97,197,197,212,167,167,182,182,197,197,212,212,212,542,167,167,167,167,167],"floor_reached":51,"campfire_rested":3,"playtime":2317,"item_purchase_floors":[19,19,36,46,46,46],"current_hp_per_floor":[75,75,68,68,57,81,81,92,92,92,97,97,89,89,89,43,97,79,79,75,75,63,92,92,92,92,92,76,88,76,76,97,82,97,97,97,85,87,97,97,97,97,97,97,83,93,93,93,93,50],"items_purged":[],"gold":167,"score":863,"play_id":"9239c709-cc29-403d-ab54-a02d450fb1be","local_time":"20180611042421","daily_mods":["Allstar","Lethality","Hoarder"],"is_prod":false,"is_daily":true,"chose_seed":false,"is_ascension_mode":false,"campfire_upgraded":3,"win_rate":0,"timestamp":1528700061,"campfire_choices":[{"floor":6,"key":"REST"},{"data":"Jack Of All Trades","floor":15,"key":"SMITH"},{"floor":23,"key":"REST"},{"data":"Jack Of All Trades","floor":25,"key":"SMITH"},{"data":"Jack Of All Trades","floor":27,"key":"SMITH"},{"floor":32,"key":"REST"},{"floor":41,"key":"DIG"},{"floor":44,"key":"DIG"},{"floor":49,"key":"DIG"}],"path_taken":["M","?","?","?","?","R","M","?","T","?","?","M","M","?","R","BOSS","M","$","M","?","M","R","?","R","T","R","M","M","M","$","R","BOSS","M","$","?","M","?","M","R","M","T","R","E","$","?","?","R","BOSS"],"build_version":"2018-06-08","seed_source_timestamp":0,"purchased_purges":0,"victory":true,"master_deck":["Strike_B+1","Strike_B+1","Strike_B+1","Strike_B+1","Defend_B+1","Defend_B+1","Defend_B+1","Defend_B+1","Zap","Dualcast","Thinking Ahead","Thinking Ahead","Panache","Panache","Panache","Jack Of All Trades+1","Jack Of All Trades+1","Jack Of All Trades+1","Deep Breath","Deep Breath","Deep Breath","Turbo","Turbo","Enlightenment","Rainbow","Rainbow","Rainbow","Leap","Leap","Leap","Bandage Up","Bandage Up","Bandage Up","Creative AI","Creative AI","Creative AI","Hologram+1","Hologram+1","Hologram+1","Jack Of All Trades+1","Jack Of All Trades+1","Jack Of All Trades+1","Secret Weapon+1","Secret Weapon+1","Secret Weapon+1","Gash","Gash","Gash","Madness","Madness","Madness","Madness","Madness","Madness","Gash+1","Gash+1","Gash+1","Stack+1","Stack+1","Stack+1"],"max_hp_per_floor":[75,75,75,82,82,82,82,92,92,92,97,97,97,97,97,97,97,97,97,97,97,97,97,97,97,97,97,97,97,97,97,97,97,97,97,97,97,97,97,97,97,97,97,97,97,107,107,107,107,107],"relics":["Cracked Core","Juzu Bracelet","Strawberry","Bag of Preparation","Boot","Nuclear Battery","Torii","Unceasing Top","Shuriken","Astrolabe","Shovel","Dodecahedron","Smiling Mask","Vajra","Old Coin","Pear","Bird Faced Urn","Peace Pipe"],"card_choices":[{"not_picked":["Go for the Eyes","Rebound","Steam"],"picked":"SKIP","floor":1},{"not_picked":["Chaos","Redo"],"picked":"Turbo","floor":7},{"not_picked":["Turbo","Tempest","Gash"],"picked":"SKIP","floor":12},{"not_picked":["Go for the Eyes","Blizzard","Compile Driver"],"picked":"SKIP","floor":13},{"not_picked":["Fission","Thunder Strike"],"picked":"Rainbow","floor":16},{"not_picked":["Beam Cell","Scrape+1"],"picked":"Leap","floor":18},{"not_picked":["Gash+1","Rebound","Steam"],"picked":"SKIP","floor":20},{"not_picked":["Rebound","Electrodynamics","Conserve Battery"],"picked":"SKIP","floor":22},{"not_picked":["BootSequence+1","Coolheaded+1","Scrape"],"picked":"SKIP","floor":28},{"not_picked":["Steam","Conserve Battery","Reprogram"],"picked":"SKIP","floor":29},{"not_picked":["Leap+1","Conserve Battery","Compile Driver"],"picked":"SKIP","floor":30},{"not_picked":["Electrodynamics","Fission"],"picked":"Creative AI","floor":33},{"not_picked":["Beam Cell","Reinforced Body+1","Auto Shields+1"],"picked":"SKIP","floor":35},{"not_picked":["Blizzard+1","Redo"],"picked":"Gash+1","floor":38},{"not_picked":["Compile Driver","Reboot"],"picked":"Stack+1","floor":39},{"not_picked":["Darkness+1","Leap+1","Sunder"],"picked":"SKIP","floor":40},{"not_picked":["Conserve Battery+1","Streamline+1","Hologram"],"picked":"SKIP","floor":42},{"not_picked":["Blizzard+1","Redo","Rebound"],"picked":"SKIP","floor":45}],"player_experience":468827,"potions_floor_usage":[16,45,45,50,50,50],"damage_taken":[{"damage":0,"enemies":"Cultist","floor":1,"turns":3},{"damage":0,"enemies":"Small Slimes","floor":7,"turns":1},{"damage":0,"enemies":"Jaw Worm","floor":12,"turns":1},{"damage":8,"enemies":"Large Slime","floor":13,"turns":4},{"damage":46,"enemies":"The Guardian","floor":16,"turns":6},{"damage":18,"enemies":"3 Byrds","floor":18,"turns":2},{"damage":8,"enemies":"Spheric Guardian","floor":20,"turns":4},{"damage":16,"enemies":"Chosen and Byrds","floor":22,"turns":3},{"damage":24,"enemies":"Snecko","floor":28,"turns":5},{"damage":0,"enemies":"3 Cultists","floor":29,"turns":2},{"damage":24,"enemies":"Sentry and Sphere","floor":30,"turns":4},{"damage":19,"enemies":"Automaton","floor":33,"turns":6},{"damage":1,"enemies":"Flame Bruiser 1 Orb","floor":35,"turns":4},{"damage":6,"enemies":"Orb Walker","floor":38,"turns":3},{"damage":0,"floor":39,"turns":4},{"damage":0,"enemies":"Sphere and 2 Shapes","floor":40,"turns":2},{"damage":0,"enemies":"Flame Bruiser 2 Orb","floor":42,"turns":1},{"damage":19,"enemies":"Nemesis","floor":45,"turns":4},{"damage":80,"enemies":"Donu and Deca","floor":50,"turns":8}],"relics_obtained":[{"floor":2,"key":"Juzu Bracelet"},{"floor":9,"key":"Bag of Preparation"},{"floor":14,"key":"Boot"},{"floor":26,"key":"Shuriken"},{"floor":39,"key":"Shovel"},{"floor":41,"key":"Dodecahedron"},{"floor":43,"key":"Smiling Mask"},{"floor":44,"key":"Vajra"},{"floor":45,"key":"Old Coin"},{"floor":48,"key":"Bird Faced Urn"},{"floor":49,"key":"Peace Pipe"}],"event_choices":[{"event_name":"Golden Wing","player_choice":"Card Removal","floor":3,"damage_taken":0},{"event_name":"Scrap Ooze","player_choice":"success","floor":4,"damage_taken":7},{"event_name":"World of Goop","player_choice":"Gather Gold","floor":5,"damage_taken":0},{"event_name":"Bonfire Elementals","player_choice":"RARE","floor":8,"damage_taken":0},{"event_name":"Transmorgrifier","player_choice":"Transform","floor":10,"damage_taken":0},{"event_name":"Big Fish","player_choice":"Donut","floor":11,"damage_taken":0},{"event_name":"Back to Basics","player_choice":"Simplicity","floor":21,"damage_taken":0},{"event_name":"The Mausoleum","player_choice":"Yes","floor":24,"damage_taken":0},{"event_name":"Winding Halls","player_choice":"Embrace Madness","floor":37,"damage_taken":0},{"event_name":"MindBloom","player_choice":"Fight","floor":39,"damage_taken":0},{"event_name":"Purifier","player_choice":"One Purge","floor":47,"damage_taken":0}],"boss_relics":[{"not_picked":["Sozu","Inserter"],"picked":"Nuclear Battery"},{"not_picked":["Snecko Eye","Philosopher\u0027s Stone"],"picked":"Astrolabe"}],"items_purged_floors":[],"potions_floor_spawned":[13,29,33,38,42],"seed_played":"-3332908943780289604","ascension_level":0,"potions_obtained":[{"floor":13,"key":"Weak Potion"},{"floor":29,"key":"Energy Potion"},{"floor":33,"key":"Weak Potion"},{"floor":38,"key":"Regen Potion"}],"is_trial":false}