{"path_per_floor":["M","M","?","?","?","R","?","M","T","M","$","M","M","?","R","B",null,"M","$","?","?","?","R","M","?","T","$","R","M","R","M","R","B",null,"M","M","M","T","M","R","M","R","T","?","$","M","M","M","R"],"character_chosen":"THE_SILENT","items_purchased":["Bag of Marbles","Ninja Scroll","Caltrops","Dagger Spray","Kunai"],"gold_per_floor":[109,123,123,123,298,298,548,559,559,576,20,34,45,99,99,203,203,213,63,63,63,63,63,75,75,75,75,75,93,93,103,103,208,208,218,232,247,247,264,264,276,276,276,276,36,49,62,73,73,73],"floor_reached":50,"campfire_rested":5,"playtime":2171,"current_hp_per_floor":[70,70,67,53,53,70,70,70,70,70,70,70,70,70,70,54,70,65,65,65,65,70,70,65,49,49,49,70,67,67,69,69,50,70,52,48,39,39,38,59,44,65,65,60,60,47,46,48,69,0],"items_purged":["Doubt","Regret"],"gold":73,"score":483,"play_id":"08095be4-e1cb-41f1-bb4a-42de8984c79b","local_time":"20180403004612","is_prod":false,"is_daily":false,"is_ascension_mode":true,"campfire_upgraded":4,"timestamp":1522725372,"path_taken":["M","M","?","?","?","R","?","?","T","M","$","M","M","?","R","BOSS","M","$","?","?","?","R","M","?","T","?","R","M","R","M","R","BOSS","M","?","M","?","?","R","M","R","T","?","$","M","M","M","R","BOSS"],"build_version":"2018-03-29v2","purchased_purges":3,"victory":false,"master_deck":["Survivor+1","Neutralize+1","Deflect","Blade Dance","Backflip","Backstab+1","Endless Agony+1","Deflect","Quick Slash","Quick Slash+1","Crippling Poison","Quick Slash","Backstab+1","Adrenaline","Caltrops+1","PiercingWail","Night Terror","Backflip+1","Dagger Spray+1","Dagger Spray+1","Injury","Caltrops+1","Writhe","Madness","Panache","Blur+1"],"max_hp_per_floor":[70,70,70,70,70,70,70,70,70,70,70,70,70,70,70,70,70,70,70,70,70,70,70,70,70,70,70,70,70,70,70,70,70,70,70,70,70,70,70,70,70,70,70,70,70,70,70,70,70,70],"relics":["Pandora\u0027s Box","Pen Nib","Matryoshka","Bag of Marbles","Ninja Scroll","Velvet Choker","Enchiridion","Blood Vial","Ginger","Cursed Key","Whetstone","Ornamental Fan","Dead Branch","Kunai"],"card_choices":[{"not_picked":["Prepared","Leg Sweep"],"picked":"Backstab","floor":1},{"not_picked":["Choke","Prepared"],"picked":"Adrenaline","floor":8},{"not_picked":["Terror","Deadly Poison"],"picked":"PiercingWail","floor":12},{"not_picked":["Wraith Form","After Image"],"picked":"Night Terror","floor":16},{"not_picked":["Blur","PiercingWail"],"picked":"Backflip","floor":18},{"not_picked":["Predator","Acrobatics"],"picked":"Dagger Spray","floor":35},{"not_picked":["Riddle With Holes","Bane"],"picked":"Caltrops","floor":41},{"not_picked":["Transmutation","Sadistic Nature"],"picked":"Madness","floor":44},{"not_picked":["Master of Strategy","Panacea"],"picked":"Panache","floor":44},{"not_picked":["Predator","Footwork"],"picked":"Blur","floor":48}],"player_experience":293113,"potions_floor_usage":[16,16,33,33,33,35,39,39],"damage_taken":[{"damage":0,"enemies":"Jaw Worm","floor":1,"turns":2},{"damage":0,"enemies":"2 Louse","floor":2,"turns":1},{"damage":0,"enemies":"Small Slimes","floor":8,"turns":2},{"damage":0,"enemies":"Looter","floor":10,"turns":1},{"damage":0,"enemies":"Exordium Wildlife","floor":12,"turns":1},{"damage":0,"enemies":"Exordium Thugs","floor":13,"turns":1},{"damage":16,"enemies":"The Guardian","floor":16,"turns":10},{"damage":5,"enemies":"Spheric Guardian","floor":18,"turns":3},{"damage":5,"enemies":"2 Thieves","floor":24,"turns":2},{"damage":3,"enemies":"Sentry and Sphere","floor":29,"turns":3},{"damage":0,"enemies":"Cultist and Chosen","floor":31,"turns":4},{"damage":29,"enemies":"Collector","floor":33,"turns":10},{"damage":18,"enemies":"3 Darklings","floor":35,"turns":4},{"damage":6,"enemies":"3 Shapes","floor":36,"turns":3},{"damage":11,"enemies":"Maw","floor":37,"turns":7},{"damage":3,"enemies":"Sphere and 2 Shapes","floor":39,"turns":3},{"damage":17,"enemies":"3 Darklings","floor":41,"turns":3},{"damage":15,"enemies":"4 Shapes","floor":46,"turns":5},{"damage":3,"enemies":"Sphere and 2 Shapes","floor":47,"turns":4},{"damage":0,"enemies":"3 Darklings","floor":48,"turns":2},{"damage":70,"enemies":"Awakened One","floor":50,"turns":2}],"event_choices":[{"event_name":"Scrap Ooze","player_choice":"success","floor":3,"damage_taken":3},{"event_name":"Shining Light","player_choice":"Entered Light","floor":4,"damage_taken":0},{"event_name":"Liars Game","player_choice":"agreed","floor":5,"damage_taken":0},{"event_name":"Golden Shrine","player_choice":"Desecrate","floor":7,"damage_taken":0},{"event_name":"Golden Wing","player_choice":"Gained Gold","floor":14,"damage_taken":0},{"event_name":"Addict","player_choice":"Ignored","floor":20,"damage_taken":0},{"event_name":"Beggar","player_choice":"Ignored","floor":21,"damage_taken":0},{"event_name":"Wheel of Change","player_choice":"Full Heal","floor":22,"damage_taken":0},{"event_name":"Cursed Tome","player_choice":"Obtained Book","floor":25,"damage_taken":0},{"event_name":"SensoryStone","player_choice":"Memory 2","floor":44,"damage_taken":0}],"boss_relics":[{"not_picked":["Eternal Feather","Sozu"],"picked":"Velvet Choker"},{"not_picked":["Runic Pyramid","Snecko Eye"],"picked":"Cursed Key"}],"potions_floor_spawned":[2,12,16,18,29,33,36,37,47,48],"seed_played":"-7832687685094636798","killed_by":"Awakened One","ascension_level":1,"is_trial":false}