{"gold_per_floor":[119,132,20,20,40,74,74,99,99,113,113,131,131,186,186,289,289,303,5,24,50,50,83,94,107,107,123,123],"floor_reached":28,"playtime":4865,"items_purged":["Strike_G","Venomology"],"score":250,"play_id":"e610594b-27cf-466f-a4d9-b2e4772dff34","local_time":"20190116230815","is_ascension_mode":false,"campfire_choices":[{"floor":13,"key":"REST"},{"floor":15,"key":"RECALL"}],"neow_cost":"NONE","seed_source_timestamp":16199921418178,"circlet_count":0,"master_deck":["Defend_G","Defend_G","Defend_G","Defend_G","Defend_G","Strike_G","Strike_G","Strike_G","Strike_G","Survivor","Neutralize","Backflip","Escape Plan","Footwork","Caltrops","Dagger Throw","Crippling Poison","Storm of Steel","Riddle With Holes+1","Caltrops","Escape Plan","Underhanded Strike","Flying Knee","Slice","RitualDagger","Deadly Poison","Flying Knee","Escape Plan","Flying Knee"],"relics":["Runic Pyramid","Anchor","Unceasing Top","Oddly Smooth Stone","Mummified Hand","Sozu","Red Mask","Vajra","Sundial"],"potions_floor_usage":[6,12,14,14,14,16,16,28],"damage_taken":[{"damage":0,"enemies":"Jaw Worm","floor":1,"turns":4},{"damage":0,"enemies":"2 Louse","floor":2,"turns":2},{"damage":2,"enemies":"Cultist","floor":5,"turns":5},{"damage":55,"enemies":"Gremlin Nob","floor":6,"turns":7},{"damage":30,"enemies":"Lagavulin","floor":8,"turns":13},{"damage":5,"enemies":"Blue Slaver","floor":10,"turns":6},{"damage":4,"enemies":"Looter","floor":12,"turns":3},{"damage":0,"enemies":"Lagavulin Event","floor":14,"turns":9},{"damage":24,"enemies":"Hexaghost","floor":16,"turns":16},{"damage":2,"enemies":"Spheric Guardian","floor":18,"turns":7},{"damage":0,"enemies":"Shell Parasite","floor":20,"turns":5},{"damage":12,"enemies":"Masked Bandits","floor":21,"turns":4},{"damage":16,"enemies":"Book of Stabbing","floor":23,"turns":5},{"damage":11,"enemies":"Snecko","floor":24,"turns":4},{"damage":0,"enemies":"3 Cultists","floor":25,"turns":4},{"damage":0,"enemies":"Centurion and Healer","floor":27,"turns":5},{"damage":28,"enemies":"Slavers","floor":28,"turns":3}],"seed_played":"-1157564519952465367","potions_obtained":[{"floor":2,"key":"SpeedPotion"},{"floor":10,"key":"EssenceOfSteel"},{"floor":12,"key":"FearPotion"},{"floor":14,"key":"Fire Potion"}],"is_trial":false,"path_per_floor":["M","M","$","?","M","E","?","E","T","M","?","M","R","?","R","B",null,"M","$","M","?","?","E","M","M","T","M","E"],"character_chosen":"THE_SILENT","items_purchased":["Footwork","Caltrops","Escape Plan","Underhanded Strike"],"campfire_rested":1,"item_purchase_floors":[3,19,19,19],"current_hp_per_floor":[70,70,70,70,68,13,70,40,40,35,35,31,52,52,52,28,70,68,68,68,56,50,34,23,23,23,23,0],"gold":123,"neow_bonus":"BOSS_RELIC","is_prod":false,"is_daily":false,"chose_seed":false,"campfire_upgraded":0,"win_rate":0,"timestamp":1547680095,"path_taken":["M","M","$","?","M","E","?","E","T","?","?","M","R","?","R","BOSS","M","$","M","?","?","E","?","M","T","?","E"],"build_version":"2019-01-10","purchased_purges":2,"victory":false,"max_hp_per_floor":[70,70,70,70,70,70,70,70,70,70,70,70,70,70,70,70,70,70,70,70,70,70,70,70,70,70,70,70],"card_choices":[{"not_picked":["Acrobatics","Blade Dance"],"picked":"Backflip","floor":1},{"not_picked":["Expertise","Acrobatics"],"picked":"Escape Plan","floor":2},{"not_picked":["Riddle With Holes","Bane"],"picked":"Caltrops","floor":5},{"not_picked":["Well Laid Plans","Expertise"],"picked":"Infinite Blades","floor":6},{"not_picked":["Endless Agony","Backflip"],"picked":"Venomology","floor":8},{"not_picked":["Blade Dance","Backflip","Dodge and Roll"],"picked":"SKIP","floor":10},{"not_picked":["Reflex","Quick Slash"],"picked":"Dagger Throw","floor":12},{"not_picked":["Blade Dance","Underhanded Strike"],"picked":"Crippling Poison","floor":14},{"not_picked":["Unload","Wraith Form v2"],"picked":"Storm of Steel","floor":16},{"not_picked":["Dagger Spray","Blade Dance"],"picked":"Riddle With Holes+1","floor":18},{"not_picked":["Cloak And Dagger","Backflip"],"picked":"Flying Knee","floor":20},{"not_picked":["Bane+1","Night Terror"],"picked":"Slice","floor":21},{"not_picked":["Leg Sweep","Quick Slash"],"picked":"Deadly Poison","floor":23},{"not_picked":["Sucker Punch+1","Masterful Stab+1"],"picked":"Flying Knee","floor":24},{"not_picked":["Well Laid Plans","Eviscerate"],"picked":"Escape Plan","floor":25},{"not_picked":["Prepared","Well Laid Plans"],"picked":"Flying Knee","floor":27}],"player_experience":77409,"relics_obtained":[{"floor":6,"key":"Unceasing Top"},{"floor":8,"key":"Oddly Smooth Stone"},{"floor":14,"key":"Mummified Hand"},{"floor":21,"key":"Red Mask"},{"floor":23,"key":"Vajra"},{"floor":26,"key":"Sundial"}],"event_choices":[{"damage_healed":0,"gold_gain":0,"player_choice":"Box","damage_taken":0,"relics_obtained":["Anchor"],"max_hp_gain":0,"max_hp_loss":0,"event_name":"Big Fish","floor":4,"gold_loss":0,"cards_obtained":["Regret"]},{"cards_removed":["Infinite Blades"],"damage_healed":57,"gold_gain":0,"player_choice":"Offered Uncommon","damage_taken":0,"max_hp_gain":0,"max_hp_loss":0,"event_name":"Bonfire Elementals","floor":7,"gold_loss":0},{"cards_removed":["Regret"],"damage_healed":0,"gold_gain":0,"player_choice":"Forget","damage_taken":0,"max_hp_gain":0,"max_hp_loss":0,"event_name":"Living Wall","floor":11,"gold_loss":0},{"damage_healed":0,"gold_gain":30,"player_choice":"Searched \u00272\u0027 times","damage_taken":0,"max_hp_gain":0,"max_hp_loss":0,"event_name":"Dead Adventurer","floor":14,"gold_loss":0},{"damage_healed":0,"gold_gain":0,"player_choice":"Fought Bandits","damage_taken":0,"max_hp_gain":0,"max_hp_loss":0,"event_name":"Masked Bandits","floor":21,"gold_loss":0},{"damage_healed":0,"gold_gain":0,"player_choice":"Joined the Cult","damage_taken":6,"max_hp_gain":0,"max_hp_loss":0,"event_name":"Nest","floor":22,"gold_loss":0,"cards_obtained":["RitualDagger"]}],"is_beta":false,"boss_relics":[{"not_picked":["Eternal Feather","Astrolabe"],"picked":"Sozu"}],"items_purged_floors":[3,19],"is_endless":false,"potions_floor_spawned":[2,10,12,14,18,25],"killed_by":"Slavers","ascension_level":0}