{"path_per_floor":["M","M","?","M","M","E","M","M","T","T","?","$","?","T","R","B",null,"M","$","?","M","?","R","?","E","T","?","M","$","R","T","R","B",null,"M","?","?","?","T","$","R","?","T","$","E","R","M","?","R"],"character_chosen":"IRONCLAD","items_purchased":["Anger","Membership Card","Anger","Spot Weakness","Peace Pipe","Anger","Spot Weakness"],"gold_per_floor":[20,30,30,44,64,96,115,126,180,180,180,154,209,209,209,305,305,325,87,87,103,103,103,103,130,175,175,188,99,99,99,99,197,197,213,262,262,262,262,6,6,6,31,3,34,34,49,0,0],"floor_reached":50,"campfire_rested":2,"playtime":3358,"current_hp_per_floor":[80,76,76,80,76,71,66,72,72,72,56,56,44,44,68,45,80,80,80,80,74,74,74,74,56,56,56,63,63,63,63,80,49,80,80,55,55,55,55,55,55,55,55,55,53,53,65,65,65],"items_purged":["Writhe"],"gold":0,"play_id":"44e3bacd-d667-4f23-8f6b-a55d2300671b","is_prod":false,"is_daily":false,"is_ascension_mode":false,"campfire_upgraded":2,"path_taken":["M","M","?","M","M","E","M","M","T","?","?","$","?","?","R","BOSS","M","$","?","M","?","R","?","E","T","?","M","$","R","?","R","BOSS","M","?","?","?","?","$","R","?","T","$","E","R","M","?","R","BOSS"],"build_version":"2018-02-01-PROD3","purchased_purges":1,"victory":false,"master_deck":["Strike_R+1","Strike_R","Strike_R","Strike_R","Strike_R","Defend_R","Defend_R","Defend_R+1","Defend_R","Bash","Anger","Inflame","Whirlwind+1","Reaper","Inflame","Thunderclap","Anger","Shrug It Off","Impervious","Heavy Blade+1","Anger+1","Searing Blow+1","Limit Break+1","Rampage+1","Shockwave","Spot Weakness","Demon Form","Twin Strike+1","Seeing Red+1","Bash+1","Anger+1","Sever Soul+1","Spot Weakness","Thunderclap+1","Whirlwind+1"],"max_hp_per_floor":[80,80,80,80,80,80,80,80,80,80,80,80,80,80,80,80,80,80,80,80,80,80,80,80,80,80,80,80,80,80,80,80,80,80,80,80,80,80,80,80,80,80,80,80,80,80,80,80,80],"relics":["Burning Blood","Bird Faced Urn","Bronze Scales","Juzu Bracelet","Bottled Tornado","Molten Egg 2","Meat on the Bone","Sozu","Membership Card","Omamori","Ornamental Fan","Bag of Marbles","Red Skull","Black Star","Unceasing Top","Shovel","Peace Pipe","Pantograph","Anchor","Regal Pillow","Dream Catcher","Letter Opener","Red Mask","Orichalcum"],"card_choices":[{"not_picked":["Headbutt","Warcry"],"picked":"Anger"},{"not_picked":["True Grit","Second Wind"],"picked":"Inflame"},{"not_picked":["Warcry","Clothesline"],"picked":"Whirlwind"},{"not_picked":["True Grit","Metallicize"],"picked":"Wild Strike"},{"not_picked":["Spot Weakness","Bludgeon"],"picked":"Reaper"},{"not_picked":["Warcry","Thunderclap"],"picked":"Inflame"},{"not_picked":["Pommel Strike","Second Wind"],"picked":"Thunderclap"},{"not_picked":["Disarm","True Grit"],"picked":"Shrug It Off"},{"not_picked":["Brutality","Double Tap"],"picked":"Impervious"},{"not_picked":["Thunderclap","Burning Pact"],"picked":"Heavy Blade"},{"not_picked":["Clash","Second Wind"],"picked":"Searing Blow"},{"not_picked":["Bloodletting","Anger"],"picked":"Limit Break"},{"not_picked":["Twin Strike","Burning Pact"],"picked":"Shockwave"},{"not_picked":["Juggernaut","Impervious"],"picked":"Demon Form"},{"not_picked":["Combust","Iron Wave"],"picked":"Twin Strike"},{"not_picked":["Anger","Body Slam"],"picked":"Seeing Red"},{"not_picked":["Seeing Red","Searing Blow"],"picked":"Thunderclap"},{"not_picked":["Intimidate","Thunderclap"],"picked":"Whirlwind"}],"player_experience":33696,"potions_floor_usage":[6,7,8,16],"damage_taken":[{"damage":6,"enemies":"2 Louse","floor":1,"turns":4},{"damage":10,"enemies":"Small Slimes","floor":2,"turns":4},{"damage":1,"enemies":"Cultist","floor":4,"turns":3},{"damage":10,"enemies":"Looter","floor":5,"turns":3},{"damage":25,"enemies":"3 Sentries","floor":6,"turns":7},{"damage":13,"enemies":"Exordium Wildlife","floor":7,"turns":5},{"damage":0,"enemies":"Large Slime","floor":8,"turns":2},{"damage":32,"enemies":"3 Sentries","floor":13,"turns":3},{"damage":53,"enemies":"The Guardian","floor":16,"turns":8},{"damage":13,"enemies":"Spheric Guardian","floor":18,"turns":4},{"damage":12,"enemies":"Shell Parasite","floor":21,"turns":5},{"damage":36,"enemies":"Gremlin Leader","floor":25,"turns":7},{"damage":3,"enemies":"Snecko","floor":28,"turns":4},{"damage":39,"enemies":"Champ","floor":33,"turns":7},{"damage":29,"enemies":"3 Darklings","floor":35,"turns":4},{"damage":49,"enemies":"Mysterious Sphere","floor":36,"turns":4},{"damage":24,"enemies":"Nemesis","floor":45,"turns":4},{"damage":22,"enemies":"3 Shapes","floor":47,"turns":3},{"damage":86,"enemies":"Time Eater","floor":50,"turns":7}],"event_choices":[{"event_name":"Golden Wing","player_choice":"Ignored","floor":3,"damage_taken":0},{"event_name":"Shining Light","player_choice":"Entered Light","floor":11,"damage_taken":0},{"event_name":"Dead Adventurer","player_choice":"Searched \u00272\u0027 times","floor":13,"damage_taken":0},{"event_name":"Beggar","player_choice":"Ignored","floor":20,"damage_taken":0},{"event_name":"Vampires","player_choice":"Ignored","floor":22,"damage_taken":0},{"event_name":"The Mausoleum","player_choice":"Yes","floor":24,"damage_taken":0},{"event_name":"The Library","player_choice":"Read","floor":27,"damage_taken":0},{"event_name":"Mysterious Sphere","player_choice":"Fight","floor":36,"damage_taken":0},{"event_name":"Match and Keep!","player_choice":"3 cards matched","floor":37,"damage_taken":0},{"event_name":"Transmorgrifier","player_choice":"Transform","floor":42,"damage_taken":0},{"event_name":"Tomb of Lord Red Mask","player_choice":"Paid","floor":48,"damage_taken":0}],"boss_relics":[{"not_picked":["Runic Cube","Mark of Pain"],"picked":"Sozu"},{"not_picked":["Eternal Feather","Runic Dome"],"picked":"Black Star"}],"potions_floor_spawned":[2,4,7,13,16,21,33,35,45,47],"seed_played":"8716116179606624790","killed_by":"Time Eater","ascension_level":0,"is_trial":false}