{"gold_per_floor":[109,109,124,141,73,73,99,99,123,123,151,151,0,19,19,122,122,136,235,310,142,142,142,161,161,161,161,177,34,34,60,60,160,160,175,221,181,201,201,201],"floor_reached":40,"playtime":1760,"items_purged":["Doubt"],"score":398,"play_id":"5d836afd-260d-4170-a8e8-c7cc722601cf","local_time":"20190122043726","is_ascension_mode":false,"campfire_choices":[{"data":"Cleave","floor":6,"key":"SMITH"},{"floor":8,"key":"REST"},{"data":"Hemokinesis","floor":12,"key":"SMITH"},{"floor":15,"key":"REST"},{"floor":23,"key":"REST"},{"floor":27,"key":"RECALL"},{"floor":30,"key":"REST"},{"floor":32,"key":"REST"}],"neow_cost":"NONE","seed_source_timestamp":376415810184656,"circlet_count":0,"master_deck":["Strike_R","Strike_R","Strike_R","Strike_R","Strike_R","Defend_R","Defend_R","Defend_R","Defend_R","Bash","Cleave+1","Hemokinesis+1","Impervious","Flex","Demon Form","Rupture","Reaper","Flex+1","Violence","Whirlwind","Limit Break","Necronomicurse","Uppercut","Flame Barrier","Immolate","Heavy Blade+1","Rampage"],"relics":["Burning Blood","Juzu Bracelet","Vajra","Odd Mushroom","Cursed Key","Necronomicon","Shuriken","Regal Pillow","Runic Pyramid","FossilizedHelix"],"potions_floor_usage":[18,24,33,38,40],"damage_taken":[{"damage":1,"enemies":"2 Louse","floor":1,"turns":3},{"damage":6,"enemies":"Cultist","floor":3,"turns":3},{"damage":6,"enemies":"Jaw Worm","floor":4,"turns":3},{"damage":40,"enemies":"Gremlin Nob","floor":7,"turns":5},{"damage":15,"enemies":"The Mushroom Lair","floor":11,"turns":3},{"damage":2,"enemies":"Exordium Wildlife","floor":14,"turns":3},{"damage":37,"enemies":"Slime Boss","floor":16,"turns":6},{"damage":17,"enemies":"Shell Parasite","floor":18,"turns":5},{"damage":40,"enemies":"2 Thieves","floor":24,"turns":3},{"damage":23,"enemies":"Snake Plant","floor":28,"turns":3},{"damage":30,"enemies":"Book of Stabbing","floor":31,"turns":5},{"damage":47,"enemies":"Collector","floor":33,"turns":6},{"damage":20,"enemies":"Orb Walker","floor":35,"turns":3},{"damage":36,"enemies":"2 Orb Walkers","floor":36,"turns":5},{"damage":23,"enemies":"3 Shapes","floor":38,"turns":5},{"damage":52,"enemies":"Nemesis","floor":40,"turns":4}],"seed_played":"6987307722057442974","potions_obtained":[{"floor":14,"key":"BloodPotion"},{"floor":16,"key":"Explosive Potion"},{"floor":31,"key":"Explosive Potion"},{"floor":36,"key":"SkillPotion"},{"floor":38,"key":"SpeedPotion"}],"is_trial":false,"path_per_floor":["?","?","?","?","?","?","?","?","?"],"character_chosen":"IRONCLAD","items_purchased":["Impervious","Demon Form","Violence","Uppercut","Rampage"],"campfire_rested":5,"item_purchase_floors":[5,13,21,29,37],"current_hp_per_floor":[80,80,80,80,80,80,46,70,70,70,61,61,61,65,80,49,80,69,69,61,61,61,80,66,50,50,50,33,33,57,33,72,80,80,66,51,51,34,34,0],"gold":201,"neow_bonus":"RANDOM_COLORLESS","is_prod":false,"is_daily":false,"chose_seed":false,"campfire_upgraded":2,"win_rate":0,"timestamp":1548144446,"path_taken":["M","?","M","M","$","R","E","R","T","?","?","R","$","M","R","BOSS","M","?","?","$","?","R","M","?","T","R","M","$","R","E","R","BOSS","M","?","$","M","?","E"],"build_version":"2019-01-20","purchased_purges":1,"victory":false,"max_hp_per_floor":[80,80,80,80,80,80,80,80,80,80,80,80,80,80,80,80,80,80,80,80,80,80,80,80,80,80,80,80,80,80,80,80,80,80,80,80,80,80,80,80],"card_choices":[{"not_picked":["Havoc","Heavy Blade"],"picked":"Cleave","floor":1},{"not_picked":["Iron Wave","Shrug It Off","Clothesline"],"picked":"SKIP","floor":3},{"not_picked":["Clash","Sentinel"],"picked":"Hemokinesis","floor":4},{"not_picked":["Armaments","Sentinel"],"picked":"Flex","floor":7},{"not_picked":["Sword Boomerang","Impervious"],"picked":"Rupture","floor":14},{"not_picked":["Exhume","Barricade"],"picked":"Reaper","floor":16},{"not_picked":["Iron Wave+1","Warcry"],"picked":"Flex+1","floor":18},{"not_picked":["Rage+1","Armaments+1"],"picked":"Limit Break","floor":24},{"not_picked":["Anger","Havoc","Bloodletting"],"picked":"SKIP","floor":28},{"not_picked":["Inflame+1","Feel No Pain"],"picked":"Flame Barrier","floor":31},{"not_picked":["Berserk","Demon Form"],"picked":"Immolate","floor":33},{"not_picked":["Sever Soul","Thunderclap+1"],"picked":"Heavy Blade+1","floor":35},{"not_picked":["Heavy Blade+1","Clothesline","Carnage"],"picked":"SKIP","floor":38}],"player_experience":595062,"relics_obtained":[{"floor":7,"key":"Juzu Bracelet"},{"floor":9,"key":"Vajra"},{"floor":11,"key":"Odd Mushroom"},{"floor":25,"key":"Necronomicon"},{"floor":26,"key":"Shuriken"},{"floor":31,"key":"Regal Pillow"},{"floor":36,"key":"FossilizedHelix"}],"event_choices":[{"cards_removed":["Forethought"],"damage_healed":0,"gold_gain":0,"player_choice":"Offered Uncommon","damage_taken":0,"max_hp_gain":0,"max_hp_loss":0,"event_name":"Bonfire Elementals","floor":2,"gold_loss":0},{"damage_healed":0,"gold_gain":0,"player_choice":"Ignored","damage_taken":0,"max_hp_gain":0,"max_hp_loss":0,"event_name":"WeMeetAgain","floor":10,"gold_loss":0},{"damage_healed":0,"gold_gain":0,"player_choice":"Fought Mushrooms","damage_taken":0,"max_hp_gain":0,"max_hp_loss":0,"event_name":"Mushrooms","floor":11,"gold_loss":0},{"damage_healed":0,"gold_gain":99,"player_choice":"Stole From Cult","damage_taken":0,"max_hp_gain":0,"max_hp_loss":0,"event_name":"Nest","floor":19,"gold_loss":0},{"damage_healed":0,"gold_gain":75,"player_choice":"Touch","damage_taken":8,"max_hp_gain":0,"max_hp_loss":0,"event_name":"FaceTrader","floor":20,"gold_loss":0},{"damage_healed":0,"gold_gain":0,"player_choice":"Read","damage_taken":0,"max_hp_gain":0,"max_hp_loss":0,"event_name":"The Library","floor":22,"gold_loss":0,"cards_obtained":["Whirlwind"]},{"damage_healed":0,"gold_gain":0,"player_choice":"Obtained Book","damage_taken":16,"max_hp_gain":0,"max_hp_loss":0,"event_name":"Cursed Tome","floor":25,"gold_loss":0},{"damage_healed":0,"gold_gain":0,"player_choice":"Fight","damage_taken":0,"max_hp_gain":0,"max_hp_loss":0,"event_name":"Mysterious Sphere","floor":36,"gold_loss":0},{"damage_healed":0,"gold_gain":0,"player_choice":"Ignored","damage_taken":0,"max_hp_gain":0,"max_hp_loss":0,"event_name":"The Moai Head","floor":39,"gold_loss":0}],"is_beta":true,"boss_relics":[{"not_picked":["Runic Cube","Eternal Feather"],"picked":"Cursed Key"},{"not_picked":["Runic Dome","Empty Cage"],"picked":"Runic Pyramid"}],"items_purged_floors":[29],"is_endless":false,"potions_floor_spawned":[14,16,31,36,38],"killed_by":"Nemesis","ascension_level":0}