{"path_per_floor":["M","?","?","M","$","E","R","M","T","R","?","M","?","M","R","B",null,"M","M","$","?","M","E","R","M","T","?","$","M","?","M","R","B",null,"M","?","?","$","M","E","R","?","T","M","M","?","R","M","R"],"character_chosen":"IRONCLAD","items_purchased":["Perfected Strike","Inflame","True Grit","Dramatic Entrance","Dream Catcher","Orichalcum"],"gold_per_floor":[110,110,110,128,77,110,110,129,129,129,129,139,139,152,152,253,253,270,289,92,92,105,131,131,145,225,225,5,24,24,40,40,136,136,155,155,155,1,15,40,40,40,40,59,79,79,79,93,93,93],"floor_reached":50,"campfire_rested":4,"playtime":2518,"current_hp_per_floor":[80,80,80,78,78,44,68,74,74,74,74,76,76,67,67,57,89,79,85,85,85,89,63,89,92,92,92,92,58,58,56,83,63,95,62,57,95,95,91,63,91,91,91,92,62,86,86,88,88,0],"items_purged":["Power Through"],"gold":93,"score":567,"play_id":"d86df5ba-b539-445a-bebc-2c3faf85b46b","local_time":"20180403021506","is_prod":false,"is_daily":false,"is_ascension_mode":true,"campfire_upgraded":0,"timestamp":1522730706,"path_taken":["M","?","?","M","$","E","R","?","T","R","?","?","?","M","R","BOSS","M","M","$","?","M","E","R","M","T","?","?","M","?","?","R","BOSS","M","?","?","$","M","E","R","?","T","?","M","?","R","M","R","BOSS"],"build_version":"2018-03-29v2","purchased_purges":3,"victory":false,"master_deck":["Strike_R+1","Strike_R+1","Strike_R+1","Strike_R+1","Strike_R+1","Defend_R+1","Defend_R+1","Defend_R+1","Defend_R+1","Bash+1","Anger+1","Flex+1","Pummel","Feed","Impervious+1","Flame Barrier+1","Inflame","Inflame","True Grit","Dramatic Entrance","Perfected Strike","Sever Soul+1","Flex+1","Offering","Perfected Strike+1","Madness","Apotheosis","Exhume","Burning Pact+1","Writhe"],"max_hp_per_floor":[80,80,80,80,80,80,80,80,80,80,80,83,83,86,86,89,89,89,89,89,89,89,89,89,92,92,92,92,92,92,92,92,95,95,95,95,95,95,95,95,95,95,95,95,95,95,95,95,95,95],"relics":["Burning Blood","Shuriken","Shovel","Oddly Smooth Stone","Matryoshka","Mark of Pain","Ancient Tea Set","War Paint","Meat on the Bone","Dream Catcher","Smiling Mask","Lizard Tail","Orichalcum","Blue Candle","Whetstone","Gambling Chip","Toolbox","Pen Nib"],"card_choices":[{"not_picked":["Feel No Pain","Havoc"],"picked":"Anger","floor":0},{"not_picked":["Pommel Strike","Thunderclap"],"picked":"Flex","floor":1},{"not_picked":["Warcry","Uppercut"],"picked":"Pummel","floor":6},{"not_picked":["Flex","Thunderclap"],"picked":"Feed","floor":8},{"not_picked":["Reckless Charge","Thunderclap"],"picked":"Power Through","floor":14},{"not_picked":["Dark Embrace","Berserk"],"picked":"Impervious","floor":16},{"not_picked":["Ghostly Armor","Headbutt"],"picked":"Flame Barrier","floor":18},{"not_picked":["Uppercut","Wild Strike"],"picked":"Inflame","floor":19},{"not_picked":["Cleave","Intimidate"],"picked":"Seeing Red","floor":22},{"not_picked":["Evolve","Warcry"],"picked":"Perfected Strike","floor":23},{"not_picked":["Wild Strike","Ghostly Armor"],"picked":"Sever Soul","floor":25},{"not_picked":["Fiend Fire","Reaper"],"picked":"Offering","floor":33},{"not_picked":["Fire Breathing","Iron Wave"],"picked":"Perfected Strike","floor":35},{"not_picked":["Mind Blast","Thinking Ahead"],"picked":"Madness","floor":36},{"not_picked":["Purity","Panache"],"picked":"Apotheosis","floor":36},{"not_picked":["Ghostly Armor","Pommel Strike"],"picked":"Exhume","floor":41},{"not_picked":["Warcry","Twin Strike"],"picked":"Burning Pact","floor":45}],"player_experience":296903,"potions_floor_usage":[12,16,23,31,40,45,45,48],"damage_taken":[{"damage":2,"enemies":"2 Louse","floor":1,"turns":3},{"damage":8,"enemies":"Jaw Worm","floor":4,"turns":3},{"damage":40,"enemies":"Lagavulin","floor":6,"turns":7},{"damage":0,"enemies":"Small Slimes","floor":8,"turns":3},{"damage":7,"enemies":"Exordium Thugs","floor":12,"turns":3},{"damage":18,"enemies":"3 Louse","floor":14,"turns":2},{"damage":19,"enemies":"Slime Boss","floor":16,"turns":11},{"damage":16,"enemies":"Shell Parasite","floor":18,"turns":8},{"damage":0,"enemies":"Chosen","floor":19,"turns":6},{"damage":0,"enemies":"3 Cultists","floor":22,"turns":6},{"damage":32,"enemies":"Gremlin Leader","floor":23,"turns":8},{"damage":6,"enemies":"Snecko","floor":25,"turns":5},{"damage":40,"enemies":"Chosen and Byrds","floor":29,"turns":7},{"damage":8,"enemies":"Centurion and Healer","floor":31,"turns":6},{"damage":29,"enemies":"Automaton","floor":33,"turns":10},{"damage":39,"enemies":"3 Darklings","floor":35,"turns":6},{"damage":10,"enemies":"3 Shapes","floor":39,"turns":4},{"damage":34,"enemies":"Nemesis","floor":40,"turns":5},{"damage":5,"enemies":"Sphere and 2 Shapes","floor":44,"turns":4},{"damage":42,"enemies":"Maw","floor":45,"turns":8},{"damage":4,"enemies":"3 Darklings","floor":48,"turns":4},{"damage":154,"enemies":"Donu and Deca","floor":50,"turns":9}],"event_choices":[{"event_name":"Golden Wing","player_choice":"Ignored","floor":2,"damage_taken":0},{"event_name":"Upgrade Shrine","player_choice":"Upgraded","floor":3,"damage_taken":0},{"event_name":"The Cleric","player_choice":"Leave","floor":11,"damage_taken":0},{"event_name":"Living Wall","player_choice":"Grow","floor":13,"damage_taken":0},{"event_name":"Back to Basics","player_choice":"Simplicity","floor":21,"damage_taken":0},{"event_name":"Duplicator","player_choice":"One dupe","floor":27,"damage_taken":0},{"event_name":"The Mausoleum","player_choice":"Yes","floor":30,"damage_taken":0},{"event_name":"SensoryStone","player_choice":"Memory 2","floor":36,"damage_taken":0},{"event_name":"Bonfire Elementals","player_choice":"UNCOMMON","floor":37,"damage_taken":0},{"event_name":"Winding Halls","player_choice":"Writhe","floor":46,"damage_taken":0}],"boss_relics":[{"not_picked":["Black Star","Cursed Key"],"picked":"Mark of Pain"},{"not_picked":["Runic Dome","Black Blood"],"picked":"Lizard Tail"}],"potions_floor_spawned":[8,12,18,29,33,35,39,45],"seed_played":"8275937578439597900","killed_by":"Donu and Deca","ascension_level":1,"is_trial":false}