{"path_per_floor":["M","M","?","M","M","E","R","?","T","M","M","?","$","?","R"],"character_chosen":"IRONCLAD","items_purchased":[],"gold_per_floor":[111,121,121,134,151,182,182,205,205,221,238,238,188,188,188,188],"floor_reached":16,"campfire_rested":1,"playtime":441,"current_hp_per_floor":[80,80,80,80,69,48,48,54,54,45,41,41,41,21,45,0],"items_purged":["Defend_R"],"gold":188,"score":102,"play_id":"3c323112-7ad1-4223-b5b8-0ec99b7df8dd","local_time":"20180425190144","is_prod":false,"is_daily":false,"chose_seed":false,"is_ascension_mode":false,"campfire_upgraded":1,"timestamp":1524697304,"path_taken":["M","M","?","M","M","E","R","?","T","M","M","?","$","?","R","BOSS"],"build_version":"2018-04-19","seed_source_timestamp":21160085427792,"purchased_purges":1,"victory":false,"master_deck":["Strike_R","Strike_R","Strike_R","Defend_R","Defend_R","Defend_R","Bash","Cleave","Thunderclap+1","Heavy Blade","Spot Weakness","Headbutt","Dropkick","Shrug It Off"],"max_hp_per_floor":[80,80,80,80,80,80,80,80,80,80,80,80,80,80,80,80],"relics":["Burning Blood","Juzu Bracelet","Pantograph","Odd Mushroom","Smiling Mask","Golden Idol"],"card_choices":[{"not_picked":["Sword Boomerang","Corruption"],"picked":"Cleave","floor":1},{"not_picked":["Anger","Exhume"],"picked":"Thunderclap","floor":2},{"not_picked":["Thunderclap","Second Wind"],"picked":"Heavy Blade","floor":5},{"not_picked":["Rage","Headbutt"],"picked":"Spot Weakness","floor":6},{"not_picked":["Thunderclap","Sword Boomerang"],"picked":"Headbutt","floor":8},{"not_picked":["Sword Boomerang","Havoc"],"picked":"Dropkick","floor":10},{"not_picked":["Exhume","Reckless Charge"],"picked":"Shrug It Off","floor":11}],"player_experience":82278,"potions_floor_usage":[6,8],"damage_taken":[{"damage":4,"enemies":"Cultist","floor":1,"turns":4},{"damage":0,"enemies":"2 Louse","floor":2,"turns":3},{"damage":0,"enemies":"Small Slimes","floor":4,"turns":2},{"damage":17,"enemies":"2 Fungi Beasts","floor":5,"turns":4},{"damage":27,"enemies":"Gremlin Nob","floor":6,"turns":4},{"damage":0,"enemies":"The Mushroom Lair","floor":8,"turns":2},{"damage":15,"enemies":"Exordium Wildlife","floor":10,"turns":4},{"damage":10,"enemies":"3 Louse","floor":11,"turns":2},{"damage":72,"enemies":"Hexaghost","floor":16,"turns":9}],"event_choices":[{"event_name":"Bonfire Elementals","player_choice":"BASIC","floor":3,"damage_taken":0},{"event_name":"Mushrooms","player_choice":"Fought Mushrooms","floor":8,"damage_taken":0},{"event_name":"Living Wall","player_choice":"Forget","floor":12,"damage_taken":0},{"event_name":"Golden Idol","player_choice":"Take Damage","floor":14,"damage_taken":0}],"boss_relics":[],"potions_floor_spawned":[2,4],"seed_played":"-3993585569025008834","killed_by":"Hexaghost","ascension_level":0,"is_trial":false}