{"gold_per_floor":[118,133,51,65,65,95,112,112,138,150,150,177,4,23,23,23],"floor_reached":16,"playtime":641,"items_purged":[],"score":112,"play_id":"5a5acf9f-6cdd-4bdb-bbec-9e55905908e5","local_time":"20190102032926","is_ascension_mode":false,"campfire_choices":[{"data":"Discovery","floor":8,"key":"SMITH"},{"data":"Dagger Spray","floor":11,"key":"SMITH"},{"floor":15,"key":"REST"}],"neow_cost":"NONE","seed_source_timestamp":463064605115192,"circlet_count":0,"master_deck":["Defend_G","Defend_G","Defend_G","Defend_G","Defend_G","Strike_G","Strike_G","Strike_G","Strike_G","Strike_G","Survivor","Neutralize","Dagger Spray+1","Discovery+1","Flying Knee","Regret","Dagger Spray","Dash","Apotheosis","Underhanded Strike","Deflect"],"relics":["Ring of the Snake","NeowsBlessing","Dream Catcher","Juzu Bracelet","Vajra","Smiling Mask"],"potions_floor_usage":[6,6,12,16],"damage_taken":[{"damage":0,"enemies":"Small Slimes","floor":1,"turns":1},{"damage":0,"enemies":"2 Louse","floor":2,"turns":1},{"damage":0,"enemies":"Cultist","floor":4,"turns":1},{"damage":10,"enemies":"Gremlin Nob","floor":6,"turns":3},{"damage":5,"enemies":"Lots of Slimes","floor":7,"turns":2},{"damage":1,"enemies":"Large Slime","floor":10,"turns":4},{"damage":13,"enemies":"3 Sentries","floor":12,"turns":4},{"damage":0,"enemies":"3 Louse","floor":14,"turns":2},{"damage":62,"enemies":"Hexaghost","floor":16,"turns":18}],"seed_played":"-1418768152872895272","potions_obtained":[{"floor":1,"key":"EssenceOfSteel"},{"floor":4,"key":"Fire Potion"},{"floor":6,"key":"GhostInAJar"},{"floor":12,"key":"SneckoOil"}],"is_trial":false,"path_per_floor":["M","M","$","M","?","E","M","R","T","M","R","E","$","M","R","B"],"character_chosen":"THE_SILENT","items_purchased":["Discovery","Apotheosis"],"campfire_rested":1,"item_purchase_floors":[3,13],"current_hp_per_floor":[70,70,70,70,70,60,55,55,55,54,54,41,41,41,62,0],"gold":23,"neow_bonus":"THREE_ENEMY_KILL","is_prod":false,"is_daily":false,"chose_seed":false,"campfire_upgraded":2,"win_rate":0,"timestamp":1546412366,"path_taken":["M","M","$","M","?","E","M","R","T","M","R","E","$","M","R","BOSS"],"build_version":"2019-01-01v2","purchased_purges":0,"victory":false,"max_hp_per_floor":[70,70,70,70,70,70,70,70,70,70,70,70,70,70,70,70],"card_choices":[{"not_picked":["Terror","Bane"],"picked":"Dagger Spray","floor":1},{"not_picked":["Slice","Underhanded Strike","Bane"],"picked":"SKIP","floor":2},{"not_picked":["Cloak And Dagger","Prepared"],"picked":"Flying Knee","floor":4},{"not_picked":["Poisoned Stab","Tools of the Trade"],"picked":"Dagger Spray","floor":6},{"not_picked":["Prepared","Slice","Sucker Punch"],"picked":"SKIP","floor":7},{"not_picked":["Bouncing Flask","Outmaneuver"],"picked":"Dash","floor":10},{"not_picked":["Slice","Cloak And Dagger","Dagger Spray"],"picked":"SKIP","floor":12},{"not_picked":["Blade Dance","Flying Knee"],"picked":"Underhanded Strike","floor":14},{"not_picked":["Quick Slash","Deadly Poison"],"picked":"Deflect","floor":15}],"player_experience":568066,"relics_obtained":[{"floor":6,"key":"Juzu Bracelet"},{"floor":9,"key":"Vajra"},{"floor":12,"key":"Smiling Mask"}],"event_choices":[{"damage_healed":0,"gold_gain":0,"player_choice":"Box","damage_taken":0,"relics_obtained":["Dream Catcher"],"max_hp_gain":0,"max_hp_loss":0,"event_name":"Big Fish","floor":5,"gold_loss":0,"cards_obtained":["Regret"]}],"is_beta":true,"boss_relics":[],"items_purged_floors":[],"is_endless":false,"potions_floor_spawned":[1,4,6,12],"killed_by":"Hexaghost","ascension_level":0}