{"path_per_floor":["M","M","?","M","?","E","M","E","T","M","?","M","?","M","R"],"character_chosen":"IRONCLAD","items_purchased":[],"gold_per_floor":[112,130,130,142,92,124,143,176,176,189,241,261,561,574,574,574],"floor_reached":16,"campfire_rested":1,"playtime":586,"current_hp_per_floor":[77,71,55,58,58,54,53,20,20,13,13,17,17,20,44,0],"items_purged":[],"gold":574,"score":114,"play_id":"2dedab03-206b-4137-8594-1b5f6c737e00","local_time":"20180425192410","is_prod":false,"is_daily":false,"chose_seed":false,"is_ascension_mode":false,"campfire_upgraded":0,"timestamp":1524698650,"path_taken":["M","M","?","?","?","E","M","E","T","?","?","M","?","M","R","BOSS"],"build_version":"2018-04-19","seed_source_timestamp":22361686244263,"purchased_purges":0,"victory":false,"master_deck":["Strike_R","Strike_R","Strike_R","Strike_R","Defend_R","Defend_R+1","Defend_R","Defend_R","Bash+1","Shrug It Off","Twin Strike","Shockwave","Seeing Red","Thunderclap","Spot Weakness","Cleave","Regret","Limit Break"],"max_hp_per_floor":[80,80,80,80,80,80,80,80,80,80,80,80,80,80,80,80],"relics":["Burning Blood","Prayer Wheel","Dream Catcher","Champion Belt","Peace Pipe","Old Coin"],"card_choices":[{"not_picked":["Bloodletting","Sword Boomerang"],"picked":"Shrug It Off","floor":1},{"not_picked":["Shockwave","Warcry"],"picked":"Twin Strike","floor":4},{"not_picked":["Twin Strike","Perfected Strike"],"picked":"Shockwave","floor":6},{"not_picked":["Cleave","Iron Wave"],"picked":"Seeing Red","floor":7},{"not_picked":["Berserk","Anger"],"picked":"Thunderclap","floor":8},{"not_picked":["Clash","Flame Barrier"],"picked":"Spot Weakness","floor":9},{"not_picked":["Sword Boomerang","Ghostly Armor"],"picked":"Cleave","floor":10},{"not_picked":["Combust","Rupture"],"picked":"Limit Break","floor":14}],"player_experience":83457,"potions_floor_usage":[6,8,16,16],"damage_taken":[{"damage":9,"enemies":"Cultist","floor":1,"turns":4},{"damage":12,"enemies":"Small Slimes","floor":2,"turns":5},{"damage":3,"enemies":"Jaw Worm","floor":4,"turns":3},{"damage":10,"enemies":"Gremlin Nob","floor":6,"turns":4},{"damage":7,"enemies":"Red Slaver","floor":7,"turns":5},{"damage":39,"enemies":"Lagavulin","floor":8,"turns":8},{"damage":13,"enemies":"Blue Slaver","floor":10,"turns":3},{"damage":2,"enemies":"Looter","floor":12,"turns":3},{"damage":3,"enemies":"Lots of Slimes","floor":14,"turns":4},{"damage":65,"enemies":"Slime Boss","floor":16,"turns":13}],"event_choices":[{"event_name":"Shining Light","player_choice":"Entered Light","floor":3,"damage_taken":0},{"event_name":"The Cleric","player_choice":"Card Removal","floor":5,"damage_taken":0},{"event_name":"Golden Wing","player_choice":"Gained Gold","floor":11,"damage_taken":0},{"event_name":"Big Fish","player_choice":"Box","floor":13,"damage_taken":0}],"boss_relics":[],"potions_floor_spawned":[1,4,10,12],"seed_played":"-2068142224164097295","killed_by":"Slime Boss","ascension_level":0,"is_trial":false}