{"path_per_floor":["M","?","?","M","?","R","$","R","T","M","$","T","M","$","R","B",null,"M","$","M","M","?"],"character_chosen":"DEFECT","items_purchased":["Melter","Steam"],"gold_per_floor":[109,109,109,132,132,132,64,64,91,105,30,30,44,44,44,175,175,188,135,150,169,169,169],"floor_reached":23,"campfire_rested":1,"playtime":899,"current_hp_per_floor":[72,72,72,71,56,56,56,75,75,75,75,75,75,75,75,41,79,58,58,55,17,17,0],"items_purged":["Injury"],"gold":169,"score":188,"play_id":"3606d5d4-affd-44ba-9ab4-942a8f3dc865","local_time":"20180512060119","is_prod":false,"is_daily":false,"chose_seed":false,"is_ascension_mode":true,"campfire_upgraded":2,"timestamp":1526113879,"path_taken":["M","?","?","?","?","R","$","R","T","M","$","?","M","?","R","BOSS","M","$","M","M","?","E"],"build_version":"2018-05-11","seed_source_timestamp":92961968433541,"purchased_purges":1,"victory":false,"master_deck":["Strike_B","Strike_B","Strike_B+1","Strike_B","Defend_B","Defend_B","Defend_B","Defend_B","Zap+1","Dualcast","Leap","Scrape","Darkness+1","Melter+1","Rip and Tear","Genetic Algorithm+1","Machine Learning","Sweeping Beam","Tempest","Reinforced Body","Turbo","Steam","Consume+1","White Noise"],"max_hp_per_floor":[75,75,75,75,75,75,75,75,75,75,75,75,75,75,75,75,79,79,79,79,79,79,79],"relics":["Cracked Core","Golden Idol","Singing Bowl","Meat on the Bone","Orrery"],"card_choices":[{"not_picked":["Hologram","Beam Cell"],"picked":"Leap","floor":0},{"not_picked":["Steam Power","Beam Cell"],"picked":"Scrape","floor":1},{"not_picked":["Beam Cell","Barrage"],"picked":"Darkness","floor":4},{"not_picked":["Storm","Coolheaded"],"picked":"Rip and Tear","floor":10},{"not_picked":["Force Field","Conserve Battery"],"picked":"Genetic Algorithm","floor":13},{"not_picked":["Thunder Strike","Amplify"],"picked":"Machine Learning","floor":16},{"not_picked":["Hologram","Streamline"],"picked":"Sweeping Beam","floor":17},{"not_picked":["Undo","Cold Snap"],"picked":"Tempest","floor":17},{"not_picked":["Stack","Genetic Algorithm"],"picked":"Reinforced Body","floor":17},{"not_picked":["BootSequence","Defragment","Auto Shields"],"picked":"Singing Bowl","floor":17},{"not_picked":["Capacitor","Force Field","Defragment"],"picked":"Singing Bowl","floor":17},{"not_picked":["BootSequence","Barrage+1"],"picked":"Turbo","floor":18},{"not_picked":["Steam Power","Sweeping Beam+1"],"picked":"Consume+1","floor":20},{"not_picked":["Axe Kick","Capacitor"],"picked":"White Noise","floor":21}],"player_experience":416192,"potions_floor_usage":[13,16,16,21],"damage_taken":[{"damage":3,"enemies":"Jaw Worm","floor":1,"turns":4},{"damage":1,"enemies":"Cultist","floor":4,"turns":3},{"damage":0,"enemies":"Small Slimes","floor":10,"turns":2},{"damage":0,"enemies":"2 Fungi Beasts","floor":13,"turns":2},{"damage":34,"enemies":"Slime Boss","floor":16,"turns":11},{"damage":21,"enemies":"2 Thieves","floor":18,"turns":4},{"damage":3,"enemies":"Chosen","floor":20,"turns":5},{"damage":50,"enemies":"Slaver and Parasite","floor":21,"turns":6},{"damage":24,"enemies":"Gremlin Leader","floor":23,"turns":2}],"event_choices":[{"event_name":"The Lab","player_choice":"Got Potions","floor":2,"damage_taken":0},{"event_name":"Golden Idol","player_choice":"Take Wound","floor":3,"damage_taken":0},{"event_name":"Shining Light","player_choice":"Entered Light","floor":5,"damage_taken":0},{"event_name":"Upgrade Shrine","player_choice":"Upgraded","floor":22,"damage_taken":0}],"boss_relics":[{"not_picked":["Snecko Eye","Tiny House"],"picked":"Orrery"}],"potions_floor_spawned":[1,4,20,21],"seed_played":"-302718446553828879","killed_by":"Gremlin Leader","ascension_level":1,"is_trial":false}