{"gold_per_floor":[115,81,93,106,124,124,138,156,202,202,232,244,254,269,269,369,369,380,41,68,82,99,99,131,131,183,183],"floor_reached":27,"playtime":4568,"items_purged":[],"score":335,"play_id":"6e404a73-686e-4a36-9b48-210585f431cc","local_time":"20190217214701","is_ascension_mode":true,"campfire_choices":[{"data":"Finisher","floor":6,"key":"SMITH"},{"floor":10,"key":"REST"},{"floor":15,"key":"REST"},{"floor":23,"key":"REST"}],"neow_cost":"NONE","seed_source_timestamp":165486624885625,"circlet_count":0,"master_deck":["Defend_G","Defend_G+1","Defend_G","Defend_G","Defend_G","Strike_G","Strike_G","Strike_G","Strike_G","Strike_G","Survivor","Neutralize","Prepared+1","Infinite Blades","Footwork","Finisher+1","Quick Slash","Sucker Punch","Dagger Throw","Deflect","Flying Knee","Well Laid Plans","Dash","Die Die Die","Poisoned Stab","Slice+1","Riddle With Holes","Dodge and Roll","Dodge and Roll+1"],"relics":["Ring of the Snake","Centennial Puzzle","Vajra","War Paint","Eternal Feather","PreservedInsect","ClockworkSouvenir","Red Mask","Meat on the Bone","Smiling Mask"],"potions_floor_usage":[7,11,12,16,20,22,22,22,24,24],"damage_taken":[{"damage":0,"enemies":"Cultist","floor":1,"turns":4},{"damage":3,"enemies":"2 Louse","floor":3,"turns":4},{"damage":0,"enemies":"Small Slimes","floor":4,"turns":5},{"damage":11,"enemies":"Exordium Wildlife","floor":5,"turns":8},{"damage":11,"enemies":"Large Slime","floor":7,"turns":9},{"damage":0,"enemies":"Red Slaver","floor":8,"turns":5},{"damage":15,"enemies":"3 Sentries","floor":11,"turns":8},{"damage":0,"enemies":"Blue Slaver","floor":12,"turns":4},{"damage":0,"enemies":"2 Fungi Beasts","floor":13,"turns":3},{"damage":1,"enemies":"3 Louse","floor":14,"turns":3},{"damage":20,"enemies":"Slime Boss","floor":16,"turns":9},{"damage":6,"enemies":"Chosen","floor":18,"turns":5},{"damage":35,"enemies":"Masked Bandits","floor":20,"turns":5},{"damage":5,"enemies":"Shell Parasite","floor":21,"turns":4},{"damage":15,"enemies":"Snake Plant","floor":22,"turns":3},{"damage":18,"enemies":"Book of Stabbing","floor":24,"turns":5},{"damage":18,"enemies":"Colosseum Slavers","floor":25,"turns":5},{"damage":31,"enemies":"Snecko","floor":27,"turns":4}],"seed_played":"4688179432170456665","potions_obtained":[{"floor":3,"key":"GamblersBrew"},{"floor":7,"key":"SteroidPotion"},{"floor":11,"key":"Weak Potion"},{"floor":12,"key":"Block Potion"},{"floor":16,"key":"GamblersBrew"},{"floor":18,"key":"PowerPotion"},{"floor":21,"key":"EntropicBrew"}],"is_trial":false,"path_per_floor":["M","$","M","M","M","R","M","M","T","R","E","M","M","M","R","B",null,"M","$","?","M","M","R","E","?","T","M"],"character_chosen":"THE_SILENT","items_purchased":["Infinite Blades","PreservedInsect","ClockworkSouvenir"],"campfire_rested":3,"item_purchase_floors":[2,19,19],"current_hp_per_floor":[63,63,60,60,49,49,38,38,38,59,44,44,44,43,64,44,64,58,58,23,18,3,39,21,15,15,0],"gold":183,"neow_bonus":"RANDOM_COMMON_RELIC","is_prod":false,"is_daily":false,"chose_seed":false,"campfire_upgraded":1,"win_rate":0,"timestamp":1550436421,"path_taken":["M","$","M","M","M","R","M","M","T","R","E","M","M","?","R","BOSS","M","$","?","M","M","R","E","?","T","M"],"build_version":"2019-01-23","purchased_purges":0,"victory":false,"max_hp_per_floor":[70,70,70,70,70,70,70,70,70,70,70,70,70,70,70,70,70,70,70,70,70,70,70,70,70,70,70],"card_choices":[{"not_picked":["Setup","Distraction"],"picked":"Prepared","floor":1},{"not_picked":["Slice","Dagger Throw"],"picked":"Footwork","floor":3},{"not_picked":["Predator","Bouncing Flask"],"picked":"Finisher","floor":4},{"not_picked":["Deadly Poison","Calculated Gamble"],"picked":"Quick Slash","floor":5},{"not_picked":["Flying Knee","All Out Attack"],"picked":"Sucker Punch","floor":7},{"not_picked":["Noxious Fumes","PiercingWail"],"picked":"Dagger Throw","floor":8},{"not_picked":["Bane","Acrobatics"],"picked":"Deflect","floor":11},{"not_picked":["Bane","Dodge and Roll"],"picked":"Flying Knee","floor":12},{"not_picked":["Unload","PiercingWail"],"picked":"Well Laid Plans","floor":13},{"not_picked":["Expertise","Underhanded Strike"],"picked":"Dash","floor":14},{"not_picked":["Tools of the Trade","After Image"],"picked":"Die Die Die","floor":16},{"not_picked":["Deadly Poison","Bouncing Flask"],"picked":"Poisoned Stab","floor":18},{"not_picked":["Expertise","Flying Knee+1"],"picked":"Slice+1","floor":20},{"not_picked":["Acrobatics+1","Deadly Poison+1"],"picked":"Riddle With Holes","floor":21},{"not_picked":["A Thousand Cuts","Bouncing Flask"],"picked":"Dodge and Roll","floor":22},{"not_picked":["Deadly Poison","Poisoned Stab"],"picked":"Dodge and Roll+1","floor":24}],"player_experience":479987,"relics_obtained":[{"floor":9,"key":"Vajra"},{"floor":11,"key":"War Paint"},{"floor":20,"key":"Red Mask"},{"floor":24,"key":"Meat on the Bone"},{"floor":26,"key":"Smiling Mask"}],"event_choices":[{"damage_healed":0,"gold_gain":0,"player_choice":"Fought Bandits","damage_taken":0,"max_hp_gain":0,"max_hp_loss":0,"event_name":"Masked Bandits","floor":20,"gold_loss":0},{"damage_healed":0,"gold_gain":0,"player_choice":"Fight","damage_taken":0,"max_hp_gain":0,"max_hp_loss":0,"event_name":"Colosseum","floor":25,"gold_loss":0},{"damage_healed":0,"gold_gain":0,"player_choice":"Fled From Nobs","damage_taken":0,"max_hp_gain":0,"max_hp_loss":0,"event_name":"Colosseum","floor":25,"gold_loss":0}],"is_beta":false,"boss_relics":[{"not_picked":["Sozu","Philosopher\u0027s Stone"],"picked":"Eternal Feather"}],"items_purged_floors":[],"is_endless":false,"potions_floor_spawned":[3,7,11,12,16,18,21,25],"killed_by":"Snecko","ascension_level":8}