{"path_per_floor":["M","M","M","?","M","R","M","$","T","R","M","?","R","?","R","B",null,"M","?","M","$"],"character_chosen":"THE_SILENT","items_purchased":["Caltrops","Swift Potion","Anchor"],"gold_per_floor":[110,125,141,141,155,155,172,53,53,53,63,124,124,124,124,220,220,232,232,250,24],"floor_reached":22,"campfire_rested":1,"playtime":1408,"current_hp_per_floor":[69,67,67,53,46,46,45,45,45,45,43,43,64,70,70,58,70,61,61,25,25],"items_purged":["Writhe"],"gold":24,"score":176,"play_id":"bf0ef976-f10d-43b3-8460-14af8154a282","local_time":"20180304032921","is_prod":false,"is_daily":false,"is_ascension_mode":false,"campfire_upgraded":2,"timestamp":1520146761,"path_taken":["M","?","M","?","?","R","M","?","T","R","M","?","R","?","R","BOSS","M","?","M","$","M"],"build_version":"2018-03-01-PROD1","purchased_purges":1,"victory":false,"master_deck":["Defend_G+1","Defend_G","Defend_G","Defend_G","Defend_G","Strike_G","Strike_G","Strike_G","Strike_G","Strike_G","Survivor+1","Neutralize","Backstab","Dagger Spray","Skewer+1","Dagger Spray","Caltrops+1","Wraith Form","Parasite","Night Terror","Writhe","Prepared+1","Flechettes"],"max_hp_per_floor":[70,70,70,70,70,70,70,70,70,70,70,70,70,70,70,70,70,70,70,70,70],"relics":["Runic Pyramid","Girya","Dodecahedron","Calling Bell","Shuriken","Prayer Wheel","Blood Vial","Anchor"],"card_choices":[{"not_picked":["Slice","Heel Hook"],"picked":"Backstab"},{"not_picked":["Flying Knee","Reflex"],"picked":"Dagger Spray"},{"not_picked":["Outmaneuver","Dodge and Roll"],"picked":"Skewer"},{"not_picked":["Masterful Stab","Slice"],"picked":"Dagger Spray"},{"not_picked":["Quick Slash","Sucker Punch"],"picked":"Wraith Form"},{"not_picked":["Die Die Die","Tools of the Trade"],"picked":"Night Terror"},{"not_picked":["Dagger Spray","Deflect"],"picked":"Prepared"},{"not_picked":["Flying Knee","Quick Slash"],"picked":"Flechettes"}],"player_experience":97182,"potions_floor_usage":[5,7,11,16,18],"damage_taken":[{"damage":1,"enemies":"Cultist","floor":1,"turns":5},{"damage":2,"enemies":"Small Slimes","floor":2,"turns":4},{"damage":0,"enemies":"2 Louse","floor":3,"turns":2},{"damage":7,"enemies":"Blue Slaver","floor":5,"turns":3},{"damage":1,"enemies":"Red Slaver","floor":7,"turns":3},{"damage":2,"enemies":"Exordium Thugs","floor":11,"turns":4},{"damage":0,"enemies":"3 Sentries","floor":12,"turns":5},{"damage":27,"enemies":"Hexaghost","floor":16,"turns":10},{"damage":9,"enemies":"Chosen","floor":18,"turns":6},{"damage":38,"enemies":"Spheric Guardian","floor":20,"turns":6},{"damage":29,"enemies":"Snecko","floor":22,"turns":5}],"event_choices":[{"event_name":"Shining Light","player_choice":"Entered Light","floor":4,"damage_taken":0},{"event_name":"Dead Adventurer","player_choice":"Searched \u00271\u0027 times","floor":12,"damage_taken":0},{"event_name":"Mushrooms","player_choice":"Healed and dodged fight","floor":14,"damage_taken":0},{"event_name":"Purifier","player_choice":"One Purge","floor":19,"damage_taken":0}],"boss_relics":[{"not_picked":["The Specimen","Eternal Feather"],"picked":"Calling Bell"}],"potions_floor_spawned":[1,5,12,16],"seed_played":"-1137433117370934421","killed_by":"Snecko","ascension_level":0,"is_trial":false}