{"gold_per_floor":[114,130,130,150,168,168,49,78,149,149,8,8,26,52,52,123,123,134,154,29,0,19,19,19,39,62,162,162,177,210,222,222,293,293,304,304,323,323,69,69,69,69,95,95,20,120,120,130,130,130,130],"floor_reached":51,"playtime":2621,"items_purged":["Strike_G","Strike_G","Strike_G"],"score":1396,"play_id":"43bd539f-e730-48b6-8269-aab44940e700","local_time":"20190106182843","is_ascension_mode":true,"campfire_choices":[{"data":"Neutralize","floor":10,"key":"SMITH"},{"data":"Deadly Poison","floor":12,"key":"SMITH"},{"data":"Footwork","floor":15,"key":"SMITH"},{"data":"Crippling Poison","floor":23,"key":"SMITH"},{"floor":28,"key":"REST"},{"floor":32,"key":"REST"},{"data":"Noxious Fumes","floor":40,"key":"SMITH"},{"data":"Night Terror","floor":44,"key":"SMITH"},{"data":"Noxious Fumes","floor":47,"key":"SMITH"},{"floor":49,"key":"REST"}],"neow_cost":"NONE","seed_source_timestamp":17264953861439,"circlet_count":0,"master_deck":["AscendersBane","Defend_G+1","Defend_G+1","Defend_G+1","Defend_G+1","Strike_G+1","Strike_G+1","Survivor","Neutralize+1","Deadly Poison+1","Backstab","Crippling Poison+1","Footwork+1","Dash","Heel Hook+1","Predator+1","Dagger Throw+1","Night Terror+1","Dodge and Roll","Deflect","Dagger Spray+1","Dash+1","Poisoned Stab+1","Finisher+1","After Image+1","Unload+1","Sucker Punch+1","Noxious Fumes+1","Glass Knife+1","Noxious Fumes+1","Backflip","Backflip"],"relics":["Ring of the Snake","Mango","Molten Egg 2","Omamori","Sozu","Happy Flower","Tingsha","Ninja Scroll","Strawberry","Philosopher\u0027s Stone","Peace Pipe"],"potions_floor_usage":[4,8,8,48,50],"damage_taken":[{"damage":0,"enemies":"2 Louse","floor":1,"turns":4},{"damage":12,"enemies":"Jaw Worm","floor":2,"turns":4},{"damage":0,"enemies":"Cultist","floor":4,"turns":3},{"damage":1,"enemies":"3 Louse","floor":5,"turns":3},{"damage":31,"enemies":"Gremlin Nob","floor":8,"turns":6},{"damage":0,"enemies":"2 Fungi Beasts","floor":13,"turns":2},{"damage":16,"enemies":"3 Sentries","floor":14,"turns":11},{"damage":0,"enemies":"The Guardian","floor":16,"turns":9},{"damage":0,"enemies":"3 Byrds","floor":18,"turns":5},{"damage":2,"enemies":"Chosen","floor":19,"turns":4},{"damage":22,"enemies":"Shelled Parasite and Fungi","floor":22,"turns":7},{"damage":0,"enemies":"3 Cultists","floor":25,"turns":4},{"damage":0,"enemies":"Colosseum Slavers","floor":27,"turns":4},{"damage":26,"enemies":"Colosseum Nobs","floor":27,"turns":6},{"damage":0,"enemies":"Snecko","floor":29,"turns":4},{"damage":5,"enemies":"Slavers","floor":30,"turns":4},{"damage":10,"enemies":"Snake Plant","floor":31,"turns":2},{"damage":47,"enemies":"Collector","floor":33,"turns":6},{"damage":18,"enemies":"3 Darklings","floor":35,"turns":5},{"damage":0,"enemies":"3 Shapes","floor":37,"turns":5},{"damage":0,"enemies":"Mind Bloom Boss Battle","floor":46,"turns":7},{"damage":12,"enemies":"3 Darklings","floor":48,"turns":4},{"damage":72,"enemies":"Donu and Deca","floor":50,"turns":13},{"damage":33,"enemies":"Awakened One","floor":51,"turns":6}],"seed_played":"6859693754370272509","potions_obtained":[{"floor":4,"key":"Fruit Juice"},{"floor":6,"key":"EntropicBrew"},{"floor":6,"key":"Ancient Potion"}],"is_trial":false,"path_per_floor":["M","M","?","M","M","?","$","E","T","R","$","R","M","E","R","B",null,"M","M","$","?","M","R","?","M","T","?","R","M","E","M","R","B",null,"M","?","M","$","$","R","?","?","T","R","$","?","R","M","R","B","B"],"character_chosen":"THE_SILENT","items_purchased":["Footwork","Heel Hook+1","Noxious Fumes","Glass Knife+1","Noxious Fumes"],"campfire_rested":3,"item_purchase_floors":[7,11,39,39,45],"current_hp_per_floor":[65,53,58,63,62,62,62,45,45,45,45,45,45,29,29,29,79,79,77,77,77,55,55,55,55,55,29,57,57,59,49,79,32,85,67,67,67,67,67,67,88,88,88,88,88,88,88,76,103,31,0],"gold":130,"neow_bonus":"TEN_PERCENT_HP_BONUS","is_prod":false,"is_daily":false,"chose_seed":false,"campfire_upgraded":7,"win_rate":0,"timestamp":1546795723,"path_taken":["M","M","?","M","M","?","$","E","T","R","$","R","?","E","R","BOSS","M","M","$","?","M","R","?","M","T","?","R","?","E","M","R","BOSS","M","?","M","?","$","R","?","?","T","R","$","?","R","M","R","BOSS","BOSS"],"build_version":"2019-01-03v4","purchased_purges":3,"victory":false,"max_hp_per_floor":[72,72,77,82,82,82,82,96,96,96,96,96,96,96,96,96,96,96,96,96,96,96,96,96,96,96,96,96,96,103,103,103,103,103,103,103,103,103,103,103,103,103,103,103,103,103,103,103,103,103,103],"card_choices":[{"not_picked":["Distraction","Poisoned Stab"],"picked":"Deadly Poison","floor":1},{"not_picked":["Quick Slash","Caltrops"],"picked":"Backstab","floor":2},{"not_picked":["Bouncing Flask","Sucker Punch"],"picked":"Crippling Poison","floor":4},{"not_picked":["Prepared","Reflex","Setup"],"picked":"SKIP","floor":5},{"not_picked":["Outmaneuver","Flying Knee"],"picked":"Dash","floor":8},{"not_picked":["Dagger Spray+1","Acrobatics"],"picked":"Predator+1","floor":13},{"not_picked":["Infinite Blades","Escape Plan"],"picked":"Dagger Throw+1","floor":14},{"not_picked":["Bullet Time","A Thousand Cuts"],"picked":"Night Terror","floor":16},{"not_picked":["Blade Dance+1","Cloak And Dagger"],"picked":"Dodge and Roll","floor":18},{"not_picked":["Acrobatics","Quick Slash+1"],"picked":"Deflect","floor":19},{"not_picked":["Cloak And Dagger","Masterful Stab+1"],"picked":"Dagger Spray+1","floor":22},{"not_picked":["Masterful Stab+1","Dagger Spray+1"],"picked":"Dash+1","floor":25},{"not_picked":["Riddle With Holes+1","Dodge and Roll"],"picked":"Poisoned Stab+1","floor":27},{"not_picked":["Slice+1","Riddle With Holes+1"],"picked":"Finisher+1","floor":29},{"not_picked":["Expertise","Underhanded Strike+1","Slice+1"],"picked":"SKIP","floor":30},{"not_picked":["Deflect","Outmaneuver"],"picked":"After Image","floor":31},{"not_picked":["Bullet Time","A Thousand Cuts"],"picked":"Unload+1","floor":33},{"not_picked":["Riddle With Holes+1","Outmaneuver+1"],"picked":"Sucker Punch+1","floor":35},{"not_picked":["Dagger Spray+1","All Out Attack+1","Cloak And Dagger"],"picked":"SKIP","floor":37},{"not_picked":["Flechettes+1","Deadly Poison"],"picked":"Backflip","floor":46},{"not_picked":["PiercingWail+1","Backstab+1"],"picked":"Backflip","floor":48}],"player_experience":881026,"relics_obtained":[{"floor":8,"key":"Mango"},{"floor":9,"key":"Molten Egg 2"},{"floor":14,"key":"Omamori"},{"floor":26,"key":"Happy Flower"},{"floor":27,"key":"Tingsha"},{"floor":27,"key":"Ninja Scroll"},{"floor":30,"key":"Strawberry"},{"floor":46,"key":"Peace Pipe"}],"event_choices":[{"damage_healed":0,"gold_gain":0,"player_choice":"Donut","damage_taken":0,"max_hp_gain":5,"max_hp_loss":0,"event_name":"Big Fish","floor":3,"gold_loss":0},{"damage_healed":0,"gold_gain":0,"player_choice":"Got Potions","damage_taken":0,"max_hp_gain":0,"max_hp_loss":0,"event_name":"Lab","floor":6,"gold_loss":0},{"damage_healed":0,"gold_gain":0,"player_choice":"Paid Fearfully","damage_taken":0,"max_hp_gain":0,"max_hp_loss":0,"event_name":"Masked Bandits","floor":21,"gold_loss":29},{"damage_healed":0,"gold_gain":0,"player_choice":"Simplicity","damage_taken":0,"max_hp_gain":0,"max_hp_loss":0,"event_name":"Back to Basics","floor":24,"gold_loss":0,"cards_upgraded":["Defend_G","Defend_G","Defend_G","Defend_G","Defend_G","Strike_G","Strike_G"]},{"damage_healed":0,"gold_gain":0,"player_choice":"Fight","damage_taken":0,"max_hp_gain":0,"max_hp_loss":0,"event_name":"Colosseum","floor":27,"gold_loss":0},{"damage_healed":0,"gold_gain":0,"player_choice":"Fought Nobs","damage_taken":0,"max_hp_gain":0,"max_hp_loss":0,"event_name":"Colosseum","floor":27,"gold_loss":0},{"damage_healed":0,"gold_gain":0,"player_choice":"Upgraded","damage_taken":0,"max_hp_gain":0,"max_hp_loss":0,"event_name":"Upgrade Shrine","floor":36,"gold_loss":0,"cards_upgraded":["After Image"]},{"damage_healed":21,"gold_gain":0,"player_choice":"Writhe","damage_taken":0,"max_hp_gain":0,"max_hp_loss":0,"event_name":"Winding Halls","floor":41,"gold_loss":0,"cards_obtained":["Writhe"]},{"cards_removed":["Defend_G"],"damage_healed":0,"gold_gain":0,"player_choice":"Removed Skill","damage_taken":0,"max_hp_gain":0,"max_hp_loss":0,"event_name":"Falling","floor":42,"gold_loss":0},{"damage_healed":0,"gold_gain":0,"player_choice":"Fight","damage_taken":0,"max_hp_gain":0,"max_hp_loss":0,"event_name":"MindBloom","floor":46,"gold_loss":0}],"is_beta":true,"boss_relics":[{"not_picked":["Ring of the Serpent","Busted Crown"],"picked":"Sozu"},{"not_picked":["White Beast Statue","Pandora\u0027s Box"],"picked":"Philosopher\u0027s Stone"}],"items_purged_floors":[7,11,20],"is_endless":false,"potions_floor_spawned":[4,14,16,19,25,27,31,33,37,46,48],"killed_by":"Awakened One","ascension_level":20}