{"path_per_floor":["M","M","?","?","M","R","E","M","T","R","$","?","?","M","R","B",null,"M","M","?","?","M","R","M"],"character_chosen":"DEFECT","items_purchased":["Multi-Cast","Leap"],"gold_per_floor":[116,128,128,128,139,139,172,192,265,265,98,160,181,193,193,294,294,305,322,322,355,370,370,380,380],"floor_reached":25,"campfire_rested":2,"playtime":2115,"current_hp_per_floor":[75,75,75,75,75,75,62,62,62,62,62,53,50,47,69,60,75,62,58,58,48,16,38,38,0],"items_purged":[],"gold":380,"score":203,"play_id":"f0767f39-363e-4d24-b98b-e186538e5059","local_time":"20180427235549","is_prod":false,"is_daily":false,"chose_seed":false,"is_ascension_mode":false,"campfire_upgraded":2,"timestamp":1524882349,"path_taken":["M","M","?","?","?","R","E","M","T","R","$","?","?","M","R","BOSS","M","M","?","?","M","R","M","M"],"build_version":"2018-04-26v2","seed_source_timestamp":244042714946863,"purchased_purges":0,"victory":false,"master_deck":["Strike_B","Strike_B","Strike_B","Strike_B","Defend_B","Defend_B","Defend_B","Defend_B","Zap","Dualcast+1","Darkness","Undo+1","Doom and Gloom","Capacitor","Multi-Cast","Leap","Chill","Aggregate","Self Repair","Reinforced Body","Skim+1"],"max_hp_per_floor":[75,75,75,75,75,75,75,75,75,75,75,75,75,75,75,75,75,75,75,75,75,75,75,75,75],"relics":["Cracked Core","NeowsBlessing","Ginger","Smiling Mask","Vajra","Odd Mushroom","Nuclear Battery","Red Mask"],"card_choices":[{"not_picked":["Cold Snap","Ball Lightning"],"picked":"Defragment","floor":1},{"not_picked":["Undo","Beam Cell"],"picked":"Darkness","floor":2},{"not_picked":["Rebound","Cold Snap"],"picked":"Undo","floor":5},{"not_picked":["Steam Power","Undo"],"picked":"Doom and Gloom","floor":7},{"not_picked":["Coolheaded","Auto Shields"],"picked":"Capacitor","floor":8},{"not_picked":["Rebound","Hologram"],"picked":"Chill","floor":12},{"not_picked":["Tempest","Heatsinks"],"picked":"Aggregate","floor":14},{"not_picked":["Reinforced Body","Heatsinks"],"picked":"Self Repair","floor":18},{"not_picked":["Hologram","Static Discharge"],"picked":"Reinforced Body","floor":21},{"not_picked":["Hello World","Beam Cell"],"picked":"Skim","floor":22}],"player_experience":373974,"potions_floor_usage":[7,13,16,16,18,21,22],"damage_taken":[{"damage":0,"enemies":"2 Louse","floor":1,"turns":1},{"damage":0,"enemies":"Small Slimes","floor":2,"turns":1},{"damage":0,"enemies":"Cultist","floor":5,"turns":1},{"damage":21,"enemies":"3 Sentries","floor":7,"turns":7},{"damage":8,"enemies":"Large Slime","floor":8,"turns":5},{"damage":20,"enemies":"3 Sentries","floor":12,"turns":7},{"damage":12,"enemies":"The Mushroom Lair","floor":13,"turns":4},{"damage":3,"enemies":"Exordium Thugs","floor":14,"turns":4},{"damage":36,"enemies":"Slime Boss","floor":16,"turns":10},{"damage":13,"enemies":"Spheric Guardian","floor":18,"turns":4},{"damage":11,"enemies":"Chosen","floor":19,"turns":4},{"damage":17,"enemies":"Masked Bandits","floor":21,"turns":4},{"damage":43,"enemies":"Centurion and Healer","floor":22,"turns":11},{"damage":7,"enemies":"Snake Plant","floor":24,"turns":6},{"damage":44,"enemies":"Slaver and Parasite","floor":25,"turns":6}],"event_choices":[{"event_name":"The Cleric","player_choice":"Leave","floor":3,"damage_taken":0},{"event_name":"Bonfire Elementals","player_choice":"UNCOMMON","floor":4,"damage_taken":0},{"event_name":"Dead Adventurer","player_choice":"Searched \u00273\u0027 times","floor":12,"damage_taken":0},{"event_name":"Mushrooms","player_choice":"Fought Mushrooms","floor":13,"damage_taken":0},{"event_name":"Drug Dealer","player_choice":"Ignored","floor":20,"damage_taken":0},{"event_name":"Masked Bandits","player_choice":"Fought over 322 gold","floor":21,"damage_taken":0}],"boss_relics":[{"not_picked":["White Beast Statue","Velvet Choker"],"picked":"Nuclear Battery"}],"potions_floor_spawned":[2,12,13,14,16,19,21],"seed_played":"1797074300750948562","killed_by":"Slaver and Parasite","ascension_level":0,"is_trial":false}