{"gold_per_floor":[113,113,127,140,11,44,62,75,75,75,110,124,149,160,160,160],"floor_reached":16,"playtime":845,"items_purged":["Strike_R"],"score":136,"play_id":"ac44d5a0-c78b-431c-a060-918ea34e2e47","local_time":"20190126214409","is_ascension_mode":true,"campfire_choices":[{"floor":15,"key":"REST"}],"neow_cost":"NONE","seed_source_timestamp":35913174756408,"circlet_count":0,"master_deck":["Strike_R","Strike_R","Strike_R","Strike_R","Defend_R","Defend_R","Defend_R","Defend_R","Bash","Infernal Blade","Battle Trance","Infernal Blade","Pommel Strike","Pommel Strike","Rupture","Dual Wield","Shrug It Off","Uppercut"],"relics":["Burning Blood","Blue Candle","Meat on the Bone","Singing Bowl","SsserpentHead","Frozen Egg 2","Strawberry"],"potions_floor_usage":[11,16],"damage_taken":[{"damage":7,"enemies":"Small Slimes","floor":1,"turns":2},{"damage":6,"enemies":"Cultist","floor":3,"turns":3},{"damage":3,"enemies":"Jaw Worm","floor":4,"turns":5},{"damage":35,"enemies":"Gremlin Nob","floor":6,"turns":4},{"damage":11,"enemies":"Blue Slaver","floor":7,"turns":5},{"damage":12,"enemies":"Looter","floor":8,"turns":3},{"damage":36,"enemies":"Lagavulin","floor":11,"turns":9},{"damage":2,"enemies":"Lots of Slimes","floor":12,"turns":3},{"damage":45,"enemies":"Gremlin Nob","floor":13,"turns":5},{"damage":5,"enemies":"Exordium Wildlife","floor":14,"turns":5},{"damage":78,"enemies":"Hexaghost","floor":16,"turns":9}],"seed_played":"-8102278121694535783","potions_obtained":[{"floor":1,"key":"Swift Potion"},{"floor":6,"key":"Block Potion"},{"floor":12,"key":"Poison Potion"},{"floor":13,"key":"AttackPotion"},{"floor":14,"key":"Dexterity Potion"}],"is_trial":false,"path_per_floor":["M","?","M","M","$","E","M","M","T","?","E","M","E","M","R","B"],"character_chosen":"IRONCLAD","items_purchased":["Pommel Strike"],"campfire_rested":1,"item_purchase_floors":[5],"current_hp_per_floor":[79,79,79,80,80,51,58,52,52,52,36,54,36,49,76,0],"gold":160,"neow_bonus":"THREE_CARDS","is_prod":false,"is_daily":false,"chose_seed":false,"campfire_upgraded":0,"win_rate":0,"timestamp":1548539049,"path_taken":["M","?","M","?","$","E","M","M","T","?","E","M","E","M","R","BOSS"],"build_version":"2019-01-23","purchased_purges":1,"victory":false,"max_hp_per_floor":[80,80,80,80,80,80,80,80,80,80,82,84,93,93,93,93],"card_choices":[{"not_picked":["Ghostly Armor","Flex"],"picked":"Infernal Blade","floor":0},{"not_picked":["Searing Blow","Cleave"],"picked":"Battle Trance","floor":1},{"not_picked":["Clothesline","Body Slam"],"picked":"Infernal Blade","floor":3},{"not_picked":["Sword Boomerang","Perfected Strike"],"picked":"Pommel Strike","floor":4},{"not_picked":["Heavy Blade","Burning Pact"],"picked":"Rupture","floor":6},{"not_picked":["Pummel","Evolve"],"picked":"Dual Wield","floor":7},{"not_picked":["Heavy Blade","Iron Wave"],"picked":"Shrug It Off","floor":8},{"not_picked":["Sever Soul","Seeing Red","Flame Barrier"],"picked":"Singing Bowl","floor":11},{"not_picked":["Offering","Thunderclap","Seeing Red"],"picked":"Singing Bowl","floor":12},{"not_picked":["Dropkick","Twin Strike","Corruption+1"],"picked":"Singing Bowl","floor":13},{"not_picked":["Bloodletting","True Grit"],"picked":"Uppercut","floor":14}],"player_experience":137496,"relics_obtained":[{"floor":6,"key":"Meat on the Bone"},{"floor":9,"key":"Singing Bowl"},{"floor":11,"key":"Frozen Egg 2"},{"floor":13,"key":"Strawberry"}],"event_choices":[{"damage_healed":0,"gold_gain":0,"player_choice":"Gave Potion","damage_taken":0,"relics_obtained":["Blue Candle"],"max_hp_gain":0,"max_hp_loss":0,"event_name":"WeMeetAgain","floor":2,"gold_loss":0},{"damage_healed":0,"gold_gain":0,"player_choice":"Trade","damage_taken":0,"relics_obtained":["SsserpentHead"],"max_hp_gain":0,"max_hp_loss":0,"event_name":"FaceTrader","floor":10,"gold_loss":0}],"is_beta":false,"boss_relics":[],"items_purged_floors":[5],"is_endless":false,"potions_floor_spawned":[1,6,12,13,14],"killed_by":"Hexaghost","ascension_level":2}