{"gold_per_floor":[117,44,56,56,10,10,44,72,124,141,141],"floor_reached":11,"playtime":440,"items_purged":[],"score":71,"play_id":"31a79943-9926-40bc-9c2d-76286b6dbf98","local_time":"20190107020028","is_ascension_mode":false,"campfire_choices":[{"data":"Venomology","floor":6,"key":"SMITH"}],"neow_cost":"NONE","seed_source_timestamp":889914255052467,"circlet_count":0,"master_deck":["Defend_G","Defend_G","Defend_G","Defend_G","Defend_G","Strike_G","Strike_G","Strike_G","Strike_G","Strike_G","Survivor","Neutralize","Venomology+1","Cloak And Dagger","PiercingWail","Outmaneuver","Prepared","Dagger Spray"],"relics":["Ring of the Snake","Snake Skull","Odd Mushroom"],"potions_floor_usage":[3,7,8,8,10],"damage_taken":[{"damage":0,"enemies":"Jaw Worm","floor":1,"turns":5},{"damage":0,"enemies":"Cultist","floor":3,"turns":4},{"damage":56,"enemies":"Gremlin Nob","floor":7,"turns":7},{"damage":18,"enemies":"The Mushroom Lair","floor":8,"turns":7},{"damage":0,"enemies":"2 Louse","floor":10,"turns":2},{"damage":6,"enemies":"Blue Slaver","floor":11,"turns":2}],"seed_played":"-3783928080018885256","potions_obtained":[{"floor":1,"key":"Dexterity Potion"},{"floor":8,"key":"Fire Potion"}],"is_trial":false,"path_per_floor":["M","$","M","?","$","R","E","?","T","M","M"],"character_chosen":"THE_SILENT","items_purchased":["Venomology","PiercingWail"],"campfire_rested":0,"item_purchase_floors":[2,5],"current_hp_per_floor":[77,77,77,77,77,77,21,3,3,3,0],"gold":141,"neow_bonus":"TEN_PERCENT_HP_BONUS","is_prod":false,"is_daily":false,"chose_seed":false,"campfire_upgraded":1,"win_rate":0,"timestamp":1546839028,"path_taken":["M","$","M","?","?","R","E","?","T","M","M"],"build_version":"2019-01-03v4","purchased_purges":0,"victory":false,"max_hp_per_floor":[77,77,77,77,77,77,77,77,77,77,77],"card_choices":[{"not_picked":["Catalyst","Blade Dance","Accuracy"],"picked":"SKIP","floor":1},{"not_picked":["Slice","Blade Dance"],"picked":"Reflex","floor":3},{"not_picked":["Expertise","Acrobatics"],"picked":"Outmaneuver","floor":7},{"not_picked":["Poisoned Stab","Catalyst"],"picked":"Prepared","floor":8},{"not_picked":["Bane","Escape Plan"],"picked":"Dagger Spray","floor":10}],"player_experience":580544,"relics_obtained":[{"floor":7,"key":"Snake Skull"},{"floor":8,"key":"Odd Mushroom"}],"event_choices":[{"damage_healed":0,"gold_gain":0,"cards_transformed":["Reflex"],"player_choice":"Transformed","damage_taken":0,"max_hp_gain":0,"max_hp_loss":0,"event_name":"Transmorgrifier","floor":4,"gold_loss":0,"cards_obtained":["Cloak And Dagger"]},{"damage_healed":0,"gold_gain":0,"player_choice":"Fought Mushrooms","damage_taken":0,"max_hp_gain":0,"max_hp_loss":0,"event_name":"Mushrooms","floor":8,"gold_loss":0}],"is_beta":true,"boss_relics":[],"items_purged_floors":[],"is_endless":false,"potions_floor_spawned":[1,8],"killed_by":"Blue Slaver","ascension_level":0}