{"gold_per_floor":[114,130,143,143,153,185,185,185,185,185,149,149,149,160,160,263,263,279,127,127,402,418,418,269,269,293,74,85,85,97,116,116,219,219,231,246,246,246,100,100,100,100,100,100,114,133,152,170,170,170],"floor_reached":50,"playtime":1515,"items_purged":["Pain"],"score":619,"play_id":"05db0c12-1166-46f2-a5df-6307f0977e07","local_time":"20190223172415","is_ascension_mode":true,"campfire_choices":[{"data":"Quick Slash","floor":7,"key":"SMITH"},{"data":"Neutralize","floor":10,"key":"SMITH"},{"data":"Crippling Poison","floor":12,"key":"SMITH"},{"floor":15,"key":"REST"},{"data":"Poisoned Stab","floor":23,"key":"SMITH"},{"data":"Defend_G","floor":25,"key":"SMITH"},{"floor":32,"key":"REST"},{"data":"Envenom","floor":40,"key":"SMITH"},{"data":"PiercingWail","floor":42,"key":"SMITH"},{"data":"Defend_G","floor":44,"key":"SMITH"},{"floor":49,"key":"REST"}],"neow_cost":"NONE","seed_source_timestamp":147322914808535,"circlet_count":0,"master_deck":["Defend_G+1","Defend_G","Defend_G+1","Strike_G","Strike_G","Strike_G","Strike_G","Strike_G","Survivor+1","Neutralize+1","Heel Hook","Heel Hook","Quick Slash+1","Masterful Stab","Die Die Die","Crippling Poison+1","Poisoned Stab+1","Die Die Die","Quick Slash+1","PiercingWail+1","Envenom+1","Normality","Parasite","PiercingWail","Flying Knee+1","Dagger Spray+1"],"relics":["Ring of the Snake","Vajra","Dream Catcher","Regal Pillow","Cursed Key","Omamori","Lantern","Strawberry","Juzu Bracelet","Nilry\u0027s Codex","Lizard Tail","Blood Vial","Bottled Flame"],"potions_floor_usage":[6,31,33,33,45,46,50],"damage_taken":[{"damage":10,"enemies":"Jaw Worm","floor":1,"turns":5},{"damage":0,"enemies":"Cultist","floor":2,"turns":3},{"damage":0,"enemies":"2 Louse","floor":3,"turns":2},{"damage":1,"enemies":"Exordium Wildlife","floor":5,"turns":3},{"damage":16,"enemies":"Gremlin Nob","floor":6,"turns":3},{"damage":4,"enemies":"Red Slaver","floor":14,"turns":4},{"damage":30,"enemies":"Slime Boss","floor":16,"turns":7},{"damage":1,"enemies":"Chosen","floor":18,"turns":3},{"damage":6,"enemies":"Spheric Guardian","floor":22,"turns":3},{"damage":18,"enemies":"Snake Plant","floor":28,"turns":3},{"damage":0,"enemies":"Cultist and Chosen","floor":30,"turns":3},{"damage":2,"enemies":"Shelled Parasite and Fungi","floor":31,"turns":3},{"damage":62,"enemies":"Collector","floor":33,"turns":8},{"damage":12,"enemies":"Orb Walker","floor":35,"turns":3},{"damage":0,"enemies":"3 Shapes","floor":36,"turns":2},{"damage":29,"enemies":"Writhing Mass","floor":45,"turns":6},{"damage":7,"enemies":"Transient","floor":46,"turns":5},{"damage":11,"enemies":"3 Darklings","floor":47,"turns":4},{"damage":56,"enemies":"Sphere and 2 Shapes","floor":48,"turns":8},{"damage":59,"enemies":"Donu and Deca","floor":50,"turns":4}],"seed_played":"-3444736250931451433","potions_obtained":[{"floor":1,"key":"Strength Potion"},{"floor":2,"key":"FairyPotion"},{"floor":14,"key":"Weak Potion"},{"floor":18,"key":"Swift Potion"},{"floor":28,"key":"SpeedPotion"},{"floor":31,"key":"SteroidPotion"},{"floor":35,"key":"SpeedPotion"},{"floor":36,"key":"Fire Potion"},{"floor":48,"key":"SkillPotion"}],"is_trial":false,"path_per_floor":["M","M","M","?","M","E","R","$","T","R","$","R","?","M","R","B",null,"M","$","?","?","M","R","$","R","T","$","M","?","M","M","R","B",null,"M","M","?","?","$","R","?","R","T","R","M","M","M","M","R","B"],"character_chosen":"THE_SILENT","items_purchased":["Crippling Poison","Omamori","Lantern","Juzu Bracelet","Blood Vial"],"campfire_rested":3,"item_purchase_floors":[11,19,24,27,39],"current_hp_per_floor":[53,53,53,53,52,36,36,36,36,36,36,36,36,32,68,38,62,61,61,61,61,55,55,55,55,62,62,44,28,28,26,64,2,58,46,46,46,46,46,46,46,46,46,46,19,14,5,2,40,0],"gold":170,"neow_bonus":"RANDOM_COMMON_RELIC","is_prod":false,"is_daily":false,"chose_seed":false,"campfire_upgraded":8,"win_rate":0,"timestamp":1550960655,"path_taken":["M","M","M","?","M","E","R","$","T","R","?","R","?","?","R","BOSS","M","$","?","?","?","R","$","R","T","$","M","?","M","M","R","BOSS","M","M","?","?","$","R","?","R","T","R","M","M","M","M","R","BOSS"],"build_version":"2019-01-23","purchased_purges":1,"victory":false,"max_hp_per_floor":[70,70,70,70,70,70,70,70,70,70,70,70,70,70,70,70,70,70,70,70,70,70,70,70,70,77,77,77,77,77,77,77,77,77,77,77,77,77,77,77,77,77,77,77,77,77,77,77,77,77],"card_choices":[{"not_picked":["Dash","Prepared"],"picked":"Heel Hook","floor":1},{"not_picked":["Deadly Poison","Outmaneuver"],"picked":"Heel Hook","floor":2},{"not_picked":["Sucker Punch","Infinite Blades"],"picked":"Quick Slash","floor":3},{"not_picked":["Eviscerate","Well Laid Plans","Blade Dance"],"picked":"SKIP","floor":5},{"not_picked":["Reflex","Dash"],"picked":"Die Die Die","floor":6},{"not_picked":["Choke","Deadly Poison","Blade Dance"],"picked":"SKIP","floor":14},{"not_picked":["Setup","Choke"],"picked":"Poisoned Stab","floor":15},{"not_picked":["Wraith Form v2","Tools of the Trade"],"picked":"Die Die Die","floor":16},{"not_picked":["Dagger Throw","Eviscerate","Prepared"],"picked":"SKIP","floor":18},{"not_picked":["Backflip","Underhanded Strike","Acrobatics+1"],"picked":"SKIP","floor":22},{"not_picked":["Slice","Sucker Punch"],"picked":"Quick Slash+1","floor":28},{"not_picked":["Deadly Poison","Poisoned Stab","Dagger Throw+1"],"picked":"SKIP","floor":30},{"not_picked":["Slice","Deflect","Blur"],"picked":"SKIP","floor":31},{"not_picked":["Flying Knee","Concentrate"],"picked":"PiercingWail","floor":32},{"not_picked":["Venomology","Wraith Form v2"],"picked":"Envenom","floor":33},{"not_picked":["Accuracy","All Out Attack+1","Skewer+1"],"picked":"SKIP","floor":35},{"not_picked":["Expertise","Underhanded Strike+1","Bouncing Flask+1"],"picked":"SKIP","floor":36},{"not_picked":["Calculated Gamble","Distraction"],"picked":"PiercingWail","floor":45},{"not_picked":["Dagger Throw","Distraction+1","Sucker Punch"],"picked":"SKIP","floor":46},{"not_picked":["Underhanded Strike+1","Quick Slash"],"picked":"Flying Knee+1","floor":47},{"not_picked":["Quick Slash+1","Underhanded Strike"],"picked":"Dagger Spray+1","floor":48}],"player_experience":353668,"relics_obtained":[{"floor":6,"key":"Dream Catcher"},{"floor":9,"key":"Regal Pillow"},{"floor":26,"key":"Strawberry"},{"floor":29,"key":"Nilry\u0027s Codex"},{"floor":43,"key":"Bottled Flame"}],"event_choices":[{"damage_healed":0,"gold_gain":0,"cards_transformed":["Defend_G"],"player_choice":"Transformed","damage_taken":0,"max_hp_gain":0,"max_hp_loss":0,"event_name":"Transmorgrifier","floor":4,"gold_loss":0,"cards_obtained":["Masterful Stab"]},{"damage_healed":0,"gold_gain":0,"player_choice":"Grow","damage_taken":0,"max_hp_gain":0,"max_hp_loss":0,"event_name":"Living Wall","floor":13,"gold_loss":0,"cards_upgraded":["Survivor"]},{"damage_healed":0,"gold_gain":0,"player_choice":"Smashed Altar","damage_taken":0,"max_hp_gain":0,"max_hp_loss":0,"event_name":"Forgotten Altar","floor":20,"gold_loss":0,"cards_obtained":["Decay"]},{"damage_healed":0,"gold_gain":275,"player_choice":"Desecrate","damage_taken":0,"max_hp_gain":0,"max_hp_loss":0,"event_name":"Golden Shrine","floor":21,"gold_loss":0,"cards_obtained":["Regret"]},{"damage_healed":0,"gold_gain":0,"player_choice":"Obtained Book","damage_taken":16,"max_hp_gain":0,"max_hp_loss":0,"event_name":"Cursed Tome","floor":29,"gold_loss":0},{"damage_healed":0,"gold_gain":0,"player_choice":"Bought 0 Potions","damage_taken":0,"max_hp_gain":0,"max_hp_loss":0,"event_name":"The Woman in Blue","floor":37,"gold_loss":0},{"damage_healed":0,"gold_gain":0,"player_choice":"Ignored","damage_taken":0,"max_hp_gain":0,"max_hp_loss":0,"event_name":"Mysterious Sphere","floor":38,"gold_loss":0},{"cards_removed":["Defend_G"],"damage_healed":0,"gold_gain":0,"player_choice":"Removed Skill","damage_taken":0,"max_hp_gain":0,"max_hp_loss":0,"event_name":"Falling","floor":41,"gold_loss":0}],"is_beta":false,"boss_relics":[{"not_picked":["WristBlade","Runic Dome"],"picked":"Cursed Key"},{"not_picked":["Tiny House","Black Star"],"picked":"Lizard Tail"}],"items_purged_floors":[27],"is_endless":false,"potions_floor_spawned":[1,2,14,18,28,31,35,36,48],"killed_by":"Donu and Deca","ascension_level":8}