{"gold_per_floor":[362,372,60,60,60,88,88,88,143,143],"floor_reached":10,"playtime":359,"items_purged":[],"score":128,"play_id":"03b35607-2582-4f7b-b0e2-df965096893e","local_time":"20181024203540","is_ascension_mode":true,"campfire_choices":[{"floor":7,"key":"REST"}],"neow_cost":"TEN_PERCENT_HP_LOSS","seed_source_timestamp":2212743688385,"circlet_count":0,"master_deck":["Defend_G","Defend_G","Defend_G","Defend_G","Defend_G","Strike_G","Strike_G","Strike_G","Strike_G","Strike_G","Survivor","Neutralize","AscendersBane","Quick Slash","Slice","Footwork","Neutralize","Escape Plan"],"special_seed":0,"relics":["Ring of the Snake","Chemical X","Lantern","Centennial Puzzle","Paper Crane","Tiny Chest"],"potions_floor_usage":[6],"damage_taken":[{"damage":3.0,"enemies":"Cultist","floor":1.0,"turns":4.0},{"damage":2.0,"enemies":"Jaw Worm","floor":2.0,"turns":7.0},{"damage":34,"enemies":"Gremlin Nob","floor":6,"turns":6},{"damage":22,"enemies":"Lagavulin","floor":10,"turns":5}],"seed_played":"1608654731504857540","potions_obtained":[{"floor":2.0,"key":"Weak Potion"}],"is_trial":false,"path_per_floor":["M","M","$","?","?","E","R","T","T"],"character_chosen":"THE_SILENT","items_purchased":["Chemical X","Footwork"],"campfire_rested":1,"item_purchase_floors":[3,3],"current_hp_per_floor":[56,54,54,54,43,9,27,27,27,5],"gold":143,"neow_bonus":"TWO_FIFTY_GOLD","is_prod":false,"is_daily":false,"chose_seed":false,"campfire_upgraded":0,"win_rate":0,"timestamp":1540406140,"path_taken":["M","M","$","?","?","E","R","?","T","E"],"build_version":"2018-10-23","purchased_purges":0,"victory":false,"max_hp_per_floor":[60,60,60,60,60,60,60,60,60,60],"card_choices":[{"not_picked":["Escape Plan","PiercingWail"],"picked":"Quick Slash","floor":1.0},{"not_picked":["Blade Dance","Deflect"],"picked":"Slice","floor":2.0},{"not_picked":["Setup","Bane"],"picked":"Escape Plan","floor":6}],"player_experience":741318,"relics_obtained":[{"floor":6,"key":"Centennial Puzzle"},{"floor":8,"key":"Paper Crane"},{"floor":9,"key":"Tiny Chest"}],"event_choices":[{"damage_healed":0.0,"max_hp_gain":0.0,"max_hp_loss":0.0,"gold_gain":0.0,"event_name":"Match and Keep!","player_choice":"1 cards matched","floor":4.0,"gold_loss":0.0,"damage_taken":0.0,"cards_obtained":["Neutralize"]},{"damage_healed":0.0,"max_hp_gain":0.0,"max_hp_loss":0.0,"gold_gain":0.0,"event_name":"Match and Keep!","player_choice":"1 cards matched","floor":4.0,"gold_loss":0.0,"damage_taken":0.0,"cards_obtained":["Neutralize"]},{"damage_healed":0.0,"max_hp_gain":0.0,"max_hp_loss":0.0,"gold_gain":0.0,"event_name":"Scrap Ooze","player_choice":"Success","floor":5.0,"gold_loss":0.0,"damage_taken":11.0,"relics_obtained":["Lantern"]}],"is_beta":true,"boss_relics":[],"items_purged_floors":[],"is_endless":false,"potions_floor_spawned":[2],"killed_by":"Lagavulin","ascension_level":20}