{"gold_per_floor":[114,114,114,81,100,138,138,158,158,177,40,40,59,78,78,203,203,222,241,241,260,110,148,148,148],"floor_reached":25,"playtime":2020,"items_purged":["Regret"],"score":221,"play_id":"786dcecf-8da7-4880-8be3-66a015c2c333","local_time":"20190223012610","daily_mods":["Cursed Run","Diverse","Terminal"],"is_ascension_mode":false,"campfire_choices":[{"floor":7,"key":"REST"},{"floor":12,"key":"REST"},{"data":"Buffer","floor":15,"key":"SMITH"},{"floor":24,"key":"REST"}],"neow_cost":"","seed_source_timestamp":52118054241556,"circlet_count":0,"master_deck":["Strike_B","Strike_B","Strike_B","Strike_B","Defend_B","Defend_B","Defend_B","Defend_B","Zap","Dualcast","Gash+1","Pommel Strike","Buffer+1","Capacitor","Finesse","Streamline","Footwork","Loop","Clumsy","Barricade","Gash+1","Conserve Battery+1","Self Repair+1","Infinite Blades","Caltrops"],"special_seed":17949,"relics":["Cursed Key","Darkstone Periapt","Du-Vu Doll","Golden Idol","Blue Candle","Odd Mushroom","Pen Nib","Nuclear Battery","Bottled Flame"],"potions_floor_usage":[23],"damage_taken":[{"damage":0,"enemies":"Small Slimes","floor":1,"turns":3},{"damage":0,"enemies":"Jaw Worm","floor":5,"turns":3},{"damage":18,"enemies":"Lagavulin","floor":6,"turns":6},{"damage":14,"enemies":"The Mushroom Lair","floor":8,"turns":5},{"damage":0,"enemies":"2 Louse","floor":10,"turns":2},{"damage":1,"enemies":"Looter","floor":13,"turns":3},{"damage":1,"enemies":"Red Slaver","floor":14,"turns":3},{"damage":8,"enemies":"Slime Boss","floor":16,"turns":10},{"damage":38,"enemies":"3 Byrds","floor":18,"turns":8},{"damage":9,"enemies":"Spheric Guardian","floor":19,"turns":4},{"damage":18,"enemies":"Snecko","floor":21,"turns":6},{"damage":18,"enemies":"Gremlin Leader","floor":23,"turns":11},{"damage":36,"enemies":"Snake Plant","floor":25,"turns":4}],"seed_played":"3109262383248247929","potions_obtained":[{"floor":1,"key":"PowerPotion"},{"floor":6,"key":"Energy Potion"},{"floor":8,"key":"FocusPotion"},{"floor":16,"key":"FairyPotion"},{"floor":23,"key":"Explosive Potion"}],"is_trial":false,"path_per_floor":["M","?","?","?","M","E","R","?","T","M","$","R","M","M","R","B",null,"M","M","?","M","$","E","R","M"],"character_chosen":"DEFECT","items_purchased":["Finesse","Streamline","Infinite Blades"],"campfire_rested":3,"item_purchase_floors":[11,11,22],"current_hp_per_floor":[73,72,54,54,54,36,56,42,48,48,48,68,67,66,65,63,69,31,22,22,4,4,16,34,0],"gold":148,"neow_bonus":"","is_prod":false,"is_daily":true,"chose_seed":false,"campfire_upgraded":1,"win_rate":0.0,"timestamp":1550881570,"path_taken":["M","?","?","?","M","E","R","?","T","M","?","R","M","?","R","BOSS","M","M","?","M","$","E","R","M"],"build_version":"2019-01-23","purchased_purges":1,"victory":false,"max_hp_per_floor":[73,72,71,70,69,68,67,66,71,70,69,68,67,66,65,70,69,68,67,66,65,64,63,62,62],"card_choices":[{"not_picked":["Carnage","Perfected Strike"],"picked":"Gash","floor":1},{"not_picked":["Disarm","Dodge and Roll"],"picked":"Pommel Strike","floor":5},{"not_picked":["Headbutt","Rebound"],"picked":"Buffer","floor":6},{"not_picked":["Concentrate","Rupture"],"picked":"Capacitor","floor":8},{"not_picked":["Eviscerate","Shockwave","PiercingWail"],"picked":"SKIP","floor":10},{"not_picked":["Steam Power","Dagger Spray"],"picked":"Footwork","floor":13},{"not_picked":["Shrug It Off","Coolheaded"],"picked":"Loop","floor":14},{"not_picked":["Fiend Fire","Offering"],"picked":"Barricade","floor":16},{"not_picked":["Ball Lightning","Backflip"],"picked":"Gash+1","floor":18},{"not_picked":["Compile Driver","Power Through+1"],"picked":"Conserve Battery+1","floor":19},{"not_picked":["Shrug It Off","Skim"],"picked":"Self Repair+1","floor":21},{"not_picked":["Hologram","Poisoned Stab"],"picked":"Caltrops","floor":23}],"player_experience":21738,"relics_obtained":[{"floor":6,"key":"Blue Candle"},{"floor":8,"key":"Odd Mushroom"},{"floor":9,"key":"Pen Nib"},{"floor":23,"key":"Bottled Flame"}],"event_choices":[{"damage_healed":0,"gold_gain":0,"player_choice":"Grow","damage_taken":0,"max_hp_gain":0,"max_hp_loss":0,"event_name":"Living Wall","floor":2,"gold_loss":0,"cards_upgraded":["Gash"]},{"damage_healed":0,"gold_gain":0,"player_choice":"Take Damage","damage_taken":18,"relics_obtained":["Golden Idol"],"max_hp_gain":0,"max_hp_loss":0,"event_name":"Golden Idol","floor":3,"gold_loss":0},{"damage_healed":0,"gold_gain":0,"player_choice":"Left Gold","damage_taken":0,"max_hp_gain":0,"max_hp_loss":0,"event_name":"World of Goop","floor":4,"gold_loss":33},{"damage_healed":0,"gold_gain":0,"player_choice":"Fought Mushrooms","damage_taken":0,"max_hp_gain":0,"max_hp_loss":0,"event_name":"Mushrooms","floor":8,"gold_loss":0},{"damage_healed":0,"gold_gain":0,"player_choice":"Ignored","damage_taken":0,"max_hp_gain":0,"max_hp_loss":0,"event_name":"Ghosts","floor":20,"gold_loss":0}],"is_beta":false,"boss_relics":[{"not_picked":["Busted Crown","Empty Cage"],"picked":"Nuclear Battery"}],"items_purged_floors":[22],"is_endless":false,"potions_floor_spawned":[1,6,8,10,16,21,23],"killed_by":"Snake Plant","ascension_level":0}