{"path_per_floor":["M","?","M","$","M","R","M","?","T","M","M","T","$","E","R","B",null,"M","?","$","M","M","R","?","R","T","?","R","M","M","?","R","B",null,"M","M","$","M","M","E","M","?","T","R","$","M","R","?","R","B"],"character_chosen":"IRONCLAD","items_purchased":["Shrug It Off","Disarm","Purity","Apotheosis","Swift Strike","Heavy Blade"],"gold_per_floor":[114,114,129,79,94,94,109,109,109,124,139,139,19,49,49,149,149,164,164,14,29,44,44,44,44,44,294,294,309,324,324,324,424,424,439,454,121,136,151,181,196,196,196,196,39,54,54,54,54,54],"floor_reached":51,"campfire_rested":4,"playtime":2391,"current_hp_per_floor":[76,60,60,60,60,60,60,66,72,71,70,76,76,70,98,67,129,111,111,111,100,72,110,110,110,116,122,122,116,70,60,104,34,153,148,146,146,141,147,111,93,173,179,179,179,138,179,179,179,72],"items_purged":["Regret","Writhe","Regret","Regret"],"gold":54,"score":854,"play_id":"e68507eb-abff-409b-94b7-ac7572193708","local_time":"20180330014951","daily_mods":["Diverse","Cursed Run","Binary"],"is_prod":false,"is_daily":true,"is_ascension_mode":false,"campfire_upgraded":4,"timestamp":1522383591,"path_taken":["M","?","M","$","M","R","M","?","T","M","?","?","?","E","R","BOSS","M","?","$","M","M","R","?","R","T","?","R","M","M","?","R","BOSS","M","M","$","M","M","E","?","?","T","R","$","M","R","?","R","BOSS"],"build_version":"2018-03-29","purchased_purges":4,"victory":true,"master_deck":["Strike_R+1","Strike_R","Strike_R","Strike_R","Strike_R","Defend_R+1","Defend_R","Defend_R","Defend_R","Bash","Acrobatics","Distraction+1","True Grit+1","Decay","Perfected Strike","Rage","Writhe","Disarm","Anger","Clumsy","Impervious","Writhe","Cleave+1","Perfected Strike","Regret","Metallicize","Necronomicurse","Injury","Headbutt+1","Reaper+1","Pummel","Apotheosis+1","Swift Strike","Sever Soul","Shrug It Off","Clumsy","Heavy Blade","Cleave+1","Doubt"],"max_hp_per_floor":[80,80,80,80,80,80,80,86,92,92,92,98,98,98,98,104,129,129,129,129,129,129,129,129,129,135,141,141,141,141,147,147,153,153,156,156,156,156,156,159,163,173,179,179,179,179,179,179,179,185],"relics":["Cursed Key","Darkstone Periapt","Du-Vu Doll","The Courier","Art of War","Anchor","Question Card","Calling Bell","Blue Candle","Strawberry","Shovel","Bag of Preparation","Necronomicon","Astrolabe","Gambling Chip","Red Skull","Molten Egg 2"],"card_choices":[{"not_picked":["Corruption"],"picked":"True Grit","floor":1},{"not_picked":["Entrench"],"picked":"Wild Strike","floor":5},{"not_picked":["Body Slam"],"picked":"Perfected Strike","floor":10},{"not_picked":["Havoc"],"picked":"Rage","floor":11},{"not_picked":["Havoc"],"picked":"Anger","floor":14},{"not_picked":["Berserk","Double Tap"],"picked":"Impervious","floor":16},{"not_picked":["Wild Strike","Corruption"],"picked":"Cleave","floor":18},{"not_picked":["Havoc","Searing Blow"],"picked":"Perfected Strike","floor":22},{"not_picked":["Body Slam","Heavy Blade"],"picked":"Metallicize","floor":30},{"not_picked":["Berserk","Reaper"],"picked":"Feed","floor":33},{"not_picked":["Heavy Blade","Inflame"],"picked":"Pummel","floor":36},{"not_picked":["Double Tap","Twin Strike"],"picked":"Sever Soul","floor":38},{"not_picked":["Armaments","Heavy Blade"],"picked":"Shrug It Off","floor":41},{"not_picked":["Sword Boomerang","Rupture"],"picked":"Cleave","floor":46}],"player_experience":262368,"potions_floor_usage":[3,18,18,18,21,21,33,33,40,50],"damage_taken":[{"damage":4,"enemies":"Small Slimes","floor":1,"turns":5},{"damage":0,"enemies":"2 Louse","floor":3,"turns":2},{"damage":0,"enemies":"Cultist","floor":5,"turns":4},{"damage":0,"enemies":"Gremlin Gang","floor":7,"turns":4},{"damage":1,"enemies":"Exordium Wildlife","floor":10,"turns":3},{"damage":1,"enemies":"Looter","floor":11,"turns":3},{"damage":6,"enemies":"Lagavulin","floor":14,"turns":5},{"damage":37,"enemies":"The Guardian","floor":16,"turns":16},{"damage":18,"enemies":"2 Thieves","floor":18,"turns":3},{"damage":11,"enemies":"Chosen","floor":21,"turns":6},{"damage":28,"enemies":"Slaver and Parasite","floor":22,"turns":6},{"damage":6,"enemies":"Snake Plant","floor":29,"turns":3},{"damage":46,"enemies":"Cultist and Chosen","floor":30,"turns":8},{"damage":76,"enemies":"Collector","floor":33,"turns":14},{"damage":9,"enemies":"Orb Walker","floor":35,"turns":3},{"damage":2,"enemies":"3 Shapes","floor":36,"turns":3},{"damage":17,"enemies":"3 Darklings","floor":38,"turns":6},{"damage":0,"enemies":"Maw","floor":39,"turns":4},{"damage":45,"enemies":"2 Orb Walkers","floor":40,"turns":4},{"damage":40,"enemies":"Sphere and 2 Shapes","floor":41,"turns":4},{"damage":41,"enemies":"3 Darklings","floor":46,"turns":4},{"damage":145,"enemies":"Time Eater","floor":50,"turns":10}],"event_choices":[{"event_name":"Shining Light","player_choice":"Entered Light","floor":2,"damage_taken":0},{"event_name":"Big Fish","player_choice":"Box","floor":8,"damage_taken":0},{"event_name":"The Lab","player_choice":"Got Potions","floor":19,"damage_taken":0},{"event_name":"Addict","player_choice":"Ignored","floor":24,"damage_taken":0},{"event_name":"Golden Shrine","player_choice":"Desecrate","floor":27,"damage_taken":0},{"event_name":"Cursed Tome","player_choice":"Obtained Book","floor":31,"damage_taken":0},{"event_name":"Bonfire Elementals","player_choice":"RARE","floor":42,"damage_taken":0}],"boss_relics":[{"not_picked":["Sozu","Ectoplasm"],"picked":"Calling Bell"},{"not_picked":["Philosopher\u0027s Stone","Mark of Pain"],"picked":"Astrolabe"}],"potions_floor_spawned":[1,10,14,16,21,38,40,41,46],"seed_played":"3601670706456494234","ascension_level":0,"is_trial":false}