{"gold_per_floor":[111,29,39,57,71,71,95,95,95,127,144,144,213,227,227,323,323,339,339,103,118,138,138,148,113,113,113,127,147,62,62],"floor_reached":31,"playtime":2317,"items_purged":[],"score":239,"play_id":"825c04c2-1709-448f-89ab-5d3144fc6899","local_time":"20190116045436","is_ascension_mode":false,"campfire_choices":[{"data":"Shrug It Off","floor":6,"key":"SMITH"},{"data":"Anger","floor":12,"key":"SMITH"},{"data":"Pummel","floor":15,"key":"SMITH"},{"floor":23,"key":"RECALL"},{"floor":27,"key":"REST"}],"neow_cost":"NONE","seed_source_timestamp":369725164776956,"circlet_count":0,"master_deck":["Strike_R","Strike_R","Strike_R","Strike_R","Defend_R+1","Defend_R","Defend_R","Defend_R+1","Bash","Clothesline","Metallicize","Shockwave","Feel No Pain","Anger+1","Shrug It Off+1","Exhume","Flex","Twin Strike","Pummel+1","Dark Embrace","Seeing Red","Sever Soul","Battle Trance","Infernal Blade+1","Pummel"],"relics":["Burning Blood","Odd Mushroom","Vajra","Kunai","Black Star","Omamori","Sundial","War Paint"],"potions_floor_usage":[5,7,14,14,18,21,22,29],"damage_taken":[{"damage":5,"enemies":"2 Louse","floor":1,"turns":3},{"damage":1,"enemies":"Jaw Worm","floor":3,"turns":5},{"damage":5,"enemies":"Small Slimes","floor":4,"turns":4},{"damage":5,"enemies":"2 Fungi Beasts","floor":5,"turns":5},{"damage":16,"enemies":"The Mushroom Lair","floor":7,"turns":6},{"damage":8,"enemies":"Lagavulin","floor":10,"turns":8},{"damage":2,"enemies":"Looter","floor":11,"turns":4},{"damage":6,"enemies":"Gremlin Gang","floor":14,"turns":6},{"damage":32,"enemies":"Hexaghost","floor":16,"turns":10},{"damage":12,"enemies":"2 Thieves","floor":18,"turns":3},{"damage":27,"enemies":"Spheric Guardian","floor":21,"turns":7},{"damage":4,"enemies":"Snake Plant","floor":22,"turns":3},{"damage":11,"enemies":"Shelled Parasite and Fungi","floor":24,"turns":9},{"damage":44,"enemies":"Cultist and Chosen","floor":28,"turns":11},{"damage":14,"enemies":"Centurion and Healer","floor":29,"turns":7},{"damage":29,"enemies":"Snake Plant","floor":31,"turns":4}],"seed_played":"-6097851224234204527","potions_obtained":[{"floor":3,"key":"Dexterity Potion"},{"floor":5,"key":"Fire Potion"},{"floor":10,"key":"SpeedPotion"},{"floor":11,"key":"Swift Potion"},{"floor":16,"key":"Energy Potion"},{"floor":18,"key":"SkillPotion"},{"floor":21,"key":"SteroidPotion"},{"floor":28,"key":"Block Potion"}],"is_trial":false,"path_per_floor":["M","$","M","M","M","R","?","$","T","E","M","R","?","M","R","B",null,"M","?","$","M","M","R","M","$","T","R","M","M","?","M"],"character_chosen":"IRONCLAD","items_purchased":["Shockwave","Omamori","Seeing Red","Pummel"],"campfire_rested":1,"item_purchase_floors":[2,20,20,25],"current_hp_per_floor":[80,80,80,80,80,80,70,70,70,68,72,72,72,72,72,46,80,74,74,74,53,55,55,50,50,50,74,36,28,28,0],"gold":62,"neow_bonus":"TRANSFORM_CARD","is_prod":false,"is_daily":false,"chose_seed":false,"campfire_upgraded":3,"win_rate":0,"timestamp":1547627076,"path_taken":["M","$","M","M","M","R","?","$","T","E","M","R","?","M","R","BOSS","M","?","$","M","M","R","M","$","T","R","M","M","?","M"],"build_version":"2019-01-14v2","purchased_purges":0,"victory":false,"max_hp_per_floor":[80,80,80,80,80,80,80,80,80,80,80,80,80,80,80,80,80,80,80,80,80,80,80,80,80,80,80,80,80,80,80],"card_choices":[{"not_picked":["Headbutt","Iron Wave"],"picked":"Metallicize","floor":1},{"not_picked":["Blood for Blood","Intimidate"],"picked":"Feel No Pain","floor":3},{"not_picked":["Headbutt","Wild Strike"],"picked":"Anger","floor":4},{"not_picked":["Entrench","Shockwave"],"picked":"Shrug It Off","floor":5},{"not_picked":["Wild Strike","Twin Strike"],"picked":"Exhume","floor":7},{"not_picked":["Uppercut","Rage"],"picked":"Flex","floor":10},{"not_picked":["Sword Boomerang","Armaments"],"picked":"Twin Strike","floor":11},{"not_picked":["Clothesline","Burning Pact"],"picked":"Pummel","floor":14},{"not_picked":["Brutality","Immolate"],"picked":"Dark Embrace","floor":16},{"not_picked":["Warcry","Anger+1","Feel No Pain+1"],"picked":"SKIP","floor":18},{"not_picked":["Pummel+1","Headbutt+1"],"picked":"Sever Soul","floor":21},{"not_picked":["Pommel Strike","Inflame"],"picked":"Battle Trance","floor":22},{"not_picked":["Bludgeon","Flame Barrier+1"],"picked":"Infernal Blade+1","floor":24},{"not_picked":["Wild Strike+1","Anger","Body Slam"],"picked":"SKIP","floor":28},{"not_picked":["Thunderclap","Anger","Spot Weakness"],"picked":"SKIP","floor":29}],"player_experience":583525,"relics_obtained":[{"floor":7,"key":"Odd Mushroom"},{"floor":9,"key":"Vajra"},{"floor":10,"key":"Kunai"},{"floor":26,"key":"Sundial"}],"event_choices":[{"damage_healed":0,"gold_gain":0,"player_choice":"Fought Mushrooms","damage_taken":0,"max_hp_gain":0,"max_hp_loss":0,"event_name":"Mushrooms","floor":7,"gold_loss":0},{"damage_healed":0,"gold_gain":69,"player_choice":"Gained Gold","damage_taken":0,"max_hp_gain":0,"max_hp_loss":0,"event_name":"Golden Wing","floor":13,"gold_loss":0},{"damage_healed":0,"gold_gain":0,"player_choice":"Ignored","damage_taken":0,"max_hp_gain":0,"max_hp_loss":0,"event_name":"Vampires","floor":19,"gold_loss":0},{"damage_healed":0,"gold_gain":0,"player_choice":"Obtained Relic","damage_taken":0,"relics_obtained":["War Paint"],"max_hp_gain":0,"max_hp_loss":0,"event_name":"Addict","floor":30,"gold_loss":85}],"is_beta":true,"boss_relics":[{"not_picked":["Orrery","Astrolabe"],"picked":"Black Star"}],"items_purged_floors":[],"is_endless":false,"potions_floor_spawned":[3,5,10,11,16,18,21,28],"killed_by":"Snake Plant","ascension_level":0}