{"path_per_floor":["M","M","?","$","$","R","M","$","T","R","?","R","M","M","R","B",null,"M","?","$","M"],"character_chosen":"IRONCLAD","items_purchased":["Cleave","Metallicize","Flex","Apotheosis","Hemokinesis"],"gold_per_floor":[115,127,127,82,44,44,69,24,106,106,106,106,131,155,155,280,280,304,304,23,42,42],"floor_reached":22,"campfire_rested":1,"playtime":813,"current_hp_per_floor":[75,72,72,72,72,72,67,67,67,67,67,67,67,57,80,32,80,55,39,39,19,0],"items_purged":[],"gold":42,"score":174,"play_id":"628cf339-64bd-4525-ade2-0ff7339535fc","local_time":"20180323014611","is_prod":false,"is_daily":false,"is_ascension_mode":false,"campfire_upgraded":3,"timestamp":1521778571,"path_taken":["M","?","?","?","$","R","M","$","T","R","?","R","M","M","R","BOSS","M","?","$","M","M"],"build_version":"2018-03-22","purchased_purges":0,"victory":false,"master_deck":["Strike_R","Strike_R","Strike_R","Strike_R","Strike_R","Defend_R","Defend_R","Defend_R","Defend_R","Bash","Rupture","Cleave+1","Metallicize+1","Shrug It Off","Flex+1","Fiend Fire","Barricade","Anger+1","Apotheosis","Hemokinesis","True Grit"],"max_hp_per_floor":[80,80,80,80,80,80,80,80,80,80,80,80,80,80,80,80,80,80,80,80,80,80],"relics":["Runic Cube","Golden Idol","Tiny Chest","Question Card","Nilry\u0027s Codex"],"card_choices":[{"not_picked":["Body Slam","Sword Boomerang"],"picked":"Rupture","floor":2},{"not_picked":["Iron Wave","Armaments"],"picked":"Shrug It Off","floor":7},{"not_picked":["Clothesline","Cleave"],"picked":"Fiend Fire","floor":13},{"not_picked":["Dark Embrace","Limit Break"],"picked":"Barricade","floor":16},{"not_picked":["Wild Strike","Armaments","Combust"],"picked":"Anger","floor":18},{"not_picked":["Body Slam","Power Through","Iron Wave"],"picked":"True Grit","floor":21}],"player_experience":228028,"potions_floor_usage":[13,14,18],"damage_taken":[{"damage":5,"enemies":"Cultist","floor":1,"turns":4},{"damage":3,"enemies":"Small Slimes","floor":2,"turns":3},{"damage":5,"enemies":"2 Louse","floor":7,"turns":2},{"damage":15,"enemies":"Exordium Wildlife","floor":13,"turns":7},{"damage":10,"enemies":"Exordium Thugs","floor":14,"turns":4},{"damage":48,"enemies":"The Guardian","floor":16,"turns":15},{"damage":25,"enemies":"2 Thieves","floor":18,"turns":4},{"damage":20,"enemies":"3 Byrds","floor":21,"turns":6},{"damage":19,"enemies":"Snake Plant","floor":22,"turns":3}],"event_choices":[{"event_name":"Golden Idol","player_choice":"Take Wound","floor":3,"damage_taken":0},{"event_name":"Living Wall","player_choice":"Forget","floor":11,"damage_taken":0},{"event_name":"Cursed Tome","player_choice":"Obtained Book","floor":19,"damage_taken":0}],"boss_relics":[{"not_picked":["Orrery","Cursed Key"],"picked":"Question Card"}],"potions_floor_spawned":[2,13,14],"seed_played":"5836933303120639834","killed_by":"Snake Plant","ascension_level":0,"is_trial":false}