{"gold_per_floor":[112,124,124,124,142,142,158,158,184,184,19,49,71,158,170,256,268,292,354,379,410,422,434,466,478,490,120,120],"floor_reached":28,"playtime":1312,"items_purged":["Strike_B"],"score":414,"play_id":"589844d1-f533-4f4f-8deb-14f37673ada7","local_time":"20190204230856","is_ascension_mode":true,"campfire_choices":[{"data":"Zap","floor":6,"key":"SMITH"},{"floor":8,"key":"REST"},{"data":"Hologram","floor":10,"key":"SMITH"},{"floor":15,"key":"REST"},{"floor":23,"key":"REST"},{"floor":25,"key":"REST"}],"neow_cost":"NONE","seed_source_timestamp":288724186682595,"circlet_count":0,"master_deck":["AscendersBane","Strike_B","Defend_B","Defend_B","Defend_B","Defend_B","Zap+1","Dualcast","Reinforced Body","Chill","Compile Driver","Hologram+1","Echo Form","Core Surge","Reinforced Body","Core Surge","Loop","Chill+1","Steam Power+1","Self Repair","Coolheaded"],"relics":["Cracked Core","Regal Pillow","MawBank","Sozu","Pantograph","Mummified Hand"],"potions_floor_usage":[5,12,16,20],"damage_taken":[{"damage":15,"enemies":"2 Louse","floor":1,"turns":3},{"damage":2,"enemies":"Jaw Worm","floor":2,"turns":4},{"damage":0,"enemies":"Cultist","floor":5,"turns":4},{"damage":11,"enemies":"Looter","floor":7,"turns":3},{"damage":3,"enemies":"Lagavulin","floor":12,"turns":7},{"damage":27,"enemies":"Exordium Thugs","floor":13,"turns":5},{"damage":51,"enemies":"The Guardian","floor":16,"turns":10},{"damage":20,"enemies":"Shell Parasite","floor":18,"turns":6},{"damage":6,"enemies":"3 Byrds","floor":20,"turns":6},{"damage":23,"enemies":"Cultist and Chosen","floor":21,"turns":7},{"damage":23,"enemies":"Centurion and Healer","floor":24,"turns":17},{"damage":75,"enemies":"Slavers","floor":28,"turns":6}],"seed_played":"536545126026514850","potions_obtained":[{"floor":1,"key":"Dexterity Potion"},{"floor":2,"key":"Block Potion"},{"floor":13,"key":"FocusPotion"},{"floor":16,"key":"PowerPotion"}],"is_trial":false,"path_per_floor":["M","M","?","?","M","R","M","R","T","R","$","E","M","?","R","B",null,"M","?","M","M","?","R","M","R","T","$","E"],"character_chosen":"DEFECT","items_purchased":["Echo Form","Mummified Hand","Coolheaded"],"campfire_rested":4,"item_purchase_floors":[11,27,27],"current_hp_per_floor":[56,54,47,47,47,47,36,59,59,59,59,56,29,18,56,5,60,40,40,34,11,11,49,26,64,64,64,0],"gold":120,"neow_bonus":"TEN_PERCENT_HP_BONUS","is_prod":false,"is_daily":false,"chose_seed":false,"campfire_upgraded":2,"win_rate":0,"timestamp":1549314536,"path_taken":["M","M","?","?","M","R","M","R","T","R","$","E","M","?","R","BOSS","M","?","M","M","?","R","M","R","T","$","E"],"build_version":"2019-01-23","purchased_purges":1,"victory":false,"max_hp_per_floor":[78,78,78,78,78,78,78,78,78,78,78,78,78,78,78,78,78,78,78,78,78,78,78,78,78,78,78,78],"card_choices":[{"not_picked":["Auto Shields","Consume"],"picked":"Reinforced Body","floor":1},{"not_picked":["Barrage","White Noise"],"picked":"Chill","floor":2},{"not_picked":["Turbo","Heatsinks"],"picked":"Compile Driver","floor":5},{"not_picked":["Loop","Turbo"],"picked":"Hologram","floor":7},{"not_picked":["Beam Cell","Rebound"],"picked":"Core Surge","floor":12},{"not_picked":["Ball Lightning","Scrape"],"picked":"Reinforced Body","floor":13},{"not_picked":["Fission","Hyperbeam"],"picked":"Core Surge","floor":16},{"not_picked":["Turbo","Doom and Gloom"],"picked":"Loop","floor":18},{"not_picked":["Compile Driver","Melter"],"picked":"Chill+1","floor":20},{"not_picked":["Compile Driver","Barrage"],"picked":"Steam Power+1","floor":21},{"not_picked":["Hello World+1","Undo"],"picked":"Self Repair","floor":24}],"player_experience":714832,"relics_obtained":[{"floor":9,"key":"Regal Pillow"},{"floor":12,"key":"MawBank"},{"floor":26,"key":"Pantograph"}],"event_choices":[{"cards_removed":["Strike_B"],"damage_healed":0,"gold_gain":0,"player_choice":"Card Removal","damage_taken":7,"max_hp_gain":0,"max_hp_loss":0,"event_name":"Golden Wing","floor":3,"gold_loss":0},{"damage_healed":0,"gold_gain":0,"player_choice":"Fled","damage_taken":0,"max_hp_gain":0,"max_hp_loss":0,"event_name":"Scrap Ooze","floor":4,"gold_loss":0},{"damage_healed":0,"gold_gain":75,"player_choice":"Gather Gold","damage_taken":11,"max_hp_gain":0,"max_hp_loss":0,"event_name":"World of Goop","floor":14,"gold_loss":0},{"damage_healed":0,"gold_gain":50,"player_choice":"Stole From Cult","damage_taken":0,"max_hp_gain":0,"max_hp_loss":0,"event_name":"Nest","floor":19,"gold_loss":0},{"cards_removed":["Strike_B"],"damage_healed":0,"gold_gain":0,"player_choice":"Card Removal","damage_taken":0,"max_hp_gain":0,"max_hp_loss":0,"event_name":"Wheel of Change","floor":22,"gold_loss":0}],"is_beta":false,"boss_relics":[{"not_picked":["Lizard Tail","Inserter"],"picked":"Sozu"}],"items_purged_floors":[27],"is_endless":false,"potions_floor_spawned":[1,2,13,16,24],"killed_by":"Slavers","ascension_level":18}