{"path_per_floor":["M","?","$","?","M","R","M","M","T","M","M","M","M","$","R","B",null,"M","M","?","?","?","R","M","R","T","R","M","$","?","M","R"],"character_chosen":"THE_SILENT","items_purchased":["Torii","Singing Bowl"],"gold_per_floor":[119,119,119,294,314,314,332,343,343,354,365,384,399,29,29,124,124,143,163,163,163,163,163,181,181,181,181,191,43,43,53,53],"floor_reached":33,"campfire_rested":3,"playtime":1881,"current_hp_per_floor":[70,56,56,56,56,56,56,52,52,46,44,44,28,28,49,32,70,68,51,51,51,35,56,55,55,55,55,43,43,43,29,50],"items_purged":["Doubt"],"gold":53,"score":241,"play_id":"1e611dd5-6f8a-43a8-8815-491494c18105","local_time":"20180306053845","is_prod":false,"is_daily":false,"is_ascension_mode":false,"campfire_upgraded":3,"timestamp":1520327325,"path_taken":["M","?","$","?","M","R","?","M","T","?","M","M","M","$","R","BOSS","M","M","?","?","?","R","?","R","T","R","M","$","?","M","R","BOSS"],"build_version":"2018-03-01-PROD1","purchased_purges":2,"victory":false,"master_deck":["Defend_G+1","Defend_G+1","Defend_G+1","Defend_G+1","Defend_G+1","Strike_G+1","Strike_G+1","Strike_G+1","Strike_G+1","Strike_G+1","Survivor+1","Neutralize","Predator","Dagger Spray+1","Envenom","Blur","Deadly Poison","Caltrops+1","Corpse Explosion+1","Prepared+1","Caltrops","Necronomicurse","PiercingWail","Acrobatics"],"max_hp_per_floor":[70,70,70,70,70,70,70,70,70,70,70,70,70,70,70,70,70,70,70,70,70,70,70,70,70,70,70,70,70,70,72,72],"relics":["Ring of the Snake","Pen Nib","Torii","Snecko Eye","Necronomicon","Bag of Marbles","Singing Bowl"],"card_choices":[{"not_picked":["Calculated Gamble","Backflip"],"picked":"Predator"},{"not_picked":["PiercingWail","Deflect"],"picked":"Dagger Spray"},{"not_picked":["Deflect","Dagger Throw"],"picked":"Envenom"},{"not_picked":["Deflect","Choke"],"picked":"Blur"},{"not_picked":["Dagger Throw","Blade Dance"],"picked":"Deadly Poison"},{"not_picked":["Catalyst","Dagger Spray"],"picked":"Caltrops"},{"not_picked":["Bullet Time","Envenom"],"picked":"Corpse Explosion"},{"not_picked":["Dagger Spray","Deadly Poison"],"picked":"Prepared"},{"not_picked":["Sucker Punch","Expertise"],"picked":"PiercingWail"},{"not_picked":["Quick Slash","Slice"],"picked":"Acrobatics"}],"player_experience":123360,"potions_floor_usage":[10,16,16,18,24,24,24,33],"damage_taken":[{"damage":0,"enemies":"Jaw Worm","floor":1,"turns":6},{"damage":0,"enemies":"2 Louse","floor":5,"turns":2},{"damage":0,"enemies":"Small Slimes","floor":7,"turns":2},{"damage":4,"enemies":"Exordium Thugs","floor":8,"turns":5},{"damage":6,"enemies":"Gremlin Gang","floor":10,"turns":3},{"damage":2,"enemies":"Blue Slaver","floor":11,"turns":5},{"damage":0,"enemies":"2 Fungi Beasts","floor":12,"turns":2},{"damage":16,"enemies":"Lots of Slimes","floor":13,"turns":3},{"damage":17,"enemies":"Slime Boss","floor":16,"turns":11},{"damage":2,"enemies":"2 Thieves","floor":18,"turns":3},{"damage":17,"enemies":"Spheric Guardian","floor":19,"turns":5},{"damage":1,"enemies":"Chosen and Byrds","floor":24,"turns":3},{"damage":12,"enemies":"Sentry and Sphere","floor":28,"turns":4},{"damage":16,"enemies":"Snake Plant","floor":31,"turns":6},{"damage":50,"enemies":"Collector","floor":33,"turns":6}],"event_choices":[{"event_name":"Shining Light","player_choice":"Entered Light","floor":2,"damage_taken":0},{"event_name":"Liars Game","player_choice":"agreed","floor":4,"damage_taken":0},{"event_name":"Duplicator","player_choice":"One dupe","floor":20,"damage_taken":0},{"event_name":"The Lab","player_choice":"Got Potions","floor":21,"damage_taken":0},{"event_name":"Cursed Tome","player_choice":"Obtained Book","floor":22,"damage_taken":0},{"event_name":"Back to Basics","player_choice":"Simplicity","floor":30,"damage_taken":0}],"boss_relics":[{"not_picked":["White Beast Statue","Sozu"],"picked":"Snecko Eye"}],"potions_floor_spawned":[1,8,10,16,19,31],"seed_played":"3609341281516147242","killed_by":"Collector","ascension_level":0,"is_trial":false}