{"gold_per_floor":[116,116,137,137,160,203,203,239,239,239,253,253,269,284,284,413,413,429,429,429,854,872,872,905,923,949,962,475,123,139,139,139,264,264,279,239,239,254,529,529,529],"floor_reached":41,"playtime":3246,"items_purged":[],"score":597,"play_id":"697ccbcf-d7b8-4530-9420-beb41f378bf1","local_time":"20190208005955","is_ascension_mode":true,"campfire_choices":[{"floor":7.0,"key":"REST"},{"floor":10.0,"key":"REST"},{"data":"Noxious Fumes","floor":12.0,"key":"SMITH"},{"data":"Caltrops","floor":15.0,"key":"SMITH"},{"floor":23.0,"key":"REST"},{"data":"Footwork","floor":32,"key":"SMITH"},{"data":"Glass Knife","floor":40,"key":"SMITH"}],"neow_cost":"NONE","seed_source_timestamp":0,"circlet_count":0,"master_deck":["Defend_G+1","Defend_G+1","Defend_G","Defend_G+1","Defend_G","Survivor","Neutralize","Noxious Fumes+1","Caltrops+1","Deflect","Acrobatics","Blur","Backflip","Deadly Poison","Bane","Corpse Explosion","Prepared","RitualDagger","Bite","Bite+1","Bite","Bite","Bite","Backstab","Footwork+1","Dagger Throw","Blur+1","Dash","Glass Knife+1","Skewer+1","Crippling Poison"],"special_seed":0,"relics":["Ring of the Snake","Art of War","Golden Idol","Orichalcum","Matryoshka","Happy Flower","Strawberry","War Paint","Lizard Tail","Old Coin","Ornamental Fan","Oddly Smooth Stone","Centennial Puzzle","Regal Pillow","TheAbacus","Omamori","Vajra","Boot","Black Star"],"potions_floor_usage":[27,33,35,41,41],"damage_taken":[{"damage":5.0,"enemies":"Jaw Worm","floor":1.0,"turns":6.0},{"damage":1.0,"enemies":"Small Slimes","floor":3.0,"turns":4.0},{"damage":0.0,"enemies":"2 Louse","floor":5.0,"turns":4.0},{"damage":11.0,"enemies":"Lagavulin","floor":6.0,"turns":7.0},{"damage":36.0,"enemies":"Gremlin Nob","floor":8.0,"turns":6.0},{"damage":0.0,"enemies":"2 Fungi Beasts","floor":11.0,"turns":5.0},{"damage":0.0,"enemies":"Blue Slaver","floor":13.0,"turns":4.0},{"damage":3.0,"enemies":"Exordium Thugs","floor":14.0,"turns":4.0},{"damage":18.0,"enemies":"The Guardian","floor":16.0,"turns":10.0},{"damage":5.0,"enemies":"Spheric Guardian","floor":18.0,"turns":5.0},{"damage":31.0,"enemies":"Colosseum Slavers","floor":21.0,"turns":7.0},{"damage":27.0,"enemies":"Colosseum Nobs","floor":21.0,"turns":5.0},{"damage":0.0,"enemies":"Shell Parasite","floor":22.0,"turns":5.0},{"damage":31.0,"enemies":"Slavers","floor":24.0,"turns":6.0},{"damage":20,"enemies":"3 Cultists","floor":25,"turns":5},{"damage":5,"enemies":"Snake Plant","floor":27,"turns":5},{"damage":0,"enemies":"Chosen and Byrds","floor":30,"turns":7},{"damage":4,"enemies":"Champ","floor":33,"turns":16},{"damage":10,"enemies":"Orb Walker","floor":35,"turns":6},{"damage":10,"enemies":"3 Darklings","floor":38,"turns":3},{"damage":47,"enemies":"Giant Head","floor":41,"turns":10}],"seed_played":"3115144332114519674","potions_obtained":[{"floor":1.0,"key":"Strength Potion"},{"floor":5.0,"key":"Fire Potion"},{"floor":13.0,"key":"Explosive Potion"},{"floor":14.0,"key":"EssenceOfSteel"},{"floor":18.0,"key":"GamblersBrew"},{"floor":22.0,"key":"AttackPotion"},{"floor":25,"key":"PowerPotion"},{"floor":38,"key":"Dexterity Potion"}],"is_trial":false,"path_per_floor":["M","?","M","?","M","E","R","E","T","R","M","R","M","M","R","B",null,"M","?","?","?","M","R","E","M","T","M","$","$","M","?","R","B",null,"M","?","$","M","?","R","E"],"character_chosen":"THE_SILENT","items_purchased":["TheAbacus","Omamori","Regen Potion","GhostInAJar","Vajra","Boot","SpeedPotion"],"campfire_rested":3,"item_purchase_floors":[28,28,28,28,29,29,29],"current_hp_per_floor":[58,58,57,50,50,39,58,22,29,50,50,50,50,47,47,29,61,56,50,50,20,28,43,16,4,4,27,27,27,35,35,35,50,50,43,43,43,36,36,36,0],"gold":529,"neow_bonus":"RANDOM_COMMON_RELIC","is_prod":false,"is_daily":false,"chose_seed":false,"campfire_upgraded":4,"win_rate":0,"timestamp":1549583995,"path_taken":["M","?","M","?","M","E","R","E","T","R","M","R","M","M","R","BOSS","M","?","?","?","M","R","E","M","T","M","?","$","?","?","R","BOSS","M","?","?","?","?","R","E"],"build_version":"2019-01-23","purchased_purges":0,"victory":false,"max_hp_per_floor":[70,65,65,65,65,65,65,65,72,72,72,72,72,72,72,72,72,72,72,50,50,50,50,50,50,50,50,50,50,50,50,50,50,50,50,50,50,50,50,50,50],"card_choices":[{"not_picked":["Underhanded Strike","Heel Hook"],"picked":"Noxious Fumes","floor":1.0},{"not_picked":["Concentrate","Slice"],"picked":"Caltrops","floor":3.0},{"not_picked":["Underhanded Strike","Poisoned Stab"],"picked":"Deflect","floor":5.0},{"not_picked":["Heel Hook","Calculated Gamble"],"picked":"Acrobatics","floor":6.0},{"not_picked":["Venomology","Escape Plan"],"picked":"Blur","floor":8.0},{"not_picked":["Well Laid Plans","Bane"],"picked":"Backflip","floor":11.0},{"not_picked":["Skewer","Outmaneuver"],"picked":"Deadly Poison","floor":13.0},{"not_picked":["Deadly Poison","Masterful Stab"],"picked":"Bane","floor":14.0},{"not_picked":["Adrenaline","Wraith Form v2"],"picked":"Corpse Explosion","floor":16.0},{"not_picked":["Setup","PiercingWail"],"picked":"Prepared","floor":18.0},{"not_picked":["Dagger Spray","Quick Slash"],"picked":"Backstab","floor":21.0},{"not_picked":["Storm of Steel","Blade Dance"],"picked":"Footwork","floor":22.0},{"not_picked":["Underhanded Strike+1","Heel Hook"],"picked":"Dagger Throw","floor":24.0},{"not_picked":["Footwork","Backstab"],"picked":"Blur+1","floor":25},{"not_picked":["Quick Slash","Masterful Stab+1","Dagger Throw"],"picked":"SKIP","floor":27},{"not_picked":["Outmaneuver+1","PiercingWail"],"picked":"Dash","floor":30},{"not_picked":["Grand Finale","Wraith Form v2"],"picked":"Glass Knife","floor":33},{"not_picked":["Deadly Poison","Masterful Stab+1"],"picked":"Skewer+1","floor":35},{"not_picked":["Dash","Heel Hook"],"picked":"Crippling Poison","floor":38}],"player_experience":423836,"relics_obtained":[{"floor":6.0,"key":"Matryoshka"},{"floor":8.0,"key":"Happy Flower"},{"floor":9.0,"key":"Strawberry"},{"floor":9.0,"key":"War Paint"},{"floor":21.0,"key":"Old Coin"},{"floor":21.0,"key":"Ornamental Fan"},{"floor":24.0,"key":"Oddly Smooth Stone"},{"floor":26,"key":"Centennial Puzzle"},{"floor":26,"key":"Regal Pillow"}],"event_choices":[{"damage_healed":0.0,"max_hp_gain":0.0,"max_hp_loss":5.0,"gold_gain":0.0,"event_name":"Golden Idol","player_choice":"Lose Max HP","floor":2.0,"gold_loss":0.0,"damage_taken":0.0,"relics_obtained":["Golden Idol"]},{"damage_healed":0.0,"max_hp_gain":0.0,"max_hp_loss":0.0,"gold_gain":0.0,"event_name":"Scrap Ooze","player_choice":"Success","floor":4.0,"gold_loss":0.0,"damage_taken":7.0,"relics_obtained":["Orichalcum"]},{"damage_healed":0.0,"max_hp_gain":0.0,"max_hp_loss":0.0,"gold_gain":0.0,"event_name":"Nest","player_choice":"Joined the Cult","floor":19.0,"gold_loss":0.0,"damage_taken":6.0,"cards_obtained":["RitualDagger"]},{"damage_healed":0.0,"max_hp_gain":0.0,"max_hp_loss":22.0,"gold_gain":0.0,"event_name":"Vampires","player_choice":"Became a vampire","floor":20.0,"gold_loss":0.0,"damage_taken":0.0,"cards_obtained":["Bite","Bite","Bite","Bite","Bite"]},{"damage_healed":0.0,"max_hp_gain":0.0,"max_hp_loss":0.0,"gold_gain":0.0,"event_name":"Colosseum","player_choice":"Fight","floor":21.0,"gold_loss":0.0,"damage_taken":0.0},{"damage_healed":0.0,"max_hp_gain":0.0,"max_hp_loss":0.0,"gold_gain":0.0,"event_name":"Colosseum","player_choice":"Fought Nobs","floor":21.0,"gold_loss":0.0,"damage_taken":0.0},{"damage_healed":0,"gold_gain":0,"player_choice":"Bought 0 Potions","damage_taken":0,"max_hp_gain":0,"max_hp_loss":0,"event_name":"The Woman in Blue","floor":31,"gold_loss":0},{"damage_healed":0,"gold_gain":0,"player_choice":"Upgraded Two","damage_taken":0,"max_hp_gain":0,"max_hp_loss":0,"event_name":"Designer","floor":36,"gold_loss":40,"cards_upgraded":["Bite","Defend_G"]},{"damage_healed":0,"gold_gain":275,"player_choice":"Desecrate","damage_taken":0,"max_hp_gain":0,"max_hp_loss":0,"event_name":"Golden Shrine","floor":39,"gold_loss":0,"cards_obtained":["Regret"]}],"is_beta":false,"boss_relics":[{"not_picked":["Runic Dome","Astrolabe"],"picked":"Lizard Tail"},{"not_picked":["Pandora\u0027s Box","Sozu"],"picked":"Black Star"}],"items_purged_floors":[],"is_endless":false,"potions_floor_spawned":[1,5,13,14,18,21,22,25,30,38],"killed_by":"Giant Head","ascension_level":6}