{"gold_per_floor":[114,132,207,207,223,254,254,254,325,27,38,38,38,52,52,52],"floor_reached":16,"playtime":396,"items_purged":["Normality"],"score":200,"play_id":"4a20606c-16ba-4878-a15a-9ffe93952d38","local_time":"20181118175108","is_ascension_mode":true,"campfire_choices":[{"data":"Defragment","floor":8.0,"key":"SMITH"},{"floor":13.0,"key":"REST"},{"data":"Biased Cognition","floor":15.0,"key":"SMITH"}],"neow_cost":"CURSE","seed_source_timestamp":24181611629337,"circlet_count":0,"master_deck":["AscendersBane","Strike_B","Strike_B","Strike_B","Strike_B","Defend_B+1","Defend_B","Defend_B","Defend_B","Zap+1","Dualcast","Biased Cognition+1","Conserve Battery","Defragment+1","Loop","Rebound","Decay","Ball Lightning"],"special_seed":0,"relics":["Cracked Core","Bronze Scales","Matryoshka","ClockworkSouvenir"],"potions_floor_usage":[16],"damage_taken":[{"damage":1.0,"enemies":"2 Louse","floor":1.0,"turns":2.0},{"damage":7.0,"enemies":"Small Slimes","floor":2.0,"turns":3.0},{"damage":6.0,"enemies":"Cultist","floor":5.0,"turns":4.0},{"damage":15.0,"enemies":"Lagavulin","floor":6.0,"turns":7.0},{"damage":1.0,"enemies":"Looter","floor":11.0,"turns":3.0},{"damage":26.0,"enemies":"Exordium Thugs","floor":14.0,"turns":4.0},{"damage":26,"enemies":"The Guardian","floor":16,"turns":2}],"seed_played":"-8364278559489129373","potions_obtained":[{"floor":11.0,"key":"Ancient Potion"},{"floor":14.0,"key":"SpeedPotion"}],"is_trial":false,"path_per_floor":["M","M","?","?","M","E","?","R","T","$","M","?","R","M","R","B"],"character_chosen":"DEFECT","items_purchased":["ClockworkSouvenir"],"campfire_rested":1,"item_purchase_floors":[10],"current_hp_per_floor":[63,56,45,24,18,3,26,26,26,26,25,25,46,20,20,0],"gold":52,"neow_bonus":"THREE_RARE_CARDS","is_prod":false,"is_daily":false,"chose_seed":false,"campfire_upgraded":2,"win_rate":0,"timestamp":1542559868,"path_taken":["M","M","?","?","M","E","?","R","T","$","M","?","R","M","R","BOSS"],"build_version":"2018-11-15","purchased_purges":1,"victory":false,"max_hp_per_floor":[71,71,71,71,71,71,71,71,71,71,71,71,71,71,71,71],"card_choices":[{"not_picked":["Creative AI","Machine Learning"],"picked":"Biased Cognition","floor":0.0},{"not_picked":["Compile Driver","Go for the Eyes"],"picked":"Conserve Battery","floor":1.0},{"not_picked":["Stack","Streamline","Double Energy"],"picked":"SKIP","floor":2.0},{"not_picked":["Blizzard","Rebound"],"picked":"Defragment","floor":5.0},{"not_picked":["Aggregate","Gash"],"picked":"Loop","floor":6.0},{"not_picked":["Creative AI","Sunder"],"picked":"Rebound","floor":11.0},{"not_picked":["Defragment","Barrage"],"picked":"Ball Lightning","floor":14.0}],"player_experience":808642,"relics_obtained":[{"floor":6.0,"key":"Bronze Scales"},{"floor":9.0,"key":"Matryoshka"}],"event_choices":[{"damage_healed":0.0,"max_hp_gain":0.0,"max_hp_loss":0.0,"gold_gain":75.0,"event_name":"World of Goop","player_choice":"Gather Gold","floor":3.0,"gold_loss":0.0,"damage_taken":11.0},{"damage_healed":0.0,"max_hp_gain":0.0,"max_hp_loss":0.0,"gold_gain":0.0,"event_name":"Shining Light","player_choice":"Entered Light","floor":4.0,"gold_loss":0.0,"damage_taken":21.0,"cards_upgraded":["Zap","Defend_B"]},{"damage_healed":23.0,"max_hp_gain":0.0,"max_hp_loss":0.0,"gold_gain":0.0,"event_name":"Big Fish","player_choice":"Banana","floor":7.0,"gold_loss":0.0,"damage_taken":0.0},{"damage_healed":0.0,"max_hp_gain":0.0,"max_hp_loss":0.0,"gold_gain":0.0,"event_name":"Wheel of Change","player_choice":"Cursed","floor":12.0,"gold_loss":0.0,"damage_taken":0.0,"cards_obtained":["Decay"]}],"is_beta":true,"boss_relics":[],"items_purged_floors":[10],"is_endless":false,"potions_floor_spawned":[11,14],"killed_by":"The Guardian","ascension_level":20}