{"gold_per_floor":[114,114,114,114,134,464,464,144,144,94,123,123,137,154,154,257,257,274,274,274,122,122,133,162,162,162,162,196,196,196,295,295,295],"floor_reached":33,"playtime":951,"items_purged":["Strike_B"],"score":421,"play_id":"55c7c6db-b14a-4d72-b2ca-f4008a795ee3","local_time":"20181103063905","is_ascension_mode":true,"campfire_choices":[{"data":"Zap","floor":7.0,"key":"SMITH"},{"floor":15.0,"key":"REST"},{"data":"Static Discharge","floor":25,"key":"SMITH"},{"data":"Electrodynamics","floor":27,"key":"SMITH"},{"data":"Buffer","floor":29,"key":"SMITH"},{"data":"Dualcast","floor":32,"key":"SMITH"}],"neow_cost":"NONE","seed_source_timestamp":11931689788627,"circlet_count":0,"master_deck":["Defend_B","Defend_B","Defend_B","Zap+1","Dualcast+1","Go for the Eyes","Beam Cell","Electrodynamics+1","FTL","Lockon+1","Seek+1","Multi-Cast+1","Self Repair+1","Double Energy+1","Leap+1","Reinforced Body+1","Glacier+1","Static Discharge+1","Conserve Battery+1","Buffer+1"],"special_seed":0,"relics":["Cracked Core","NeowsBlessing","Gremlin Horn","Juzu Bracelet","Old Coin","Toxic Egg 2","Mummified Hand","Cables","Nloth\u0027s Gift","Bag of Marbles","Art of War","Nunchaku","Molten Egg 2"],"potions_floor_usage":[33],"damage_taken":[{"damage":0.0,"enemies":"Jaw Worm","floor":1.0,"turns":1.0},{"damage":0.0,"enemies":"Small Slimes","floor":5.0,"turns":1.0},{"damage":0.0,"enemies":"Gremlin Nob","floor":6.0,"turns":1.0},{"damage":32.0,"enemies":"Lagavulin","floor":11.0,"turns":7.0},{"damage":0.0,"enemies":"Cultist","floor":13.0,"turns":2.0},{"damage":8.0,"enemies":"Blue Slaver","floor":14.0,"turns":2.0},{"damage":37.0,"enemies":"Hexaghost","floor":16.0,"turns":6.0},{"damage":0.0,"enemies":"3 Byrds","floor":18.0,"turns":2.0},{"damage":17.0,"enemies":"2 Thieves","floor":23.0,"turns":2.0},{"damage":8,"enemies":"Slavers","floor":24,"turns":4},{"damage":2,"enemies":"Gremlin Leader","floor":28,"turns":4},{"damage":53,"enemies":"Champ","floor":33,"turns":13}],"seed_played":"5378791406747137428","potions_obtained":[{"floor":5.0,"key":"SpeedPotion"},{"floor":13.0,"key":"Strength Potion"},{"floor":14.0,"key":"LiquidBronze"},{"floor":23.0,"key":"Explosive Potion"},{"floor":24,"key":"LiquidBronze"}],"is_trial":false,"path_per_floor":["M","?","?","?","M","E","R","$","T","?","E","?","M","M","R","B",null,"M","?","?","$","T","M","E","R","T","R","E","R","?","?","R","B"],"character_chosen":"DEFECT","items_purchased":["Toxic Egg 2","Glacier+1","Static Discharge"],"campfire_rested":1,"item_purchase_floors":[8,21,21],"current_hp_per_floor":[68,56,61,61,61,61,61,61,61,61,29,29,29,21,45,8,62,62,62,62,62,62,55,57,57,57,57,65,65,50,50,50,0],"gold":295,"neow_bonus":"THREE_ENEMY_KILL","is_prod":false,"is_daily":false,"chose_seed":false,"campfire_upgraded":5,"win_rate":0,"timestamp":1541241545,"path_taken":["M","?","?","?","M","E","R","$","T","?","E","?","M","M","R","BOSS","M","?","?","$","?","M","E","R","T","R","E","R","?","?","R","BOSS"],"build_version":"2018-11-01","purchased_purges":1,"victory":false,"max_hp_per_floor":[75,75,80,80,80,80,80,80,80,80,80,80,80,80,80,80,80,80,80,80,80,80,80,80,80,80,80,80,80,85,85,85,85],"card_choices":[{"not_picked":["Barrage","Cold Snap"],"picked":"Go for the Eyes","floor":1.0},{"not_picked":["Streamline","Rebound"],"picked":"Beam Cell","floor":5.0},{"not_picked":["Beam Cell","Leap"],"picked":"Electrodynamics","floor":6.0},{"not_picked":["Coolheaded+1","Redo+1"],"picked":"FTL","floor":11.0},{"not_picked":["Redo+1","Heatsinks"],"picked":"Lockon","floor":13.0},{"not_picked":["Streamline","Beam Cell"],"picked":"Seek+1","floor":14.0},{"not_picked":["Creative AI","Core Surge"],"picked":"Multi-Cast+1","floor":16.0},{"not_picked":["FTL+1","Auto Shields+1"],"picked":"Reinforced Body+1","floor":18.0},{"not_picked":["Cold Snap","Go for the Eyes"],"picked":"Conserve Battery+1","floor":23.0},{"not_picked":["All For One","Leap+1"],"picked":"Buffer","floor":24},{"not_picked":["Go for the Eyes+1","Biased Cognition","Cold Snap+1"],"picked":"SKIP","floor":28}],"player_experience":404751,"relics_obtained":[{"floor":4.0,"key":"Juzu Bracelet"},{"floor":6.0,"key":"Old Coin"},{"floor":9.0,"key":"Mummified Hand"},{"floor":11.0,"key":"Cables"},{"floor":22.0,"key":"Bag of Marbles"},{"floor":24,"key":"Art of War"},{"floor":26,"key":"Nunchaku"},{"floor":28,"key":"Molten Egg 2"}],"event_choices":[{"damage_healed":0.0,"max_hp_gain":0.0,"max_hp_loss":0.0,"gold_gain":0.0,"event_name":"Scrap Ooze","player_choice":"Success","floor":2.0,"gold_loss":0.0,"damage_taken":12.0,"relics_obtained":["Gremlin Horn"]},{"damage_healed":0.0,"max_hp_gain":5.0,"max_hp_loss":0.0,"gold_gain":0.0,"event_name":"Big Fish","player_choice":"Donut","floor":3.0,"gold_loss":0.0,"damage_taken":0.0},{"damage_healed":0.0,"max_hp_gain":0.0,"max_hp_loss":0.0,"gold_gain":0.0,"event_name":"Wheel of Change","player_choice":"Relic","floor":4.0,"gold_loss":0.0,"damage_taken":0.0},{"cards_removed":["Strike_B"],"damage_healed":0.0,"max_hp_gain":0.0,"max_hp_loss":0.0,"gold_gain":0.0,"event_name":"The Cleric","player_choice":"Card Removal","floor":10.0,"gold_loss":50.0,"damage_taken":0.0},{"damage_healed":0.0,"max_hp_gain":0.0,"max_hp_loss":0.0,"gold_gain":0.0,"event_name":"Liars Game","player_choice":"Ignored","floor":12.0,"gold_loss":0.0,"damage_taken":0.0},{"damage_healed":0.0,"max_hp_gain":0.0,"max_hp_loss":0.0,"gold_gain":0.0,"event_name":"Upgrade Shrine","player_choice":"Upgraded","floor":19.0,"gold_loss":0.0,"damage_taken":0.0,"cards_upgraded":["Lockon"]},{"damage_healed":0.0,"max_hp_gain":0.0,"max_hp_loss":0.0,"gold_gain":0.0,"event_name":"N\u0027loth","player_choice":"Traded Relic","floor":20.0,"relics_lost":["Astrolabe"],"gold_loss":0.0,"damage_taken":0.0,"relics_obtained":["Nloth\u0027s Gift"]},{"damage_healed":0,"gold_gain":0,"player_choice":"Shed Blood","damage_taken":20,"max_hp_gain":5,"max_hp_loss":0,"event_name":"Forgotten Altar","floor":30,"gold_loss":0},{"damage_healed":0,"gold_gain":99,"player_choice":"Stole From Cult","damage_taken":0,"max_hp_gain":0,"max_hp_loss":0,"event_name":"Nest","floor":31,"gold_loss":0}],"is_beta":false,"boss_relics":[{"not_picked":["Ectoplasm","Fusion Hammer"],"picked":"Astrolabe"}],"items_purged_floors":[8],"is_endless":false,"potions_floor_spawned":[5,13,14,23,24],"killed_by":"Champ","ascension_level":7}