{"gold_per_floor":[112,64,64,28,98,129,129,129,129,129,161,161,173,190,190,287,287,273,284,2,2,21,47,47,67,67,157,157,175,274,170,170,170],"floor_reached":33,"playtime":1145,"items_purged":["Regret"],"score":271,"play_id":"038ba632-07ac-4d13-a34b-b28905491591","local_time":"20190128030636","is_ascension_mode":false,"campfire_choices":[{"floor":10,"key":"REST"},{"floor":12,"key":"REST"},{"data":"Inflame","floor":15,"key":"SMITH"},{"floor":24,"key":"REST"},{"floor":28,"key":"REST"},{"floor":32,"key":"REST"}],"neow_cost":"PERCENT_DAMAGE","seed_source_timestamp":288379892831895,"circlet_count":0,"master_deck":["Strike_R+1","Strike_R+1","Strike_R+1","Strike_R+1","Strike_R+1","Defend_R+1","Defend_R+1","Defend_R+1","Defend_R+1","Bash","Clothesline","Cleave","Inflame+1","Whirlwind+1","Parasite","Thunderclap+1","Limit Break","Seeing Red","Feed","Flame Barrier","Exhume","Shrug It Off","Demon Form","Shrug It Off+1","Power Through","Seeing Red","Burning Pact"],"relics":["Burning Blood","Torii","Letter Opener","Dead Branch","Pear","Darkstone Periapt","Mercury Hourglass","Black Star","Meat on the Bone","Whetstone"],"potions_floor_usage":[16,16,19,19,22,29],"damage_taken":[{"damage":6,"enemies":"Cultist","floor":1,"turns":3},{"damage":51,"enemies":"Gremlin Nob","floor":6,"turns":6},{"damage":44,"enemies":"Lagavulin","floor":11,"turns":8},{"damage":2,"enemies":"Jaw Worm","floor":13,"turns":3},{"damage":0,"enemies":"Small Slimes","floor":14,"turns":2},{"damage":41,"enemies":"The Guardian","floor":16,"turns":11},{"damage":33,"enemies":"2 Thieves","floor":18,"turns":4},{"damage":17,"enemies":"3 Byrds","floor":19,"turns":3},{"damage":2,"enemies":"Snake Plant","floor":22,"turns":5},{"damage":36,"enemies":"Gremlin Leader","floor":23,"turns":6},{"damage":18,"enemies":"Cultist and Chosen","floor":25,"turns":5},{"damage":10,"enemies":"Chosen and Byrds","floor":29,"turns":8},{"damage":88,"enemies":"Automaton","floor":33,"turns":10}],"seed_played":"-3275232513208738385","potions_obtained":[{"floor":13,"key":"EssenceOfSteel"},{"floor":14,"key":"Fire Potion"},{"floor":16,"key":"GamblersBrew"},{"floor":18,"key":"Fire Potion"},{"floor":19,"key":"Weak Potion"},{"floor":25,"key":"Poison Potion"}],"is_trial":false,"path_per_floor":["M","$","?","$","?","E","?","T","T","R","E","R","M","M","R","B",null,"M","M","$","?","M","E","R","M","T","?","R","M","?","$","R","B"],"character_chosen":"IRONCLAD","items_purchased":["Cleave","Inflame","Exhume","Shrug It Off","Seeing Red","Burning Pact"],"campfire_rested":5,"item_purchase_floors":[2,4,20,20,31,31],"current_hp_per_floor":[56,56,56,56,56,11,31,41,41,68,30,57,61,67,67,32,90,63,52,52,52,56,26,53,53,53,35,62,61,61,61,88,0],"gold":170,"neow_bonus":"ONE_RARE_RELIC","is_prod":false,"is_daily":false,"chose_seed":false,"campfire_upgraded":1,"win_rate":0,"timestamp":1548657396,"path_taken":["M","?","?","$","?","E","?","?","T","R","E","R","?","M","R","BOSS","M","M","$","?","M","E","R","M","T","?","R","?","?","$","R","BOSS"],"build_version":"2019-01-23","purchased_purges":1,"victory":false,"max_hp_per_floor":[80,80,80,80,80,80,80,90,90,90,90,90,90,90,90,90,90,90,90,90,90,90,90,90,90,90,90,90,93,93,93,93,93],"card_choices":[{"not_picked":["Iron Wave","Wild Strike"],"picked":"Clothesline","floor":1},{"not_picked":["Dual Wield","Dropkick"],"picked":"Whirlwind","floor":6},{"not_picked":["Metallicize","Battle Trance"],"picked":"Thunderclap","floor":11},{"not_picked":["Battle Trance","Infernal Blade"],"picked":"Limit Break","floor":13},{"not_picked":["Body Slam","Ghostly Armor"],"picked":"Seeing Red","floor":14},{"not_picked":["Dark Embrace","Offering"],"picked":"Feed","floor":16},{"not_picked":["Twin Strike+1","Flex","Blood for Blood+1"],"picked":"SKIP","floor":18},{"not_picked":["Wild Strike","Clash"],"picked":"Flame Barrier","floor":19},{"not_picked":["Combust","Flex+1"],"picked":"Demon Form","floor":22},{"not_picked":["Iron Wave","Seeing Red"],"picked":"Shrug It Off+1","floor":23},{"not_picked":["Thunderclap","Flex","Twin Strike"],"picked":"SKIP","floor":25},{"not_picked":["Reckless Charge","Armaments"],"picked":"Power Through","floor":29}],"player_experience":614187,"relics_obtained":[{"floor":6,"key":"Dead Branch"},{"floor":8,"key":"Pear"},{"floor":9,"key":"Darkstone Periapt"},{"floor":11,"key":"Mercury Hourglass"},{"floor":23,"key":"Meat on the Bone"},{"floor":23,"key":"Whetstone"}],"event_choices":[{"damage_healed":0,"gold_gain":0,"player_choice":"Box","damage_taken":0,"relics_obtained":["Letter Opener"],"max_hp_gain":0,"max_hp_loss":0,"event_name":"Big Fish","floor":3,"gold_loss":0,"cards_obtained":["Regret"]},{"damage_healed":0,"gold_gain":70,"player_choice":"Gained Gold","damage_taken":0,"max_hp_gain":0,"max_hp_loss":0,"event_name":"Golden Wing","floor":5,"gold_loss":0},{"damage_healed":20,"gold_gain":0,"player_choice":"Healed and dodged fight","damage_taken":0,"max_hp_gain":0,"max_hp_loss":0,"event_name":"Mushrooms","floor":7,"gold_loss":0,"cards_obtained":["Parasite"]},{"damage_healed":0,"gold_gain":0,"player_choice":"Simplicity","damage_taken":0,"max_hp_gain":0,"max_hp_loss":0,"event_name":"Back to Basics","floor":21,"gold_loss":0,"cards_upgraded":["Strike_R","Strike_R","Strike_R","Strike_R","Strike_R","Defend_R","Defend_R","Defend_R","Defend_R"]},{"damage_healed":0,"gold_gain":90,"player_choice":"GOLD ","damage_taken":18,"max_hp_gain":0,"max_hp_loss":0,"event_name":"Knowing Skull","floor":27,"potions_obtained":[],"gold_loss":0,"cards_obtained":[]},{"damage_healed":0,"gold_gain":99,"player_choice":"Stole From Cult","damage_taken":0,"max_hp_gain":0,"max_hp_loss":0,"event_name":"Nest","floor":30,"gold_loss":0}],"is_beta":true,"boss_relics":[{"not_picked":["Snecko Eye","Philosopher\u0027s Stone"],"picked":"Black Star"}],"items_purged_floors":[20],"is_endless":false,"potions_floor_spawned":[13,14,16,18,19,25],"killed_by":"Automaton","ascension_level":0}