{"gold_per_floor":[119,139,314,327,340,340,117,127,151,162,162,179,10,23,23,128,128,146,146,132,132,132,132,147,147,172,182,182,210,19,38,38,141,141,152,152,165,176,176,176,196,42,69,86,86,139,0,0,0,0],"floor_reached":51,"playtime":4601,"items_purged":["Doubt"],"score":911,"play_id":"7f739317-78e4-4d38-a653-4d89258adbeb","local_time":"20190224185406","is_ascension_mode":true,"campfire_choices":[{"data":"Bullet Time","floor":6.0,"key":"SMITH"},{"floor":11.0,"key":"REST"},{"data":"Mayhem","floor":15.0,"key":"SMITH"},{"data":"Infinite Blades","floor":23.0,"key":"SMITH"},{"floor":28.0,"key":"REST"},{"floor":32.0,"key":"REST"},{"floor":40.0,"key":"REST"},{"floor":45.0,"key":"REST"},{"data":"1","floor":49.0,"key":"LIFT"}],"neow_cost":"NONE","seed_source_timestamp":0,"circlet_count":0,"master_deck":["Defend_G","Defend_G","Defend_G","Defend_G","Defend_G","Strike_G","Strike_G","Strike_G","Strike_G","Strike_G","Survivor","Neutralize","Bullet Time+1","Finisher","Dagger Throw","Infinite Blades+1","Escape Plan","Venomology","Accuracy","Mayhem+1","Blade Dance","After Image","Flying Knee","Prepared","Calculated Gamble+1","Malaise","Cloak And Dagger+1","Adrenaline","Deflect","Backstab+1","Well Laid Plans+1","Doppelganger","Sucker Punch+1","Sucker Punch+1","Trip","Good Instincts"],"special_seed":0,"relics":["Ring of the Snake","Omamori","Oddly Smooth Stone","Eternal Feather","Kunai","Pen Nib","Juzu Bracelet","Lee\u0027s Waffle","Philosopher\u0027s Stone","Blood Vial","Anchor","Girya","Red Mask"],"potions_floor_usage":[50],"damage_taken":[{"damage":1.0,"enemies":"Small Slimes","floor":1.0,"turns":5.0},{"damage":5.0,"enemies":"Cultist","floor":2.0,"turns":4.0},{"damage":11.0,"enemies":"Jaw Worm","floor":4.0,"turns":6.0},{"damage":20.0,"enemies":"Large Slime","floor":5.0,"turns":9.0},{"damage":1.0,"enemies":"3 Louse","floor":8.0,"turns":2.0},{"damage":2.0,"enemies":"Looter","floor":10.0,"turns":3.0},{"damage":3.0,"enemies":"Blue Slaver","floor":12.0,"turns":5.0},{"damage":0.0,"enemies":"Red Slaver","floor":14.0,"turns":2.0},{"damage":16.0,"enemies":"Hexaghost","floor":16.0,"turns":8.0},{"damage":4.0,"enemies":"Chosen","floor":18.0,"turns":7.0},{"damage":22.0,"enemies":"2 Thieves","floor":20.0,"turns":4.0},{"damage":11.0,"enemies":"Centurion and Healer","floor":24.0,"turns":5.0},{"damage":16.0,"enemies":"Cultist and Chosen","floor":27.0,"turns":8.0},{"damage":52.0,"enemies":"Book of Stabbing","floor":29.0,"turns":7.0},{"damage":72.0,"enemies":"Chosen and Byrds","floor":31.0,"turns":10.0},{"damage":21.0,"enemies":"Automaton","floor":33.0,"turns":12.0},{"damage":28.0,"enemies":"3 Darklings","floor":35.0,"turns":9.0},{"damage":10.0,"enemies":"3 Shapes","floor":37.0,"turns":6.0},{"damage":0.0,"enemies":"Spire Growth","floor":38.0,"turns":7.0},{"damage":45.0,"enemies":"3 Darklings","floor":41.0,"turns":6.0},{"damage":0.0,"enemies":"Sphere and 2 Shapes","floor":44.0,"turns":8.0},{"damage":7.0,"enemies":"2 Orb Walkers","floor":46.0,"turns":6.0},{"damage":63,"enemies":"Time Eater","floor":50,"turns":15}],"seed_played":"-5008135588443415120","potions_obtained":[{"floor":2.0,"key":"Dexterity Potion"},{"floor":4.0,"key":"FearPotion"},{"floor":14.0,"key":"SpeedPotion"},{"floor":16.0,"key":"Poison Potion"},{"floor":20.0,"key":"Fire Potion"},{"floor":29.0,"key":"FearPotion"},{"floor":31.0,"key":"Weak Potion"},{"floor":33.0,"key":"Ancient Potion"},{"floor":37.0,"key":"Weak Potion"},{"floor":38.0,"key":"PowerPotion"}],"is_trial":false,"path_per_floor":["M","M","?","M","M","R","$","M","T","M","R","M","$","M","R","B",null,"M","?","M","T","?","R","M","?","T","M","R","E","$","M","R","B",null,"M","$","M","M","?","R","M","$","T","M","R","?","?","?","R","B",null],"character_chosen":"THE_SILENT","items_purchased":["Omamori","Mayhem","Lee\u0027s Waffle","Blood Vial"],"campfire_rested":5,"item_purchase_floors":[7,13,30,42],"current_hp_per_floor":[62,57,57,46,26,26,26,25,25,23,44,41,41,41,41,25,59,55,60,38,38,38,50,39,39,39,23,59,7,77,5,43,22,63,35,35,25,25,25,66,21,21,21,23,64,59,59,54,75,14],"gold":0,"neow_bonus":"ONE_RANDOM_RARE_CARD","is_prod":false,"is_daily":false,"chose_seed":false,"campfire_upgraded":3,"win_rate":0,"timestamp":1551030846,"path_taken":["M","M","?","M","M","R","$","M","T","M","R","M","$","M","R","BOSS","M","?","?","?","?","R","?","?","T","M","R","E","$","M","R","BOSS","M","$","M","M","?","R","M","$","T","M","R","?","?","?","R","BOSS"],"build_version":"2019-01-23","purchased_purges":1,"victory":true,"max_hp_per_floor":[70,70,70,70,70,70,70,70,70,70,70,70,70,70,70,70,70,70,70,70,70,70,70,70,70,70,70,70,70,77,77,77,77,77,77,77,77,77,77,77,77,77,77,77,77,77,77,77,77,77],"card_choices":[{"not_picked":["Prepared","Bane"],"picked":"Finisher","floor":1.0},{"not_picked":["Backflip","Outmaneuver"],"picked":"Dagger Throw","floor":2.0},{"not_picked":["PiercingWail","Outmaneuver"],"picked":"Dagger Throw","floor":4.0},{"not_picked":["Underhanded Strike","Reflex"],"picked":"Infinite Blades","floor":5.0},{"not_picked":["Predator","Blade Dance"],"picked":"Escape Plan","floor":8.0},{"not_picked":["Terror","Dagger Spray"],"picked":"Venomology","floor":10.0},{"not_picked":["Poisoned Stab","Eviscerate"],"picked":"Accuracy","floor":12.0},{"not_picked":["Catalyst","PiercingWail"],"picked":"Blade Dance","floor":14.0},{"not_picked":["Unload","Corpse Explosion"],"picked":"After Image","floor":16.0},{"not_picked":["Underhanded Strike","Terror"],"picked":"Dodge and Roll","floor":18.0},{"not_picked":["Infinite Blades","Setup"],"picked":"Flying Knee","floor":20.0},{"not_picked":["Eviscerate","Setup"],"picked":"Prepared","floor":24.0},{"not_picked":["Acrobatics","Accuracy"],"picked":"Calculated Gamble+1","floor":27.0},{"not_picked":["Reflex","Flechettes+1"],"picked":"Malaise","floor":29.0},{"not_picked":["Quick Slash","Blade Dance"],"picked":"Cloak And Dagger+1","floor":31.0},{"not_picked":["Malaise","A Thousand Cuts"],"picked":"Adrenaline","floor":33.0},{"not_picked":["Dodge and Roll","Slice+1"],"picked":"Deflect","floor":35.0},{"not_picked":["Blade Dance","Dagger Spray+1"],"picked":"Backstab+1","floor":37.0},{"not_picked":["Underhanded Strike","Deadly Poison"],"picked":"Well Laid Plans+1","floor":38.0},{"not_picked":["Dagger Throw+1","Accuracy+1"],"picked":"Doppelganger","floor":41.0},{"not_picked":["Prepared","Dagger Spray+1"],"picked":"Sucker Punch+1","floor":44.0},{"not_picked":["PiercingWail","Prepared"],"picked":"Sucker Punch+1","floor":46.0},{"not_picked":["Blind","Enlightenment"],"picked":"Trip","floor":48.0},{"not_picked":["Mind Blast","Purity"],"picked":"Good Instincts","floor":48.0}],"player_experience":489958,"relics_obtained":[{"floor":9.0,"key":"Oddly Smooth Stone"},{"floor":21.0,"key":"Kunai"},{"floor":26.0,"key":"Pen Nib"},{"floor":29.0,"key":"Juzu Bracelet"},{"floor":43.0,"key":"Anchor"},{"floor":46.0,"key":"Girya"}],"event_choices":[{"damage_healed":0.0,"max_hp_gain":0.0,"max_hp_loss":0.0,"gold_gain":175.0,"event_name":"Liars Game","player_choice":"AGREE","floor":3.0,"gold_loss":0.0,"damage_taken":0.0,"cards_obtained":["Doubt"]},{"cards_removed":["Dodge and Roll"],"damage_healed":5.0,"max_hp_gain":0.0,"max_hp_loss":0.0,"gold_gain":0.0,"event_name":"Bonfire Elementals","player_choice":"Offered Common","floor":19.0,"gold_loss":0.0,"damage_taken":0.0},{"cards_removed":["Dodge and Roll"],"damage_healed":5.0,"max_hp_gain":0.0,"max_hp_loss":0.0,"gold_gain":0.0,"event_name":"Bonfire Elementals","player_choice":"Offered Special","floor":19.0,"gold_loss":0.0,"damage_taken":0.0},{"damage_healed":0.0,"max_hp_gain":0.0,"max_hp_loss":0.0,"gold_gain":0.0,"event_name":"Duplicator","player_choice":"Ignored","floor":22.0,"gold_loss":0.0,"damage_taken":0.0},{"damage_healed":0.0,"max_hp_gain":0.0,"max_hp_loss":0.0,"gold_gain":0.0,"event_name":"Beggar","player_choice":"Ignored","floor":25.0,"gold_loss":0.0,"damage_taken":0.0},{"cards_removed":["Dagger Throw"],"damage_healed":0.0,"max_hp_gain":0.0,"max_hp_loss":0.0,"gold_gain":0.0,"event_name":"Falling","player_choice":"Removed Attack","floor":39.0,"gold_loss":0.0,"damage_taken":0.0},{"damage_healed":0.0,"max_hp_gain":0.0,"max_hp_loss":0.0,"gold_gain":0.0,"event_name":"Mysterious Sphere","player_choice":"Fight","floor":46.0,"gold_loss":0.0,"damage_taken":0.0},{"damage_healed":0.0,"max_hp_gain":0.0,"max_hp_loss":0.0,"gold_gain":0.0,"event_name":"Tomb of Lord Red Mask","player_choice":"Paid","floor":47.0,"gold_loss":139.0,"damage_taken":0.0,"relics_obtained":["Red Mask"]},{"damage_healed":0.0,"max_hp_gain":0.0,"max_hp_loss":0.0,"gold_gain":0.0,"event_name":"SensoryStone","player_choice":"Memory 2","floor":48.0,"gold_loss":0.0,"damage_taken":5.0}],"is_beta":false,"boss_relics":[{"not_picked":["Astrolabe","Ectoplasm"],"picked":"Eternal Feather"},{"not_picked":["Sozu","HoveringKite"],"picked":"Philosopher\u0027s Stone"}],"items_purged_floors":[7],"is_endless":false,"potions_floor_spawned":[2,4,14,16,20,29,31,33,37,38],"ascension_level":9}