{"gold_per_floor":[110,72,92,110,120,120,45,64,64,80,100,116,147,164,164,265,265,275,292,101,112,112,112,33,46,46,58,58,72,83,83,83,179,179,196,196,245,245,3,3,3,3,303,26,45,56,70,84,84,84],"floor_reached":50,"playtime":3596,"items_purged":["Writhe"],"score":571,"play_id":"7139baad-c3e3-45d7-b8de-dd193e9c44e9","local_time":"20181227000344","is_ascension_mode":true,"campfire_choices":[{"data":"Anger","floor":6,"key":"SMITH"},{"floor":15,"key":"REST"},{"floor":23,"key":"REST"},{"floor":28,"key":"REST"},{"floor":32,"key":"REST"},{"floor":40,"key":"REST"},{"floor":42,"key":"REST"},{"floor":49,"key":"RECALL"}],"neow_cost":"NONE","seed_source_timestamp":529977699402276,"circlet_count":0,"master_deck":["Strike_R","Strike_R","Strike_R","Strike_R","Defend_R","Defend_R","Defend_R","Defend_R","Bash","Immolate","Rupture","Metallicize","Rage","Uppercut","Anger+1","Impervious","Battle Trance","Clash","Cleave","Feed","Flame Barrier","Offering","Iron Wave","Infernal Blade","Metallicize+1","Decay","Wraith Form v2","Cloak And Dagger+1","Second Wind+1","Madness","Shockwave","Impervious","Demon Form","Flame Barrier","Hemokinesis","Dodge and Roll+1"],"relics":["Burning Blood","Odd Mushroom","Pen Nib","Busted Crown","PrismaticShard","Dead Branch","Lizard Tail","Shovel","Old Coin"],"potions_floor_usage":[11,12,13,14,16,19,25,29,33,47],"damage_taken":[{"damage":3,"enemies":"Cultist","floor":1,"turns":4},{"damage":11,"enemies":"2 Louse","floor":3,"turns":2},{"damage":12,"enemies":"Small Slimes","floor":4,"turns":3},{"damage":6,"enemies":"Blue Slaver","floor":5,"turns":6},{"damage":0,"enemies":"Large Slime","floor":8,"turns":3},{"damage":11,"enemies":"3 Louse","floor":10,"turns":4},{"damage":19,"enemies":"The Mushroom Lair","floor":11,"turns":3},{"damage":6,"enemies":"Blue Slaver","floor":12,"turns":3},{"damage":6,"enemies":"Lagavulin","floor":13,"turns":8},{"damage":5,"enemies":"Red Slaver","floor":14,"turns":3},{"damage":39,"enemies":"The Guardian","floor":16,"turns":14},{"damage":22,"enemies":"Shell Parasite","floor":18,"turns":5},{"damage":10,"enemies":"Spheric Guardian","floor":19,"turns":4},{"damage":18,"enemies":"Cultist and Chosen","floor":21,"turns":5},{"damage":30,"enemies":"Snake Plant","floor":25,"turns":4},{"damage":32,"enemies":"Sentry and Sphere","floor":27,"turns":6},{"damage":11,"enemies":"Chosen and Byrds","floor":29,"turns":6},{"damage":14,"enemies":"Snake Plant","floor":30,"turns":4},{"damage":52,"enemies":"Collector","floor":33,"turns":12},{"damage":30,"enemies":"Orb Walker","floor":35,"turns":5},{"damage":51,"enemies":"2 Orb Walkers","floor":37,"turns":6},{"damage":28,"enemies":"3 Darklings","floor":45,"turns":6},{"damage":22,"enemies":"4 Shapes","floor":46,"turns":3},{"damage":35,"enemies":"Spire Growth","floor":47,"turns":7},{"damage":30,"enemies":"Jaw Worm Horde","floor":48,"turns":8},{"damage":110,"enemies":"Awakened One","floor":50,"turns":11}],"seed_played":"7575884775835605458","potions_obtained":[{"floor":1,"key":"GamblersBrew"},{"floor":10,"key":"Explosive Potion"},{"floor":12,"key":"Swift Potion"},{"floor":13,"key":"Block Potion"},{"floor":14,"key":"Dexterity Potion"},{"floor":18,"key":"Energy Potion"},{"floor":21,"key":"Strength Potion"},{"floor":27,"key":"SpeedPotion"},{"floor":30,"key":"Explosive Potion"},{"floor":46,"key":"Weak Potion"},{"floor":47,"key":"FairyPotion"},{"floor":48,"key":"FairyPotion"}],"is_trial":false,"path_per_floor":["M","$","M","M","M","R","$","M","T","M","?","M","E","M","R","B",null,"M","M","$","M","?","R","$","M","T","M","R","M","M","?","R","B",null,"M","?","?","?","$","R","?","R","T","$","M","M","M","M","R","B"],"character_chosen":"IRONCLAD","items_purchased":["Metallicize","Impervious","PrismaticShard","Infernal Blade","Madness","Shockwave","Demon Form","Flame Barrier","Hemokinesis"],"campfire_rested":6,"item_purchase_floors":[2,7,20,24,39,39,44,44,44],"current_hp_per_floor":[80,80,75,69,69,69,69,75,75,70,57,57,57,58,80,47,80,67,63,63,54,54,79,79,55,55,29,54,49,41,41,66,23,89,65,65,20,42,42,68,68,89,89,89,70,54,25,15,15,0],"gold":84,"neow_bonus":"ONE_RANDOM_RARE_CARD","is_prod":false,"is_daily":false,"chose_seed":false,"campfire_upgraded":1,"win_rate":0,"timestamp":1545881624,"path_taken":["M","$","M","M","M","R","$","M","T","M","?","M","E","M","R","BOSS","M","M","$","M","?","R","$","M","T","M","R","M","M","?","R","BOSS","M","?","?","?","?","R","?","R","T","$","M","M","M","M","R","BOSS"],"build_version":"2018-12-25","purchased_purges":1,"victory":false,"max_hp_per_floor":[80,80,80,80,80,80,80,80,80,80,80,80,80,80,80,80,80,83,83,83,86,86,86,86,86,86,86,86,86,86,86,86,89,89,89,89,89,89,89,89,89,89,89,89,92,92,92,92,92,92],"card_choices":[{"not_picked":["Iron Wave","Metallicize"],"picked":"Rupture","floor":1},{"not_picked":["Havoc","Headbutt"],"picked":"Rage","floor":3},{"not_picked":["Corruption","Flex"],"picked":"Uppercut","floor":4},{"not_picked":["Body Slam","Thunderclap"],"picked":"Anger","floor":5},{"not_picked":["Anger","Whirlwind"],"picked":"Battle Trance","floor":8},{"not_picked":["Uppercut","Twin Strike"],"picked":"Clash","floor":10},{"not_picked":["Body Slam","Flex"],"picked":"Cleave","floor":11},{"not_picked":["Cleave","Anger","Sword Boomerang"],"picked":"SKIP","floor":12},{"not_picked":["Battle Trance","Dark Embrace"],"picked":"Feed","floor":13},{"not_picked":["Body Slam","Headbutt"],"picked":"Flame Barrier","floor":14},{"not_picked":["Bludgeon","Brutality"],"picked":"Offering","floor":16},{"not_picked":[],"picked":"Iron Wave","floor":18},{"not_picked":["Cleave"],"picked":"SKIP","floor":19},{"not_picked":["Ball Lightning"],"picked":"SKIP","floor":21},{"not_picked":["Headbutt"],"picked":"SKIP","floor":25},{"not_picked":["Beam Cell"],"picked":"SKIP","floor":27},{"not_picked":[],"picked":"Metallicize+1","floor":29},{"not_picked":["Pommel Strike+1"],"picked":"SKIP","floor":30},{"not_picked":[],"picked":"Wraith Form v2","floor":33},{"not_picked":[],"picked":"Cloak And Dagger+1","floor":35},{"not_picked":[],"picked":"Second Wind+1","floor":37},{"not_picked":["Barrage"],"picked":"SKIP","floor":45},{"not_picked":["Expertise+1"],"picked":"SKIP","floor":46},{"not_picked":[],"picked":"Dodge and Roll+1","floor":47},{"not_picked":["Intimidate"],"picked":"SKIP","floor":48}],"player_experience":552599,"relics_obtained":[{"floor":11,"key":"Odd Mushroom"},{"floor":13,"key":"Pen Nib"},{"floor":26,"key":"Dead Branch"},{"floor":37,"key":"Shovel"},{"floor":43,"key":"Old Coin"}],"event_choices":[{"damage_healed":0,"gold_gain":0,"player_choice":"Fought Mushrooms","damage_taken":0,"max_hp_gain":0,"max_hp_loss":0,"event_name":"Mushrooms","floor":11,"gold_loss":0},{"damage_healed":0,"gold_gain":0,"player_choice":"Ignored","damage_taken":0,"max_hp_gain":0,"max_hp_loss":0,"event_name":"Beggar","floor":22,"gold_loss":0},{"damage_healed":0,"gold_gain":0,"player_choice":"Smashed Altar","damage_taken":0,"max_hp_gain":0,"max_hp_loss":0,"event_name":"Forgotten Altar","floor":31,"gold_loss":0,"cards_obtained":["Decay"]},{"cards_removed":["Strike_R"],"damage_healed":0,"gold_gain":0,"player_choice":"Removed Attack","damage_taken":0,"max_hp_gain":0,"max_hp_loss":0,"event_name":"Falling","floor":36,"gold_loss":0},{"damage_healed":0,"gold_gain":0,"player_choice":"Fight","damage_taken":0,"max_hp_gain":0,"max_hp_loss":0,"event_name":"Mysterious Sphere","floor":37,"gold_loss":0},{"damage_healed":22,"gold_gain":0,"player_choice":"Writhe","damage_taken":0,"max_hp_gain":0,"max_hp_loss":0,"event_name":"Winding Halls","floor":38,"gold_loss":0,"cards_obtained":["Writhe"]},{"damage_healed":0,"gold_gain":0,"player_choice":"Copied","damage_taken":0,"max_hp_gain":0,"max_hp_loss":0,"event_name":"Duplicator","floor":41,"gold_loss":0,"cards_obtained":["Impervious"]}],"is_beta":true,"boss_relics":[{"not_picked":["White Beast Statue","Pandora\u0027s Box"],"picked":"Busted Crown"},{"not_picked":["Black Star","Astrolabe"],"picked":"Lizard Tail"}],"items_purged_floors":[39],"is_endless":false,"potions_floor_spawned":[1,10,12,13,14,18,21,27,30,46,47,48],"killed_by":"Awakened One","ascension_level":3}