{"gold_per_floor":[144,199,244,169,169,259,259,304,354,354,399,574,619,664,664,964,964,1009,1054,1099,1144,1189,1189,1234,1279,1304,1304,1304,710,710,800,800,1100,1100,1145,1190,1285,1380,1380],"floor_reached":39,"playtime":2574,"items_purged":["Scrape","Doubt"],"score":434,"play_id":"ff1d4f30-9d05-4ee3-8bc9-7ccc3aa62dd5","local_time":"20181204045315","daily_mods":["Draft","Uncertain Future","Midas"],"is_ascension_mode":false,"campfire_choices":[{"floor":7,"key":"REST"},{"floor":10,"key":"REST"},{"floor":15,"key":"REST"},{"floor":27,"key":"REST"},{"floor":30,"key":"REST"},{"floor":32,"key":"REST"}],"neow_cost":"","seed_source_timestamp":0,"circlet_count":0,"master_deck":["White Noise+1","Doom and Gloom","Genetic Algorithm","Conserve Battery","BootSequence","Rip and Tear","Turbo","Barrage","Compile Driver","Sweeping Beam","Heatsinks","Static Discharge","Double Energy+1","Fusion","Melter","Meteor Strike","Leap","Redo+1","Tempest","Meteor Strike","Tempest","Auto Shields+1","Self Repair+1","Reprogram","Panacea","Genetic Algorithm+1","Chill","Storm","Forethought","Genetic Algorithm+1","Rainbow","Heatsinks","Chaos","BootSequence"],"special_seed":17869,"relics":["Cracked Core","Blood Vial","Oddly Smooth Stone","Black Star","War Paint","SsserpentHead","Membership Card","Shuriken","Omamori","Bag of Preparation","Smiling Mask","Eternal Feather"],"potions_floor_usage":[14,14,16,19,20,25,33,33,35,36,37],"damage_taken":[{"damage":14,"enemies":"Jaw Worm","floor":1,"turns":4},{"damage":0,"enemies":"2 Louse","floor":3,"turns":3},{"damage":22,"enemies":"Gremlin Nob","floor":6,"turns":4},{"damage":0,"enemies":"Small Slimes","floor":8,"turns":3},{"damage":10,"enemies":"Exordium Thugs","floor":11,"turns":4},{"damage":0,"enemies":"Blue Slaver","floor":13,"turns":3},{"damage":4,"enemies":"Lots of Slimes","floor":14,"turns":2},{"damage":55,"enemies":"The Guardian","floor":16,"turns":8},{"damage":10,"enemies":"Spheric Guardian","floor":18,"turns":3},{"damage":9,"enemies":"3 Byrds","floor":19,"turns":3},{"damage":15,"enemies":"Snecko","floor":20,"turns":3},{"damage":12,"enemies":"3 Cultists","floor":21,"turns":4},{"damage":21,"enemies":"Snake Plant","floor":22,"turns":4},{"damage":24,"enemies":"Centurion and Healer","floor":24,"turns":8},{"damage":12,"enemies":"3 Cultists","floor":25,"turns":3},{"damage":31,"enemies":"Slavers","floor":31,"turns":4},{"damage":56,"enemies":"Automaton","floor":33,"turns":10},{"damage":25,"enemies":"3 Darklings","floor":35,"turns":8},{"damage":1,"enemies":"Orb Walker","floor":36,"turns":3},{"damage":4,"enemies":"Jaw Worm Horde","floor":37,"turns":4},{"damage":50,"enemies":"4 Shapes","floor":38,"turns":7},{"damage":26,"enemies":"Transient","floor":39,"turns":2}],"seed_played":"4835321096654724248","potions_obtained":[{"floor":3,"key":"SpeedPotion"},{"floor":6,"key":"Block Potion"},{"floor":11,"key":"PowerPotion"},{"floor":16,"key":"FocusPotion"},{"floor":18,"key":"Regen Potion"},{"floor":24,"key":"AttackPotion"},{"floor":25,"key":"FearPotion"},{"floor":33,"key":"Fire Potion"},{"floor":35,"key":"SkillPotion"},{"floor":36,"key":"Strength Potion"}],"is_trial":false,"path_per_floor":["M","?","M","$","?","E","R","M","T","R","M","?","M","M","R","B",null,"M","M","M","M","M","?","M","M","T","R","?","$","R","E","R","B",null,"M","M","M","M","M"],"character_chosen":"DEFECT","items_purchased":["Membership Card","Shuriken","Omamori","Chill","Storm","Strength Potion","Forethought"],"campfire_rested":6,"item_purchase_floors":[29,29,29,29,29,29,29],"current_hp_per_floor":[61,61,61,61,61,39,61,63,63,75,65,65,67,65,75,20,75,65,67,54,54,45,45,33,23,23,45,45,45,67,48,70,26,75,50,51,49,11,0],"gold":1380,"neow_bonus":"","is_prod":false,"is_daily":true,"chose_seed":false,"campfire_upgraded":0,"win_rate":0,"timestamp":1543911795,"path_taken":["M","?","M","$","?","E","R","M","T","R","M","?","M","M","R","BOSS","M","M","M","M","M","?","M","?","T","R","?","$","R","E","R","BOSS","M","M","?","?","M"],"build_version":"2018-11-15","purchased_purges":2,"victory":false,"max_hp_per_floor":[75,75,75,75,75,75,75,75,75,75,75,75,75,75,75,75,75,75,75,75,75,75,75,75,75,75,75,75,75,75,75,75,75,75,75,75,75,75,75],"card_choices":[{"not_picked":["Streamline","Storm"],"picked":"White Noise","floor":0},{"not_picked":["Recycle","Conserve Battery"],"picked":"Doom and Gloom","floor":0},{"not_picked":["Turbo","Stack"],"picked":"Scrape","floor":0},{"not_picked":["Double Energy","Turbo"],"picked":"Genetic Algorithm","floor":0},{"not_picked":["Gash","Cold Snap"],"picked":"Conserve Battery","floor":0},{"not_picked":["Beam Cell","Coolheaded"],"picked":"BootSequence","floor":0},{"not_picked":["Leap","Streamline"],"picked":"Rip and Tear","floor":0},{"not_picked":["Streamline","Hologram"],"picked":"Turbo","floor":0},{"not_picked":["Reinforced Body","Go for the Eyes"],"picked":"Barrage","floor":0},{"not_picked":["Gash","Stack"],"picked":"Compile Driver","floor":0},{"not_picked":["Defragment","Streamline"],"picked":"Sweeping Beam","floor":0},{"not_picked":["White Noise","Compile Driver"],"picked":"Heatsinks","floor":0},{"not_picked":["Gash","Chaos"],"picked":"Static Discharge","floor":0},{"not_picked":["Barrage","Rebound"],"picked":"Double Energy","floor":0},{"not_picked":["Rebound","Reprogram"],"picked":"Fusion","floor":0},{"not_picked":["Redo","Hologram"],"picked":"Melter","floor":1},{"not_picked":["Capacitor","Beam Cell","Coolheaded"],"picked":"SKIP","floor":3},{"not_picked":["White Noise","Sweeping Beam"],"picked":"Meteor Strike","floor":6},{"not_picked":["Doom and Gloom","Coolheaded"],"picked":"Leap","floor":8},{"not_picked":["Barrage","Machine Learning"],"picked":"Redo","floor":11},{"not_picked":["Barrage","Rebound","Hologram"],"picked":"SKIP","floor":13},{"not_picked":["Undo","Go for the Eyes"],"picked":"Tempest","floor":14},{"not_picked":["Amplify","Electrodynamics"],"picked":"Meteor Strike","floor":16},{"not_picked":["Doom and Gloom","Redo"],"picked":"Tempest","floor":18},{"not_picked":["White Noise","Rebound"],"picked":"Auto Shields+1","floor":19},{"not_picked":["Go for the Eyes","Cold Snap+1"],"picked":"Self Repair+1","floor":20},{"not_picked":["Sweeping Beam","Conserve Battery"],"picked":"Reprogram","floor":21},{"not_picked":["Coolheaded","Force Field","Biased Cognition"],"picked":"SKIP","floor":22},{"not_picked":["Gash","Barrage"],"picked":"Genetic Algorithm+1","floor":24},{"not_picked":["Coolheaded","Steam","Stack+1"],"picked":"SKIP","floor":25},{"not_picked":["Cold Snap","Steam Power"],"picked":"Genetic Algorithm+1","floor":31},{"not_picked":["Amplify","Reboot"],"picked":"Rainbow","floor":33},{"not_picked":["Sunder+1","Cold Snap"],"picked":"Heatsinks","floor":35},{"not_picked":["Fusion+1","Leap","Gash+1"],"picked":"SKIP","floor":36},{"not_picked":["Stack+1","Recycle"],"picked":"Chaos","floor":37},{"not_picked":["Consume","Self Repair+1"],"picked":"BootSequence","floor":38}],"player_experience":494355,"relics_obtained":[{"floor":6,"key":"Blood Vial"},{"floor":9,"key":"Oddly Smooth Stone"},{"floor":26,"key":"War Paint"},{"floor":31,"key":"Bag of Preparation"},{"floor":31,"key":"Smiling Mask"}],"event_choices":[{"damage_healed":0,"gold_gain":55,"player_choice":"Gained Gold","damage_taken":0,"max_hp_gain":0,"max_hp_loss":0,"event_name":"Golden Wing","floor":2,"gold_loss":0},{"damage_healed":0,"gold_gain":0,"player_choice":"Grow","damage_taken":0,"max_hp_gain":0,"max_hp_loss":0,"event_name":"Living Wall","floor":5,"gold_loss":0,"cards_upgraded":["White Noise"]},{"damage_healed":0,"gold_gain":175,"player_choice":"AGREE","damage_taken":0,"max_hp_gain":0,"max_hp_loss":0,"event_name":"Liars Game","floor":12,"gold_loss":0,"cards_obtained":["Doubt"]},{"damage_healed":0,"gold_gain":0,"player_choice":"1 cards matched","damage_taken":0,"max_hp_gain":0,"max_hp_loss":0,"event_name":"Match and Keep!","floor":23,"gold_loss":0,"cards_obtained":["Panacea"]},{"damage_healed":0,"gold_gain":0,"player_choice":"Trade","damage_taken":0,"relics_obtained":["SsserpentHead"],"max_hp_gain":0,"max_hp_loss":0,"event_name":"FaceTrader","floor":28,"gold_loss":0}],"is_beta":true,"boss_relics":[{"not_picked":["Astrolabe","Sozu"],"picked":"Black Star"},{"not_picked":["Velvet Choker","Runic Pyramid"],"picked":"Eternal Feather"}],"items_purged_floors":[4,29],"is_endless":false,"potions_floor_spawned":[3,6,11,16,18,24,25,33,35,36],"killed_by":"Transient","ascension_level":0}