{"gold_per_floor":[114,33,43,55,71,71,71,71,71,91,91,103,103],"floor_reached":13,"playtime":353,"items_purged":[],"score":154,"play_id":"8559242d-c34e-449a-af16-b00007d18b43","local_time":"20190209185957","is_ascension_mode":true,"campfire_choices":[{"data":"Recycle","floor":6,"key":"SMITH"},{"floor":8,"key":"REST"},{"data":"Creative AI","floor":11,"key":"SMITH"}],"neow_cost":"PERCENT_DAMAGE","seed_source_timestamp":23908316639229,"circlet_count":0,"master_deck":["AscendersBane","Strike_B","Strike_B","Strike_B","Defend_B","Defend_B","Defend_B","Defend_B","Zap","Dualcast","Ball Lightning","Capacitor","Recycle+1","Skim","Leap","Creative AI+1","Doom and Gloom"],"special_seed":0,"relics":["Cracked Core","Thread and Needle","Mummified Hand"],"potions_floor_usage":[13],"damage_taken":[{"damage":1.0,"enemies":"2 Louse","floor":1.0,"turns":2.0},{"damage":0.0,"enemies":"Cultist","floor":3.0,"turns":3.0},{"damage":3.0,"enemies":"Jaw Worm","floor":4.0,"turns":4.0},{"damage":32,"enemies":"Gremlin Gang","floor":5,"turns":5},{"damage":17,"enemies":"2 Fungi Beasts","floor":10,"turns":4},{"damage":9,"enemies":"Exordium Thugs","floor":12,"turns":5},{"damage":5,"enemies":"Lots of Slimes","floor":13,"turns":2}],"seed_played":"1600440632528916933","potions_obtained":[{"floor":3.0,"key":"FocusPotion"},{"floor":5,"key":"Poison Potion"},{"floor":10,"key":"Fire Potion"}],"is_trial":false,"path_per_floor":["M","$","M","M","M","R","?","R","T","M","R","M","M"],"character_chosen":"DEFECT","items_purchased":["Capacitor"],"campfire_rested":1,"item_purchase_floors":[2],"current_hp_per_floor":[45,45,45,42,10,10,10,31,31,14,14,5,0],"gold":103,"neow_bonus":"ONE_RARE_RELIC","is_prod":false,"is_daily":false,"chose_seed":false,"campfire_upgraded":2,"win_rate":0,"timestamp":1549735197,"path_taken":["M","$","M","M","M","R","?","R","T","M","R","M","M"],"build_version":"2019-02-06","purchased_purges":0,"victory":false,"max_hp_per_floor":[71,71,71,71,71,71,71,71,71,71,71,71,71],"card_choices":[{"not_picked":["Steam","Streamline"],"picked":"Ball Lightning","floor":1.0},{"not_picked":["Stack","Redo"],"picked":"Recycle","floor":3.0},{"not_picked":["Static Discharge","Recycle"],"picked":"Skim","floor":4.0},{"not_picked":["Skim","Stack"],"picked":"Leap","floor":5},{"not_picked":["Hologram","Stack"],"picked":"Creative AI","floor":10},{"not_picked":["Cold Snap","Turbo"],"picked":"Doom and Gloom","floor":12}],"player_experience":963976,"relics_obtained":[{"floor":9,"key":"Mummified Hand"}],"event_choices":[{"cards_removed":["Strike_B"],"damage_healed":0,"gold_gain":0,"player_choice":"Purged","damage_taken":0,"max_hp_gain":0,"max_hp_loss":0,"event_name":"Purifier","floor":7,"gold_loss":0}],"is_beta":true,"boss_relics":[],"items_purged_floors":[],"is_endless":false,"potions_floor_spawned":[3,5,10],"killed_by":"Lots of Slimes","ascension_level":20}