{"path_per_floor":["M","M","?","M","?","R","E","$","T","$","?","M","R","?","R","B",null,"M","M","M","M","?","R","E","M","T","R","?","R","M","?","R","B",null,"M","?","M","?","?"],"character_chosen":"DEFECT","items_purchased":["Melter","Self Repair"],"gold_per_floor":[112,122,122,141,141,141,176,22,48,10,10,30,30,30,30,132,132,144,155,170,188,168,168,200,210,210,210,125,125,139,139,139,239,239,259,259,269,269,1268,1268],"floor_reached":40,"campfire_rested":1,"playtime":1614,"item_purchase_floors":[8,10],"current_hp_per_floor":[73,73,73,70,63,63,63,63,63,63,48,55,55,48,70,63,75,71,59,53,59,59,59,37,38,38,38,38,38,38,38,38,45,75,75,75,75,66,66,0],"items_purged":["Strike_B"],"gold":1268,"score":475,"play_id":"92221311-c428-422e-b4af-dbbe15298de1","local_time":"20180621154319","is_prod":false,"is_daily":false,"chose_seed":false,"is_ascension_mode":true,"campfire_upgraded":6,"win_rate":0.0,"timestamp":1529610199,"campfire_choices":[{"data":"Dualcast","floor":6,"key":"SMITH"},{"data":"Zap","floor":13,"key":"SMITH"},{"floor":15,"key":"REST"},{"data":"Loop","floor":23,"key":"SMITH"},{"data":"Multi-Cast","floor":27,"key":"SMITH"},{"data":"Self Repair","floor":29,"key":"SMITH"},{"data":"Auto Shields","floor":32,"key":"SMITH"}],"path_taken":["M","M","?","M","?","R","E","?","T","$","?","?","R","?","R","BOSS","M","M","?","M","?","R","E","M","T","R","?","R","?","?","R","BOSS","M","?","M","?","?","E"],"build_version":"2018-06-14v2","seed_source_timestamp":149431842743967,"purchased_purges":1,"victory":false,"master_deck":["Strike_B","Strike_B","Strike_B","Defend_B+1","Defend_B","Defend_B+1","Zap+1","Dualcast+1","Doom and Gloom+1","Auto Shields+1","Redo+1","Melter","Self Repair+1","Multi-Cast+1","Darkness+1","Sweeping Beam+1","FTL","Loop+1","Redo+1","Go for the Eyes+1","BootSequence+1","Redo+1","Madness+1","Madness+1","Normality","Normality"],"max_hp_per_floor":[75,75,75,75,75,75,75,75,75,75,75,75,75,75,75,75,75,75,75,75,75,75,75,75,75,75,75,75,75,75,75,75,75,75,75,75,75,75,75,75],"relics":["Cracked Core","Dodecahedron","War Paint","Coffee Dripper","Toxic Egg 2","Toolbox","Letter Opener","Nloth\u0027s Gift","White Beast Statue"],"card_choices":[{"not_picked":["Stack","Aggregate"],"picked":"Doom and Gloom","floor":1},{"not_picked":["Steam","Barrage"],"picked":"Auto Shields","floor":2},{"not_picked":["Hello World","Conserve Battery"],"picked":"Redo","floor":4},{"not_picked":["Stack","Turbo","Blizzard"],"picked":"SKIP","floor":7},{"not_picked":["Reinforced Body","Sunder","Coolheaded"],"picked":"SKIP","floor":12},{"not_picked":["Creative AI","All For One"],"picked":"Multi-Cast","floor":16},{"not_picked":["Double Energy","Sweeping Beam+1"],"picked":"Darkness+1","floor":18},{"not_picked":["Scrape","Steam+1"],"picked":"Sweeping Beam+1","floor":19},{"not_picked":["Coolheaded","Turbo+1"],"picked":"FTL","floor":20},{"not_picked":["Streamline","Undo"],"picked":"Loop","floor":21},{"not_picked":["Barrage","Gash+1"],"picked":"Redo","floor":24},{"not_picked":["Reprogram+1","Stack+1"],"picked":"Go for the Eyes+1","floor":25},{"not_picked":["Steam+1","Heatsinks"],"picked":"BootSequence+1","floor":30},{"not_picked":["Rebound","Barrage+1"],"picked":"Redo+1","floor":35},{"not_picked":["Scrape+1","Genetic Algorithm+1","Biased Cognition"],"picked":"SKIP","floor":37}],"player_experience":244015,"potions_floor_usage":[7,21,21,33],"damage_taken":[{"damage":2,"enemies":"Small Slimes","floor":1,"turns":3},{"damage":0,"enemies":"2 Louse","floor":2,"turns":1},{"damage":3,"enemies":"Jaw Worm","floor":4,"turns":4},{"damage":0,"enemies":"3 Sentries","floor":7,"turns":6},{"damage":0,"enemies":"Large Slime","floor":12,"turns":4},{"damage":14,"enemies":"The Guardian","floor":16,"turns":8},{"damage":11,"enemies":"2 Thieves","floor":18,"turns":4},{"damage":19,"enemies":"Shell Parasite","floor":19,"turns":5},{"damage":13,"enemies":"Centurion and Healer","floor":20,"turns":4},{"damage":1,"enemies":"3 Cultists","floor":21,"turns":3},{"damage":29,"enemies":"Book of Stabbing","floor":24,"turns":5},{"damage":6,"enemies":"Cultist and Chosen","floor":25,"turns":5},{"damage":10,"enemies":"Centurion and Healer","floor":30,"turns":5},{"damage":3,"enemies":"Automaton","floor":33,"turns":6},{"damage":0,"enemies":"3 Shapes","floor":35,"turns":2},{"damage":10,"enemies":"3 Darklings","floor":37,"turns":5},{"damage":111,"enemies":"Nemesis","floor":40,"turns":6}],"relics_obtained":[{"floor":7,"key":"Dodecahedron"},{"floor":9,"key":"War Paint"},{"floor":24,"key":"Toxic Egg 2"},{"floor":26,"key":"Toolbox"}],"event_choices":[{"event_name":"Big Fish","player_choice":"Box","floor":3,"damage_taken":0},{"event_name":"Golden Wing","player_choice":"Card Removal","floor":5,"damage_taken":0},{"event_name":"Shining Light","player_choice":"Entered Light","floor":11,"damage_taken":0},{"event_name":"Wheel of Change","player_choice":"Damage","floor":14,"damage_taken":0},{"event_name":"The Woman in Blue","player_choice":"Bought 1 Potion","floor":22,"damage_taken":0},{"event_name":"Addict","player_choice":"Obtained Relic","floor":28,"damage_taken":0},{"event_name":"N\u0027loth","player_choice":"Traded a Happy Flower","floor":31,"damage_taken":0},{"event_name":"Falling","player_choice":"Removed Skill","floor":36,"damage_taken":0},{"event_name":"Winding Halls","player_choice":"Embrace Madness","floor":38,"damage_taken":0},{"event_name":"MindBloom","player_choice":"Gold","floor":39,"damage_taken":0}],"boss_relics":[{"not_picked":["Lizard Tail","Fusion Hammer"],"picked":"Coffee Dripper"},{"not_picked":["Pandora\u0027s Box","Busted Crown"],"picked":"White Beast Statue"}],"items_purged_floors":[8],"is_endless":false,"potions_floor_spawned":[2,4,16,19,20,25,30,35,37],"seed_played":"1516024925533577181","killed_by":"Nemesis","ascension_level":1,"potions_obtained":[{"floor":2,"key":"Energy Potion"},{"floor":4,"key":"Block Potion"},{"floor":16,"key":"SteroidPotion"},{"floor":19,"key":"AttackPotion"},{"floor":20,"key":"Swift Potion"},{"floor":22,"key":"FairyPotion"},{"floor":25,"key":"SkillPotion"},{"floor":30,"key":"Regen Potion"},{"floor":35,"key":"Weak Potion"}],"is_trial":false}