{"gold_per_floor":[111,129,88,105,26,26,59,59,106,126,146,146,160,335,335,438,438,458,458,0,10,28,28,57,57,82,82,82,6,6,22,22,124,124,137,147,147,72,72,72,72,104,104,104,104,124,54,66,66,66],"floor_reached":51,"playtime":8275,"items_purged":["Doubt"],"score":735,"play_id":"60233fba-1456-49d5-803e-42ab6a83830a","local_time":"20181225050838","is_ascension_mode":true,"campfire_choices":[{"data":"Genetic Algorithm","floor":6,"key":"SMITH"},{"floor":12,"key":"REST"},{"data":"Chaos","floor":15,"key":"SMITH"},{"floor":23,"key":"REST"},{"floor":25,"key":"REST"},{"floor":27,"key":"REST"},{"floor":32,"key":"REST"},{"data":"Creative AI","floor":40,"key":"SMITH"},{"floor":49,"key":"REST"}],"neow_cost":"NONE","seed_source_timestamp":370769054015772,"circlet_count":0,"master_deck":["Strike_B","Strike_B","Strike_B","Strike_B","Defend_B","Defend_B","Defend_B","Defend_B","Zap","Dualcast","Conserve Battery","Rebound","Hello World","Glacier","Genetic Algorithm+1","Hyperbeam","Heatsinks","Chaos+1","Creative AI+1","Electrodynamics","Heatsinks","Hello World","Doom and Gloom","Sweeping Beam","Stack","Self Repair+1","Discovery","Force Field+1","Leap","Conserve Battery+1","White Noise","Lockon+1","Double Energy+1","Storm","Self Repair","Parasite"],"relics":["Philosopher\u0027s Stone","Oddly Smooth Stone","Orichalcum","Orrery","Turnip","Strawberry","Bag of Preparation","MutagenicStrength","Calling Bell","Bronze Scales","Cables","Thread and Needle","Ancient Tea Set","Mummified Hand"],"potions_floor_usage":[4,7,16,18,24,31,39,46,46,50],"damage_taken":[{"damage":5,"enemies":"Small Slimes","floor":1,"turns":3},{"damage":2,"enemies":"Jaw Worm","floor":2,"turns":3},{"damage":0,"enemies":"2 Louse","floor":4,"turns":3},{"damage":13,"enemies":"Lagavulin","floor":7,"turns":8},{"damage":8,"enemies":"Exordium Wildlife","floor":10,"turns":4},{"damage":0,"enemies":"2 Fungi Beasts","floor":11,"turns":2},{"damage":0,"enemies":"3 Louse","floor":13,"turns":1},{"damage":9,"enemies":"Slime Boss","floor":16,"turns":11},{"damage":29,"enemies":"Spheric Guardian","floor":18,"turns":8},{"damage":15,"enemies":"2 Thieves","floor":21,"turns":4},{"damage":15,"enemies":"3 Cultists","floor":22,"turns":3},{"damage":65,"enemies":"Book of Stabbing","floor":24,"turns":8},{"damage":25,"enemies":"Centurion and Healer","floor":31,"turns":6},{"damage":32,"enemies":"Automaton","floor":33,"turns":10},{"damage":6,"enemies":"3 Shapes","floor":35,"turns":4},{"damage":13,"enemies":"Orb Walker","floor":36,"turns":7},{"damage":0,"enemies":"Sphere and 2 Shapes","floor":39,"turns":2},{"damage":6,"enemies":"Giant Head","floor":42,"turns":10},{"damage":0,"enemies":"Jaw Worm Horde","floor":46,"turns":3},{"damage":20,"enemies":"Writhing Mass","floor":48,"turns":6},{"damage":28,"enemies":"Donu and Deca","floor":50,"turns":7}],"seed_played":"3973939416277941396","potions_obtained":[{"floor":2,"key":"LiquidBronze"},{"floor":4,"key":"Ancient Potion"},{"floor":10,"key":"EssenceOfSteel"},{"floor":16,"key":"GamblersBrew"},{"floor":22,"key":"Ancient Potion"},{"floor":24,"key":"PowerPotion"},{"floor":31,"key":"SmokeBomb"},{"floor":35,"key":"FearPotion"},{"floor":42,"key":"Explosive Potion"},{"floor":46,"key":"Energy Potion"},{"floor":48,"key":"PowerPotion"}],"is_trial":false,"path_per_floor":["M","M","$","M","$","R","E","?","T","M","M","R","M","?","R","B",null,"M","?","$","M","M","R","E","R","T","R","?","$","?","M","R","B",null,"M","M","?","$","M","R","$","E","T","?","$","M","$","M","R","B",null],"character_chosen":"DEFECT","items_purchased":["Hello World","Genetic Algorithm","Turnip","Discovery","White Noise","Storm","Self Repair"],"campfire_rested":6,"item_purchase_floors":[3,5,20,20,29,38,47],"current_hp_per_floor":[70,68,68,68,68,68,55,55,55,47,47,69,69,69,69,60,75,46,71,71,66,51,73,25,49,49,73,73,73,73,58,82,60,82,76,73,73,73,73,73,73,77,77,77,77,77,77,74,82,61],"gold":66,"neow_bonus":"BOSS_RELIC","is_prod":false,"is_daily":false,"chose_seed":false,"campfire_upgraded":3,"win_rate":0,"timestamp":1545727118,"path_taken":["M","M","$","M","$","R","E","?","T","M","M","R","M","?","R","BOSS","M","?","$","M","M","R","E","R","T","R","?","$","?","M","R","BOSS","M","M","?","?","?","R","$","E","T","?","$","M","?","M","R","BOSS"],"build_version":"2018-12-20","purchased_purges":1,"victory":true,"max_hp_per_floor":[75,75,75,75,75,75,75,75,75,75,75,75,75,75,75,75,75,75,75,75,75,75,75,82,82,82,82,82,82,82,82,82,82,82,82,82,82,82,82,82,82,82,82,82,82,82,82,82,82,82],"card_choices":[{"not_picked":["Go for the Eyes","Gash"],"picked":"Conserve Battery","floor":1},{"not_picked":["Compile Driver","Stack"],"picked":"Rebound","floor":2},{"not_picked":["Streamline","Gash"],"picked":"Glacier","floor":4},{"not_picked":["Turbo","Stack"],"picked":"Ball Lightning","floor":7},{"not_picked":["Aggregate","Barrage"],"picked":"Heatsinks","floor":10},{"not_picked":["Beam Cell","Undo"],"picked":"Chaos","floor":11},{"not_picked":["Compile Driver","Storm"],"picked":"Creative AI","floor":13},{"not_picked":["Seek","Core Surge"],"picked":"Electrodynamics","floor":16},{"not_picked":["Stack","Turbo"],"picked":"Heatsinks","floor":17},{"not_picked":["Heatsinks","Turbo"],"picked":"Hello World","floor":17},{"not_picked":["Static Discharge","Cold Snap"],"picked":"Doom and Gloom","floor":17},{"not_picked":["Ball Lightning","Electrodynamics"],"picked":"Sweeping Beam","floor":17},{"not_picked":["Lockon","Go for the Eyes"],"picked":"Stack","floor":17},{"not_picked":["Chaos","Go for the Eyes"],"picked":"Self Repair+1","floor":18},{"not_picked":["Hologram","Conserve Battery"],"picked":"Force Field+1","floor":21},{"not_picked":["Stack","Machine Learning"],"picked":"Leap","floor":22},{"not_picked":["Reinforced Body","Tempest"],"picked":"Conserve Battery+1","floor":24},{"not_picked":["Leap+1","Sweeping Beam","Scrape"],"picked":"SKIP","floor":31},{"not_picked":["Hologram","Steam"],"picked":"Lockon+1","floor":35},{"not_picked":["Sweeping Beam+1","Stack+1"],"picked":"Double Energy+1","floor":36},{"not_picked":["Streamline+1","Sweeping Beam","Compile Driver"],"picked":"SKIP","floor":42},{"not_picked":["Streamline","Chaos+1","Cold Snap"],"picked":"SKIP","floor":46},{"not_picked":["Go for the Eyes","Barrage+1","Hologram+1"],"picked":"SKIP","floor":48}],"player_experience":536176,"relics_obtained":[{"floor":7,"key":"Oddly Smooth Stone"},{"floor":9,"key":"Orichalcum"},{"floor":24,"key":"Strawberry"},{"floor":26,"key":"Bag of Preparation"},{"floor":34,"key":"Bronze Scales"},{"floor":34,"key":"Cables"},{"floor":34,"key":"Thread and Needle"},{"floor":42,"key":"Ancient Tea Set"},{"floor":43,"key":"Mummified Hand"}],"event_choices":[{"damage_healed":0,"gold_gain":0,"cards_transformed":["Ball Lightning"],"player_choice":"Change","damage_taken":0,"max_hp_gain":0,"max_hp_loss":0,"event_name":"Living Wall","floor":8,"gold_loss":0,"cards_obtained":["Hyperbeam"]},{"damage_healed":0,"gold_gain":175,"player_choice":"AGREE","damage_taken":0,"max_hp_gain":0,"max_hp_loss":0,"event_name":"Liars Game","floor":14,"gold_loss":0,"cards_obtained":["Doubt"]},{"damage_healed":25,"gold_gain":0,"player_choice":"Heal","damage_taken":0,"max_hp_gain":0,"max_hp_loss":0,"event_name":"The Library","floor":19,"gold_loss":0},{"damage_healed":0,"gold_gain":0,"player_choice":"Ignored","damage_taken":0,"max_hp_gain":0,"max_hp_loss":0,"event_name":"Beggar","floor":28,"gold_loss":0},{"damage_healed":0,"gold_gain":0,"player_choice":"Inject Mutagens","damage_taken":0,"relics_obtained":["MutagenicStrength"],"max_hp_gain":0,"max_hp_loss":0,"event_name":"Drug Dealer","floor":30,"gold_loss":0},{"cards_removed":["Regret","Clumsy","Shame"],"damage_healed":0,"gold_gain":0,"player_choice":"Removed Curses","damage_taken":0,"max_hp_gain":0,"max_hp_loss":0,"event_name":"Fountain of Cleansing","floor":37,"gold_loss":0},{"damage_healed":0,"gold_gain":0,"player_choice":"Ignored","damage_taken":0,"max_hp_gain":0,"max_hp_loss":0,"event_name":"Tomb of Lord Red Mask","floor":44,"gold_loss":0}],"is_beta":true,"boss_relics":[{"not_picked":["Pandora\u0027s Box","Cursed Key"],"picked":"Orrery"},{"not_picked":["Coffee Dripper","White Beast Statue"],"picked":"Calling Bell"}],"items_purged_floors":[20],"is_endless":false,"potions_floor_spawned":[2,4,10,16,22,24,31,35,42,46,48],"ascension_level":2}