{"path_per_floor":["M","$","M","?","M","E","R","M","T","$","?","M","$","M","R","B",null,"M","?","$","?","?","R","M","R","T","M","M","R","M","M","R"],"character_chosen":"IRONCLAD","items_purchased":["Letter Opener","Wild Strike","Orichalcum"],"gold_per_floor":[144,69,114,114,159,249,249,294,294,44,44,89,53,98,98,398,398,443,443,193,93,93,93,138,138,138,183,228,228,273,318,318,318],"floor_reached":33,"campfire_rested":6,"playtime":1336,"current_hp_per_floor":[76,76,80,80,80,77,80,65,65,65,65,71,71,74,80,42,80,72,57,57,57,57,82,73,85,85,54,15,40,36,15,40,0],"items_purged":["Perfected Strike","Bloodletting"],"gold":318,"score":249,"play_id":"03b541b4-202b-40e3-87f2-8966506af397","local_time":"20180419032818","daily_mods":["Draft","Midas","Lethality"],"is_prod":false,"is_daily":true,"chose_seed":false,"is_ascension_mode":false,"campfire_upgraded":0,"timestamp":1524117498,"path_taken":["M","$","M","?","?","E","R","M","T","$","?","M","$","M","R","BOSS","M","?","$","?","?","R","M","R","T","M","M","R","M","?","R","BOSS"],"build_version":"2018-04-12","seed_source_timestamp":0,"purchased_purges":3,"victory":false,"master_deck":["Cleave","Clash","Intimidate","True Grit+1","Uppercut","Cleave","Evolve","Hemokinesis","Inflame","Pommel Strike","Spot Weakness","True Grit+1","Pummel","Body Slam","Injury","Wild Strike+1","Clash+1","Exhume","J.A.X.","Dual Wield"],"max_hp_per_floor":[80,80,80,80,80,80,80,80,80,80,80,80,80,80,80,80,80,80,85,85,85,85,85,85,85,85,85,85,85,85,85,85,85],"relics":["Black Blood","Ice Cream","Molten Egg 2","Letter Opener","Orichalcum","Paper Frog"],"card_choices":[{"not_picked":["Warcry","Flex"],"picked":"Cleave","floor":0},{"not_picked":["Sword Boomerang","Havoc"],"picked":"Clash","floor":0},{"not_picked":["Warcry","Headbutt"],"picked":"Intimidate","floor":0},{"not_picked":["Anger","Havoc"],"picked":"True Grit","floor":0},{"not_picked":["Sword Boomerang","Armaments"],"picked":"Uppercut","floor":0},{"not_picked":["Uppercut","Sword Boomerang"],"picked":"Cleave","floor":0},{"not_picked":["Iron Wave","Cleave"],"picked":"Evolve","floor":0},{"not_picked":["Combust","Rupture"],"picked":"Hemokinesis","floor":0},{"not_picked":["Dual Wield","Thunderclap"],"picked":"Inflame","floor":0},{"not_picked":["Dropkick","Searing Blow"],"picked":"Pommel Strike","floor":0},{"not_picked":["Sever Soul","Body Slam"],"picked":"Spot Weakness","floor":0},{"not_picked":["Twin Strike","Anger"],"picked":"True Grit","floor":0},{"not_picked":["Iron Wave","Spot Weakness"],"picked":"Pummel","floor":0},{"not_picked":["Armaments","Iron Wave"],"picked":"Body Slam","floor":0},{"not_picked":["Anger","Havoc"],"picked":"Perfected Strike","floor":0},{"not_picked":["Headbutt","Carnage"],"picked":"Bloodletting","floor":1},{"not_picked":["Reckless Charge","Combust"],"picked":"Clash","floor":14},{"not_picked":["Brutality","Fiend Fire"],"picked":"Exhume","floor":16}],"player_experience":353646,"potions_floor_usage":[6,16,16,24,27,28,31,33],"damage_taken":[{"damage":10,"enemies":"Jaw Worm","floor":1,"turns":3},{"damage":0,"enemies":"Cultist","floor":3,"turns":2},{"damage":6,"enemies":"Small Slimes","floor":5,"turns":2},{"damage":9,"enemies":"Gremlin Nob","floor":6,"turns":3},{"damage":21,"enemies":"Exordium Thugs","floor":8,"turns":3},{"damage":0,"enemies":"2 Fungi Beasts","floor":12,"turns":2},{"damage":3,"enemies":"Red Slaver","floor":14,"turns":2},{"damage":44,"enemies":"The Guardian","floor":16,"turns":8},{"damage":18,"enemies":"Shell Parasite","floor":18,"turns":3},{"damage":19,"enemies":"3 Byrds","floor":24,"turns":4},{"damage":41,"enemies":"Centurion and Healer","floor":27,"turns":5},{"damage":49,"enemies":"Snake Plant","floor":28,"turns":4},{"damage":14,"enemies":"Snecko","floor":30,"turns":4},{"damage":31,"enemies":"Centurion and Healer","floor":31,"turns":6},{"damage":47,"enemies":"Collector","floor":33,"turns":3}],"event_choices":[{"event_name":"Upgrade Shrine","player_choice":"Upgraded","floor":4,"damage_taken":0},{"event_name":"Accursed Blacksmith","player_choice":"Forge","floor":11,"damage_taken":0},{"event_name":"Forgotten Altar","player_choice":"Shed Blood","floor":19,"damage_taken":0},{"event_name":"Drug Dealer","player_choice":"Got JAXXED","floor":21,"damage_taken":0},{"event_name":"The Library","player_choice":"Read","floor":22,"damage_taken":0}],"boss_relics":[{"not_picked":["Black Star","Philosopher\u0027s Stone"],"picked":"Black Blood"}],"potions_floor_spawned":[3,8,12,16,18,27,28,31],"seed_played":"8716809714031627175","killed_by":"Collector","ascension_level":0,"is_trial":false}