{"gold_per_floor":[111,128,128,128,53,86,86,96,143,143,161,171,181,203,203,298,298,311,121,121,104,116,116,28,28,28,28,42,2,19,37,37,137,137,153,133,145,145,164,164,197,210,210,210],"floor_reached":44,"playtime":2997,"items_purged":["Regret"],"score":517,"play_id":"0422fe9f-c9a5-4d26-8b25-4889a1c6d244","local_time":"20190127050524","is_ascension_mode":false,"campfire_choices":[{"floor":7,"key":"REST"},{"floor":10,"key":"REST"},{"floor":15,"key":"REST"},{"floor":23,"key":"REST"},{"data":"Barricade","floor":27,"key":"SMITH"},{"floor":32,"key":"REST"},{"floor":40,"key":"REST"}],"neow_cost":"PERCENT_DAMAGE","seed_source_timestamp":207259045744454,"circlet_count":0,"master_deck":["Strike_R","Strike_R","Strike_R","Strike_R","Defend_R","Defend_R","Defend_R","Defend_R","Bash","Double Tap","Clothesline","Shrug It Off","Sword Boomerang","Feed","Battle Trance","Metallicize","Cleave","Seeing Red","Shockwave","Exhume","Inflame+1","Barricade+1","Body Slam+1","Second Wind","Flex","Apotheosis","RitualDagger","Dual Wield","Inflame","Inflame","Shrug It Off","Impervious","Limit Break"],"relics":["Black Blood","Blood Vial","Bag of Preparation","Dream Catcher","Odd Mushroom","Sozu","Membership Card","Bottled Tornado","Boot","Kunai"],"potions_floor_usage":[6,8,16,21],"damage_taken":[{"damage":5,"enemies":"2 Louse","floor":1,"turns":4},{"damage":10,"enemies":"Jaw Worm","floor":2,"turns":4},{"damage":50,"enemies":"3 Sentries","floor":6,"turns":16},{"damage":0,"enemies":"Small Slimes","floor":8,"turns":2},{"damage":4,"enemies":"Blue Slaver","floor":11,"turns":4},{"damage":16,"enemies":"Lots of Slimes","floor":12,"turns":5},{"damage":1,"enemies":"Red Slaver","floor":13,"turns":5},{"damage":15,"enemies":"The Mushroom Lair","floor":14,"turns":5},{"damage":62,"enemies":"Slime Boss","floor":16,"turns":17},{"damage":4,"enemies":"Chosen","floor":18,"turns":6},{"damage":29,"enemies":"2 Thieves","floor":21,"turns":4},{"damage":17,"enemies":"Snake Plant","floor":22,"turns":7},{"damage":22,"enemies":"Cultist and Chosen","floor":28,"turns":6},{"damage":7,"enemies":"Chosen and Byrds","floor":30,"turns":5},{"damage":31,"enemies":"Sentry and Sphere","floor":31,"turns":5},{"damage":22,"enemies":"Champ","floor":33,"turns":12},{"damage":12,"enemies":"3 Shapes","floor":35,"turns":6},{"damage":28,"enemies":"3 Darklings","floor":37,"turns":5},{"damage":34,"enemies":"Sphere and 2 Shapes","floor":39,"turns":5},{"damage":18,"enemies":"Giant Head","floor":41,"turns":7},{"damage":66,"enemies":"Jaw Worm Horde","floor":42,"turns":8},{"damage":49,"enemies":"Transient","floor":44,"turns":3}],"seed_played":"5391285446258719062","potions_obtained":[{"floor":2,"key":"Strength Potion"},{"floor":6,"key":"Strength Potion"},{"floor":14,"key":"Swift Potion"},{"floor":16,"key":"FearPotion"}],"is_trial":false,"path_per_floor":["M","M","?","?","$","E","R","M","T","R","M","M","M","?","R","B",null,"M","$","?","M","M","R","$","?","T","R","M","$","M","M","R","B",null,"M","?","M","?","M","R","E","M","T","M"],"character_chosen":"IRONCLAD","items_purchased":["Membership Card","Apotheosis","Inflame"],"campfire_rested":6,"item_purchase_floors":[19,24,29],"current_hp_per_floor":[57,53,53,53,53,11,35,43,43,67,71,66,73,66,83,30,86,86,86,86,63,57,83,83,77,77,77,67,67,72,49,78,68,101,102,102,86,86,68,100,98,44,44,0],"gold":210,"neow_bonus":"THREE_RARE_CARDS","is_prod":false,"is_daily":false,"chose_seed":false,"campfire_upgraded":1,"win_rate":0,"timestamp":1548578124,"path_taken":["M","M","?","?","$","E","R","M","T","R","M","M","?","?","R","BOSS","M","$","?","M","?","R","?","?","T","R","M","$","M","M","R","BOSS","M","?","?","?","?","R","E","M","T","M"],"build_version":"2019-01-23","purchased_purges":1,"victory":false,"max_hp_per_floor":[80,80,80,80,80,80,80,80,80,80,80,83,83,83,83,86,86,86,86,86,86,89,89,89,89,89,89,93,93,97,97,97,101,101,104,104,104,104,108,108,112,112,112,112],"card_choices":[{"not_picked":["Exhume","Berserk"],"picked":"Double Tap","floor":0},{"not_picked":["Havoc","Flex"],"picked":"Clothesline","floor":1},{"not_picked":["Flex","Headbutt"],"picked":"Shrug It Off","floor":2},{"not_picked":["Blood for Blood","Warcry"],"picked":"Sword Boomerang","floor":6},{"not_picked":["Twin Strike","Bloodletting","Wild Strike"],"picked":"SKIP","floor":8},{"not_picked":["Dual Wield","Cleave"],"picked":"Feed","floor":10},{"not_picked":["Havoc","Pommel Strike"],"picked":"Battle Trance","floor":11},{"not_picked":["Rupture","Heavy Blade"],"picked":"Metallicize","floor":12},{"not_picked":["Twin Strike","Wild Strike"],"picked":"Cleave","floor":13},{"not_picked":["Shrug It Off","Thunderclap"],"picked":"Seeing Red","floor":14},{"not_picked":["Combust","Seeing Red"],"picked":"Shockwave","floor":15},{"not_picked":["Dark Embrace","Double Tap"],"picked":"Exhume","floor":16},{"not_picked":["Clothesline","Sever Soul+1"],"picked":"Inflame+1","floor":18},{"not_picked":["Twin Strike","Wild Strike"],"picked":"Body Slam+1","floor":21},{"not_picked":["Iron Wave+1","Uppercut"],"picked":"Second Wind","floor":22},{"not_picked":["Havoc+1","Thunderclap+1"],"picked":"Flex","floor":23},{"not_picked":["Blood for Blood+1","Cleave+1"],"picked":"Dual Wield","floor":28},{"not_picked":["Warcry","Dual Wield"],"picked":"Inflame","floor":30},{"not_picked":["Warcry","Burning Pact"],"picked":"Searing Blow","floor":31},{"not_picked":["Brutality","Perfected Strike"],"picked":"Shrug It Off","floor":32},{"not_picked":["Juggernaut","Feed"],"picked":"Impervious","floor":33},{"not_picked":["Clothesline","Second Wind+1","Sever Soul"],"picked":"SKIP","floor":35},{"not_picked":["Sentinel","Ghostly Armor","Burning Pact+1"],"picked":"SKIP","floor":37},{"not_picked":["Metallicize+1","Havoc","Spot Weakness"],"picked":"SKIP","floor":39},{"not_picked":["Anger+1","Rupture+1","Havoc"],"picked":"SKIP","floor":41},{"not_picked":["Twin Strike","Shrug It Off","Bloodletting+1"],"picked":"SKIP","floor":42}],"player_experience":609768,"relics_obtained":[{"floor":6,"key":"Bag of Preparation"},{"floor":9,"key":"Dream Catcher"},{"floor":14,"key":"Odd Mushroom"},{"floor":26,"key":"Bottled Tornado"},{"floor":41,"key":"Boot"},{"floor":43,"key":"Kunai"}],"event_choices":[{"damage_healed":0,"gold_gain":0,"player_choice":"Box","damage_taken":0,"relics_obtained":["Blood Vial"],"max_hp_gain":0,"max_hp_loss":0,"event_name":"Big Fish","floor":3,"gold_loss":0,"cards_obtained":["Regret"]},{"damage_healed":0,"gold_gain":0,"player_choice":"Leave","damage_taken":0,"max_hp_gain":0,"max_hp_loss":0,"event_name":"The Cleric","floor":4,"gold_loss":0},{"damage_healed":0,"gold_gain":0,"player_choice":"Fought Mushrooms","damage_taken":0,"max_hp_gain":0,"max_hp_loss":0,"event_name":"Mushrooms","floor":14,"gold_loss":0},{"damage_healed":0,"gold_gain":0,"cards_transformed":["Strike_R"],"player_choice":"Transformed","damage_taken":0,"max_hp_gain":0,"max_hp_loss":0,"event_name":"Transmorgrifier","floor":20,"gold_loss":0,"cards_obtained":["Barricade"]},{"damage_healed":0,"gold_gain":0,"player_choice":"Joined the Cult","damage_taken":6,"max_hp_gain":0,"max_hp_loss":0,"event_name":"Nest","floor":25,"gold_loss":0,"cards_obtained":["RitualDagger"]},{"damage_healed":0,"gold_gain":0,"player_choice":"Bought 1 Potion","damage_taken":0,"max_hp_gain":0,"max_hp_loss":0,"event_name":"The Woman in Blue","floor":36,"gold_loss":0},{"damage_healed":0,"gold_gain":0,"cards_transformed":["Searing Blow"],"player_choice":"Transformed","damage_taken":0,"max_hp_gain":0,"max_hp_loss":0,"event_name":"Transmorgrifier","floor":38,"gold_loss":0,"cards_obtained":["Limit Break"]}],"is_beta":true,"boss_relics":[{"not_picked":["Runic Pyramid","Mark of Pain"],"picked":"Sozu"},{"not_picked":["Velvet Choker","Runic Dome"],"picked":"Black Blood"}],"items_purged_floors":[5],"is_endless":false,"potions_floor_spawned":[2,6,14,16,21,28,30,31,39,41],"killed_by":"Transient","ascension_level":0}