{"path_per_floor":["M","M","?","M","?","R","M","R","T","M","$","R","?","?","R","B",null,"M","M","$"],"character_chosen":"THE_SILENT","items_purchased":["Anchor","Noxious Fumes","Regal Pillow","Accuracy"],"gold_per_floor":[114,127,127,145,145,145,162,162,231,247,26,26,86,51,51,156,156,171,188,0],"floor_reached":21,"campfire_rested":2,"playtime":1841,"current_hp_per_floor":[70,67,67,67,67,67,55,70,70,56,56,56,29,46,67,9,70,58,37,37],"items_purged":[],"gold":0,"score":169,"play_id":"99cc52ca-03a8-4b7e-84e3-f6a466ce6be1","local_time":"20180321030908","is_prod":false,"is_daily":false,"is_ascension_mode":false,"campfire_upgraded":2,"timestamp":1521610748,"path_taken":["M","M","?","M","?","R","M","R","T","M","$","R","?","?","R","BOSS","M","M","$","M"],"build_version":"2018-03-15v3","purchased_purges":0,"victory":false,"master_deck":["Defend_G","Defend_G","Defend_G","Defend_G","Defend_G","Strike_G","Strike_G","Strike_G","Strike_G","Strike_G","Survivor","Neutralize","Poisoned Stab+1","Regret","Slice+1","Burst","Expertise","Noxious Fumes+1","Dagger Spray+1","Corpse Explosion+1","Masterful Stab+1","Flying Knee+1","Accuracy"],"max_hp_per_floor":[70,70,70,70,70,70,70,70,70,70,70,70,70,70,70,70,70,70,70,70],"relics":["Black Star","Molten Egg 2","Bottled Flame","Anchor","Lantern","Runic Pyramid","Regal Pillow"],"card_choices":[{"not_picked":["Acrobatics","Underhanded Strike"],"picked":"Poisoned Stab"},{"not_picked":["Skewer","Setup"],"picked":"Well Laid Plans"},{"not_picked":["Distraction","Dodge and Roll"],"picked":"Slice"},{"not_picked":["Setup","Outmaneuver"],"picked":"Expertise"},{"not_picked":["Deadly Poison","Underhanded Strike"],"picked":"Dagger Spray"},{"not_picked":["Burst","Venomology"],"picked":"Corpse Explosion"},{"not_picked":["Cloak And Dagger","Sucker Punch"],"picked":"Masterful Stab"},{"not_picked":["Dagger Spray","Infinite Blades"],"picked":"Flying Knee"}],"player_experience":209417,"potions_floor_usage":[10,10,13,18,19,21],"damage_taken":[{"damage":0,"enemies":"2 Louse","floor":1,"turns":4},{"damage":3,"enemies":"Jaw Worm","floor":2,"turns":4},{"damage":0,"enemies":"Small Slimes","floor":4,"turns":3},{"damage":12,"enemies":"Looter","floor":7,"turns":3},{"damage":14,"enemies":"Gremlin Gang","floor":10,"turns":8},{"damage":27,"enemies":"Lagavulin Event","floor":13,"turns":6},{"damage":58,"enemies":"Slime Boss","floor":16,"turns":11},{"damage":12,"enemies":"3 Byrds","floor":18,"turns":5},{"damage":21,"enemies":"Spheric Guardian","floor":19,"turns":4},{"damage":45,"enemies":"Snecko","floor":21,"turns":7}],"event_choices":[{"event_name":"Big Fish","player_choice":"Box","floor":3,"damage_taken":0},{"event_name":"Transmorgrifier","player_choice":"Transform","floor":5,"damage_taken":0},{"event_name":"Dead Adventurer","player_choice":"Searched \u00272\u0027 times","floor":13,"damage_taken":0},{"event_name":"The Cleric","player_choice":"Healed","floor":14,"damage_taken":0}],"boss_relics":[{"not_picked":["Lizard Tail","Pandora\u0027s Box"],"picked":"Runic Pyramid"}],"potions_floor_spawned":[2,7,10,16,18,19],"seed_played":"-6124250199316790123","killed_by":"Snecko","ascension_level":0,"is_trial":false}