{"gold_per_floor":[110,110,110,110,110,110,110,110,110,145,172,184,240,252,264,406,418,425,437,449,461,473,485,516,528,540,552,598,631,643,674,686,698],"floor_reached":33,"playtime":1086,"items_purged":[],"score":363,"play_id":"efb1e9f8-6be9-43d0-8733-b397d778d5fe","local_time":"20190223115223","is_ascension_mode":true,"campfire_choices":[{"data":"Neutralize","floor":6,"key":"SMITH"},{"data":"Strike_G","floor":8,"key":"SMITH"},{"data":"Dodge and Roll","floor":15,"key":"SMITH"},{"data":"Dagger Spray","floor":23,"key":"SMITH"},{"data":"Defend_G","floor":25,"key":"SMITH"},{"floor":27,"key":"REST"},{"floor":32,"key":"REST"}],"neow_cost":"NONE","seed_source_timestamp":127840426891646,"circlet_count":0,"master_deck":["Defend_G+1","Defend_G","Defend_G","Defend_G","Defend_G","Strike_G","Strike_G+1","Strike_G+1","Survivor+1","Neutralize+1","Dagger Spray+1","Footwork+1","Unload","Dodge and Roll+1","Unload","Dagger Spray+1","PiercingWail","Dagger Spray+1","Terror"],"relics":["Philosopher\u0027s Stone","Golden Idol","MawBank","Sundial","Empty Cage","Bottled Tornado","Matryoshka"],"potions_floor_usage":[16,28,28,33,33],"damage_taken":[{"damage":0,"enemies":"Small Slimes","floor":1,"turns":5},{"damage":1,"enemies":"2 Louse","floor":10,"turns":2},{"damage":0,"enemies":"Cultist","floor":11,"turns":3},{"damage":3,"enemies":"Lagavulin","floor":13,"turns":8},{"damage":20,"enemies":"The Guardian","floor":16,"turns":14},{"damage":14,"enemies":"2 Thieves","floor":18,"turns":4},{"damage":28,"enemies":"3 Byrds","floor":24,"turns":4},{"damage":11,"enemies":"Gremlin Leader","floor":28,"turns":7},{"damage":12,"enemies":"Centurion and Healer","floor":29,"turns":8},{"damage":6,"enemies":"Cultist and Chosen","floor":31,"turns":7},{"damage":89,"enemies":"Champ","floor":33,"turns":13}],"seed_played":"2874295094889013912","potions_obtained":[{"floor":10,"key":"Swift Potion"},{"floor":16,"key":"Poison Potion"},{"floor":18,"key":"Explosive Potion"},{"floor":28,"key":"Dexterity Potion"},{"floor":31,"key":"Regen Potion"}],"is_trial":false,"path_per_floor":["M","?","$","?","?","R","?","R","T","M","M","?","E","?","R","B",null,"M","$","?","$","?","R","M","R","T","R","E","M","$","M","R","B"],"character_chosen":"THE_SILENT","items_purchased":[],"campfire_rested":2,"item_purchase_floors":[],"current_hp_per_floor":[63,63,63,49,49,49,49,49,49,48,48,65,62,65,65,45,60,46,46,46,46,65,65,37,37,37,56,45,33,33,27,46,0],"gold":698,"neow_bonus":"BOSS_RELIC","is_prod":false,"is_daily":false,"chose_seed":false,"campfire_upgraded":5,"win_rate":0,"timestamp":1550940743,"path_taken":["M","?","$","?","?","R","?","R","T","M","?","?","E","?","R","BOSS","M","$","?","?","?","R","M","R","T","R","E","?","?","M","R","BOSS"],"build_version":"2019-01-23","purchased_purges":0,"victory":false,"max_hp_per_floor":[70,70,70,70,65,65,65,65,65,65,65,65,65,65,65,65,65,65,65,65,65,65,65,65,65,65,65,65,65,65,65,65,65],"card_choices":[{"not_picked":["Cloak And Dagger","Bane"],"picked":"Dagger Spray","floor":1},{"not_picked":["Blade Dance","Reflex"],"picked":"Footwork","floor":10},{"not_picked":["Quick Slash","Bouncing Flask"],"picked":"Unload","floor":11},{"not_picked":["Backflip","Flying Knee"],"picked":"Dodge and Roll","floor":13},{"not_picked":["Burst","Doppelganger"],"picked":"Unload","floor":16},{"not_picked":["Expertise","Deflect"],"picked":"Dagger Spray","floor":18},{"not_picked":["Endless Agony+1","Outmaneuver"],"picked":"PiercingWail","floor":24},{"not_picked":["Finisher","Deadly Poison+1"],"picked":"Dagger Spray+1","floor":28},{"not_picked":["Slice","Quick Slash"],"picked":"Terror","floor":29},{"not_picked":["Cloak And Dagger","Outmaneuver","Underhanded Strike"],"picked":"SKIP","floor":31}],"player_experience":334253,"relics_obtained":[{"floor":9,"key":"MawBank"},{"floor":13,"key":"Sundial"},{"floor":26,"key":"Bottled Tornado"},{"floor":28,"key":"Matryoshka"}],"event_choices":[{"damage_healed":0,"gold_gain":0,"player_choice":"Grow","damage_taken":0,"max_hp_gain":0,"max_hp_loss":0,"event_name":"Living Wall","floor":2,"gold_loss":0,"cards_upgraded":["Dagger Spray"]},{"damage_healed":0,"gold_gain":0,"player_choice":"Entered Light","damage_taken":14,"max_hp_gain":0,"max_hp_loss":0,"event_name":"Shining Light","floor":4,"gold_loss":0,"cards_upgraded":["Strike_G","Survivor"]},{"damage_healed":0,"gold_gain":0,"player_choice":"Lose Max HP","damage_taken":0,"relics_obtained":["Golden Idol"],"max_hp_gain":0,"max_hp_loss":5,"event_name":"Golden Idol","floor":5,"gold_loss":0},{"damage_healed":0,"gold_gain":0,"player_choice":"Leave","damage_taken":0,"max_hp_gain":0,"max_hp_loss":0,"event_name":"FaceTrader","floor":7,"gold_loss":0},{"damage_healed":21,"gold_gain":0,"player_choice":"Banana","damage_taken":0,"max_hp_gain":0,"max_hp_loss":0,"event_name":"Big Fish","floor":12,"gold_loss":0},{"damage_healed":3,"gold_gain":0,"player_choice":"Full Heal","damage_taken":0,"max_hp_gain":0,"max_hp_loss":0,"event_name":"Wheel of Change","floor":14,"gold_loss":0},{"damage_healed":0,"gold_gain":0,"player_choice":"Upgraded","damage_taken":0,"max_hp_gain":0,"max_hp_loss":0,"event_name":"Upgrade Shrine","floor":20,"gold_loss":0,"cards_upgraded":["Footwork"]},{"damage_healed":19,"gold_gain":0,"player_choice":"Full Heal","damage_taken":0,"max_hp_gain":0,"max_hp_loss":0,"event_name":"Wheel of Change","floor":22,"gold_loss":0}],"is_beta":false,"boss_relics":[{"not_picked":["Black Star","Coffee Dripper"],"picked":"Empty Cage"}],"items_purged_floors":[],"is_endless":false,"potions_floor_spawned":[10,16,18,28,31],"killed_by":"Champ","ascension_level":8}