{"gold_per_floor":[113,130,147,164,181,209,224,224,224,224,141,161,161,173,173,276,276,287,3,17,34,34,34,66,76,76,76],"floor_reached":27,"playtime":1987,"items_purged":[],"score":239,"play_id":"a89ebe07-1829-447a-be0e-6a165af43419","local_time":"20190116054052","is_ascension_mode":false,"campfire_choices":[{"floor":8,"key":"REST"},{"floor":13,"key":"REST"},{"floor":15,"key":"REST"},{"floor":23,"key":"REST"}],"neow_cost":"NONE","seed_source_timestamp":372831778916601,"circlet_count":0,"master_deck":["Survivor","Neutralize","Noxious Fumes","Outmaneuver","Expertise","Blade Dance+1","Endless Agony","Bane","Predator","Flash of Steel","Choke","Backflip","After Image","Terror","Malaise","Bane","Poisoned Stab","Reflex","Deflect","Noxious Fumes","A Thousand Cuts","Blade Dance","Grand Finale","All Out Attack+1","Infinite Blades","Dagger Throw","Blade Dance","Leg Sweep","Shame","Die Die Die","Caltrops"],"relics":["WristBlade","Juzu Bracelet","Pandora\u0027s Box","Membership Card","Ancient Tea Set","Snake Skull","Gremlin Horn"],"potions_floor_usage":[4,6,12,18,20,24],"damage_taken":[{"damage":2,"enemies":"Cultist","floor":1,"turns":4},{"damage":0,"enemies":"2 Louse","floor":2,"turns":2},{"damage":9,"enemies":"Jaw Worm","floor":3,"turns":5},{"damage":12,"enemies":"Looter","floor":4,"turns":5},{"damage":13,"enemies":"3 Louse","floor":5,"turns":4},{"damage":27,"enemies":"3 Sentries","floor":6,"turns":11},{"damage":1,"enemies":"Red Slaver","floor":7,"turns":4},{"damage":11,"enemies":"Exordium Thugs","floor":12,"turns":5},{"damage":0,"enemies":"Lots of Slimes","floor":14,"turns":4},{"damage":41,"enemies":"Hexaghost","floor":16,"turns":10},{"damage":19,"enemies":"Spheric Guardian","floor":18,"turns":4},{"damage":20,"enemies":"3 Byrds","floor":20,"turns":4},{"damage":21,"enemies":"Shelled Parasite and Fungi","floor":21,"turns":4},{"damage":1,"enemies":"Gremlin Leader","floor":24,"turns":5},{"damage":23,"enemies":"Centurion and Healer","floor":25,"turns":5},{"damage":8,"enemies":"Snake Plant","floor":27,"turns":1}],"seed_played":"-6046476330872067110","potions_obtained":[{"floor":1,"key":"Swift Potion"},{"floor":4,"key":"Ancient Potion"},{"floor":7,"key":"SpeedPotion"},{"floor":16,"key":"Dexterity Potion"},{"floor":18,"key":"GamblersBrew"},{"floor":21,"key":"SteroidPotion"}],"is_trial":false,"path_per_floor":["M","M","M","M","M","E","M","R","T","?","$","M","R","M","R","B",null,"M","$","M","M","?","R","E","M","T","M"],"character_chosen":"THE_SILENT","items_purchased":["Flash of Steel","Infinite Blades","Membership Card","Dagger Throw"],"campfire_rested":4,"item_purchase_floors":[11,19,19,19],"current_hp_per_floor":[68,68,59,47,34,7,6,27,27,27,27,16,37,37,58,17,70,51,51,31,10,10,31,30,7,7,0],"gold":76,"neow_bonus":"BOSS_RELIC","is_prod":false,"is_daily":false,"chose_seed":false,"campfire_upgraded":0,"win_rate":0,"timestamp":1547629852,"path_taken":["M","M","?","M","M","E","M","R","T","?","?","M","R","M","R","BOSS","M","$","M","M","?","R","E","M","T","M"],"build_version":"2019-01-14v2","purchased_purges":0,"victory":false,"max_hp_per_floor":[70,70,70,70,70,70,70,70,70,70,70,70,70,70,70,70,70,70,70,70,70,70,70,70,70,70,70],"card_choices":[{"not_picked":["Blur","Acrobatics"],"picked":"Noxious Fumes","floor":1},{"not_picked":["Cloak And Dagger","Blur"],"picked":"Outmaneuver","floor":2},{"not_picked":["Escape Plan","Dagger Throw"],"picked":"Expertise","floor":3},{"not_picked":["Bane","Riddle With Holes"],"picked":"Blade Dance","floor":4},{"not_picked":["Acrobatics","Dodge and Roll"],"picked":"Endless Agony","floor":5},{"not_picked":["Escape Plan","Dodge and Roll"],"picked":"Bane","floor":6},{"not_picked":["Bane","Night Terror"],"picked":"Predator","floor":7},{"not_picked":["Flying Knee","Prepared"],"picked":"Choke","floor":12},{"not_picked":["Predator","All Out Attack"],"picked":"Backflip","floor":14},{"not_picked":["Phantasmal Killer","Malaise"],"picked":"After Image","floor":16},{"not_picked":["Quick Slash","Footwork+1"],"picked":"All Out Attack+1","floor":18},{"not_picked":["Underhanded Strike","Poisoned Stab"],"picked":"Blade Dance","floor":20},{"not_picked":["PiercingWail","Slice"],"picked":"Leg Sweep","floor":21},{"not_picked":["Outmaneuver","Prepared"],"picked":"Die Die Die","floor":24},{"not_picked":["Cloak And Dagger","All Out Attack"],"picked":"Caltrops","floor":25}],"player_experience":586596,"relics_obtained":[{"floor":6,"key":"Juzu Bracelet"},{"floor":24,"key":"Snake Skull"},{"floor":26,"key":"Gremlin Horn"}],"event_choices":[{"damage_healed":0,"gold_gain":0,"player_choice":"Grow","damage_taken":0,"max_hp_gain":0,"max_hp_loss":0,"event_name":"Living Wall","floor":10,"gold_loss":0,"cards_upgraded":["Blade Dance"]},{"damage_healed":0,"gold_gain":0,"player_choice":"Stole Relic","damage_taken":0,"relics_obtained":["Ancient Tea Set"],"max_hp_gain":0,"max_hp_loss":0,"event_name":"Addict","floor":22,"gold_loss":0,"cards_obtained":["Shame"]}],"is_beta":true,"boss_relics":[{"not_picked":["HoveringKite","White Beast Statue"],"picked":"Pandora\u0027s Box"}],"items_purged_floors":[],"is_endless":false,"potions_floor_spawned":[1,4,7,16,18,21],"killed_by":"Snake Plant","ascension_level":0}