{"gold_per_floor":[118,24,24,40,50,84,84,109,109,127,127,160,160,180,180,284,284,259,60,72,72,0,0,16,46,46,46,61,61,61,61,61,163,163,174,186,186,186,186,186,197,208,287,287,8,20,35,35,35,35],"floor_reached":50,"playtime":3175,"items_purged":[],"score":555,"play_id":"0451d861-a618-4fe6-8ca5-6edf605b9290","local_time":"20190106041413","is_ascension_mode":false,"campfire_choices":[{"data":"Glacier","floor":7,"key":"SMITH"},{"data":"Double Energy","floor":13,"key":"SMITH"},{"floor":15,"key":"REST"},{"floor":23,"key":"RECALL"},{"floor":27,"key":"REST"},{"data":"Rainbow","floor":32,"key":"SMITH"},{"floor":40,"key":"REST"},{"floor":44,"key":"REST"},{"floor":49,"key":"REST"}],"neow_cost":"PERCENT_DAMAGE","seed_source_timestamp":808809605601452,"circlet_count":0,"master_deck":["Strike_B+1","Strike_B+1","Strike_B+1","Strike_B+1","Defend_B+1","Defend_B+1","Defend_B+1","Defend_B+1","Zap","Dualcast","Sweeping Beam","Conserve Battery","Undo","Double Energy+1","Glacier+1","Chaos","Melter","Rainbow+1","Hello World","Static Discharge","Multi-Cast","Self Repair","Reboot","Stack+1","Magnetism","Genetic Algorithm","Hello World+1","Buffer","Discovery","Static Discharge","Defragment"],"relics":["Cracked Core","Pocketwatch","Anchor","Singing Bowl","Cables","Kunai","Orrery","HandDrill","Dream Catcher","Nunchaku","MutagenicStrength","Sozu","Happy Flower","Bottled Flame"],"potions_floor_usage":[8,14,18,25,25,35],"damage_taken":[{"damage":1,"enemies":"Jaw Worm","floor":1,"turns":3},{"damage":1,"enemies":"Cultist","floor":4,"turns":4},{"damage":3,"enemies":"Small Slimes","floor":5,"turns":2},{"damage":9,"enemies":"Lagavulin","floor":6,"turns":8},{"damage":0,"enemies":"3 Sentries","floor":8,"turns":9},{"damage":10,"enemies":"Gremlin Gang","floor":10,"turns":4},{"damage":4,"enemies":"Lagavulin","floor":12,"turns":6},{"damage":0,"enemies":"Exordium Wildlife","floor":14,"turns":5},{"damage":24,"enemies":"The Guardian","floor":16,"turns":13},{"damage":11,"enemies":"2 Thieves","floor":18,"turns":5},{"damage":0,"enemies":"Shell Parasite","floor":20,"turns":4},{"damage":7,"enemies":"Sentry and Sphere","floor":24,"turns":4},{"damage":54,"enemies":"Slavers","floor":25,"turns":6},{"damage":6,"enemies":"Snecko","floor":28,"turns":5},{"damage":43,"enemies":"Champ","floor":33,"turns":13},{"damage":24,"enemies":"3 Darklings","floor":35,"turns":8},{"damage":14,"enemies":"Orb Walker","floor":36,"turns":3},{"damage":28,"enemies":"3 Darklings","floor":41,"turns":9},{"damage":57,"enemies":"Transient","floor":42,"turns":5},{"damage":27,"enemies":"4 Shapes","floor":46,"turns":7},{"damage":36,"enemies":"Maw","floor":47,"turns":9},{"damage":70,"enemies":"Time Eater","floor":50,"turns":14}],"seed_played":"-667020085060604953","potions_obtained":[{"floor":5,"key":"LiquidBronze"},{"floor":8,"key":"GamblersBrew"},{"floor":16,"key":"Dexterity Potion"},{"floor":18,"key":"Strength Potion"},{"floor":24,"key":"Explosive Potion"},{"floor":33,"key":"SpeedPotion"}],"is_trial":false,"path_per_floor":["M","$","?","M","M","E","R","E","T","M","?","E","R","M","R","B",null,"M","$","M","?","$","R","M","E","T","R","M","?","?","?","R","B",null,"M","M","?","?","$","R","M","M","T","R","$","M","M","T","R","B"],"character_chosen":"DEFECT","items_purchased":["Conserve Battery","Self Repair","HandDrill","Self Repair","Discovery","Happy Flower","Static Discharge"],"campfire_rested":5,"item_purchase_floors":[2,2,19,22,45,45,45],"current_hp_per_floor":[53,53,75,74,71,62,62,62,62,54,59,57,57,57,82,58,88,79,79,81,81,81,81,81,36,36,66,69,69,69,69,69,33,98,83,69,66,66,66,96,75,27,27,58,58,38,11,11,44,0],"gold":35,"neow_bonus":"ONE_RARE_RELIC","is_prod":false,"is_daily":false,"chose_seed":false,"campfire_upgraded":3,"win_rate":0,"timestamp":1546760653,"path_taken":["M","$","?","M","M","E","R","E","T","?","?","E","R","M","R","BOSS","M","$","M","?","$","R","M","E","T","R","?","?","?","?","R","BOSS","M","M","?","?","$","R","M","M","T","R","$","M","M","?","R","BOSS"],"build_version":"2019-01-03v4","purchased_purges":0,"victory":false,"max_hp_per_floor":[75,75,75,75,75,75,75,75,75,77,82,84,84,84,84,84,88,90,90,92,92,92,92,92,94,94,96,98,98,98,98,98,98,98,100,100,102,102,102,102,102,104,104,104,104,104,106,106,108,108],"card_choices":[{"not_picked":["Streamline","Hologram"],"picked":"Sweeping Beam","floor":1},{"not_picked":["Rebound","Skim"],"picked":"Undo","floor":4},{"not_picked":["Hologram","Sunder"],"picked":"Double Energy","floor":5},{"not_picked":["Force Field","Gash"],"picked":"Glacier","floor":6},{"not_picked":["Turbo","Reprogram"],"picked":"Chaos","floor":8},{"not_picked":["Leap","Cold Snap","Redo"],"picked":"Singing Bowl","floor":10},{"not_picked":["Undo","Leap","Chill"],"picked":"Singing Bowl","floor":12},{"not_picked":["Chill","Redo"],"picked":"Melter","floor":14},{"not_picked":["All For One","Hyperbeam"],"picked":"Rainbow","floor":16},{"not_picked":["Gash","Reinforced Body"],"picked":"Heatsinks","floor":17},{"not_picked":["Turbo","Sweeping Beam","Chaos"],"picked":"Singing Bowl","floor":17},{"not_picked":["Stack","Streamline"],"picked":"Hello World","floor":17},{"not_picked":["Hello World","Chill","Force Field"],"picked":"Singing Bowl","floor":17},{"not_picked":["Turbo","Compile Driver"],"picked":"Static Discharge","floor":17},{"not_picked":["Undo","Steam","Go for the Eyes"],"picked":"Singing Bowl","floor":18},{"not_picked":["Reinforced Body","Biased Cognition","Coolheaded"],"picked":"Singing Bowl","floor":20},{"not_picked":["Leap","Ball Lightning"],"picked":"BootSequence","floor":24},{"not_picked":["Streamline","All For One","Coolheaded+1"],"picked":"Singing Bowl","floor":25},{"not_picked":["Cold Snap+1","Conserve Battery","Steam"],"picked":"Singing Bowl","floor":27},{"not_picked":["Undo+1","Sweeping Beam+1","Steam"],"picked":"Singing Bowl","floor":28},{"not_picked":["All For One","Electrodynamics"],"picked":"Reboot","floor":33},{"not_picked":["Self Repair+1","Steam+1","Recycle"],"picked":"Singing Bowl","floor":35},{"not_picked":["Hologram+1","Ball Lightning"],"picked":"Stack+1","floor":36},{"not_picked":["Violence","Blind","Impatience"],"picked":"Singing Bowl","floor":37},{"not_picked":["Secret Weapon","Purity"],"picked":"Magnetism","floor":37},{"not_picked":["Barrage","Beam Cell"],"picked":"Genetic Algorithm","floor":40},{"not_picked":["Gash","Hologram"],"picked":"Hello World+1","floor":41},{"not_picked":["Go for the Eyes+1","Hologram","Turbo+1"],"picked":"Singing Bowl","floor":42},{"not_picked":["Hello World","Loop"],"picked":"Buffer","floor":44},{"not_picked":["Sweeping Beam","Force Field"],"picked":"Defragment","floor":46},{"not_picked":["Go for the Eyes+1","Hologram","Rebound"],"picked":"Singing Bowl","floor":47},{"not_picked":["Lockon+1","Heatsinks+1","Turbo"],"picked":"Singing Bowl","floor":49}],"player_experience":576730,"relics_obtained":[{"floor":6,"key":"Anchor"},{"floor":8,"key":"Singing Bowl"},{"floor":9,"key":"Cables"},{"floor":12,"key":"Kunai"},{"floor":25,"key":"Dream Catcher"},{"floor":26,"key":"Nunchaku"},{"floor":48,"key":"Bottled Flame"}],"event_choices":[{"cards_removed":["Self Repair"],"damage_healed":22,"gold_gain":0,"player_choice":"Offered Uncommon","damage_taken":0,"max_hp_gain":0,"max_hp_loss":0,"event_name":"Bonfire Elementals","floor":3,"gold_loss":0},{"damage_healed":0,"gold_gain":0,"player_choice":"Donut","damage_taken":0,"max_hp_gain":5,"max_hp_loss":0,"event_name":"Big Fish","floor":11,"gold_loss":0},{"damage_healed":0,"gold_gain":0,"cards_transformed":["Heatsinks"],"player_choice":"Transformed","damage_taken":0,"max_hp_gain":0,"max_hp_loss":0,"event_name":"Transmorgrifier","floor":21,"gold_loss":0,"cards_obtained":["Multi-Cast"]},{"damage_healed":0,"gold_gain":0,"player_choice":"Inject Mutagens","damage_taken":0,"relics_obtained":["MutagenicStrength"],"max_hp_gain":0,"max_hp_loss":0,"event_name":"Drug Dealer","floor":29,"gold_loss":0},{"damage_healed":0,"gold_gain":0,"player_choice":"Simplicity","damage_taken":0,"max_hp_gain":0,"max_hp_loss":0,"event_name":"Back to Basics","floor":30,"gold_loss":0,"cards_upgraded":["Strike_B","Strike_B","Strike_B","Strike_B","Defend_B","Defend_B","Defend_B","Defend_B"]},{"damage_healed":0,"gold_gain":0,"player_choice":"Ignored","damage_taken":0,"max_hp_gain":0,"max_hp_loss":0,"event_name":"Vampires","floor":31,"gold_loss":0},{"damage_healed":0,"gold_gain":0,"player_choice":"Memory 2","damage_taken":5,"max_hp_gain":0,"max_hp_loss":0,"event_name":"SensoryStone","floor":37,"gold_loss":0},{"cards_removed":["BootSequence"],"damage_healed":0,"gold_gain":0,"player_choice":"Removed Skill","damage_taken":0,"max_hp_gain":0,"max_hp_loss":0,"event_name":"Falling","floor":38,"gold_loss":0}],"is_beta":true,"boss_relics":[{"not_picked":["Coffee Dripper","Astrolabe"],"picked":"Orrery"},{"not_picked":["Eternal Feather","Velvet Choker"],"picked":"Sozu"}],"items_purged_floors":[],"is_endless":false,"potions_floor_spawned":[5,8,16,18,24,33,35,47],"killed_by":"Time Eater","ascension_level":0}