{"gold_per_floor":[115,132,30,30,108,140,140,140,166,195,345,39,59,75,75,152,152,152],"floor_reached":18,"playtime":468,"items_purged":["Doubt"],"score":386,"play_id":"bfcad716-c03b-4670-915e-74a5d9d4666c","local_time":"20190222190203","is_ascension_mode":true,"campfire_choices":[{"floor":8,"key":"REST"},{"data":"Iron Wave","floor":15,"key":"SMITH"}],"neow_cost":"NONE","seed_source_timestamp":15548073331294113,"circlet_count":0,"master_deck":["AscendersBane","Strike_R","Strike_R","Strike_R","Strike_R","Strike_R","Defend_R","Defend_R","Defend_R+1","Defend_R","Bash","Seeing Red","Uppercut","Flash of Steel+1","Iron Wave","Whirlwind","Inflame","Iron Wave+1","Inflame","Demon Form"],"relics":["Burning Blood","NeowsBlessing","Smiling Mask","Happy Flower","Lantern","Juzu Bracelet","Eternal Feather"],"potions_floor_usage":[10,16,16,16,16],"damage_taken":[{"damage":0,"enemies":"Cultist","floor":1,"turns":1},{"damage":0,"enemies":"2 Louse","floor":2,"turns":1},{"damage":0,"enemies":"Gremlin Nob","floor":6,"turns":1},{"damage":10,"enemies":"Lagavulin","floor":10,"turns":5},{"damage":1,"enemies":"Jaw Worm","floor":13,"turns":2},{"damage":4,"enemies":"2 Fungi Beasts","floor":14,"turns":3},{"damage":50,"enemies":"Hexaghost","floor":16,"turns":8},{"damage":65,"enemies":"3 Byrds","floor":18,"turns":4}],"seed_played":"-6745606945636620381","potions_obtained":[{"floor":1,"key":"Block Potion"},{"floor":2,"key":"Dexterity Potion"},{"floor":10,"key":"EntropicBrew"}],"is_trial":false,"path_per_floor":["M","M","$","?","?","E","?","R","T","E","?","$","M","M","R","B",null,"M"],"character_chosen":"IRONCLAD","items_purchased":["Flash of Steel","Juzu Bracelet","Inflame"],"campfire_rested":1,"item_purchase_floors":[3,12,12],"current_hp_per_floor":[74,75,75,52,52,58,58,75,75,71,71,71,75,75,75,31,64,0],"gold":152,"neow_bonus":"THREE_ENEMY_KILL","is_prod":false,"is_daily":false,"chose_seed":false,"campfire_upgraded":1,"win_rate":0,"timestamp":1550858523,"path_taken":["M","?","$","?","?","E","?","R","T","E","?","?","M","M","R","BOSS","M"],"build_version":"2019-01-23","purchased_purges":1,"victory":false,"max_hp_per_floor":[75,75,75,75,75,75,75,75,75,75,75,75,75,75,75,75,75,75],"card_choices":[{"not_picked":["Blood for Blood","Shrug It Off"],"picked":"Seeing Red","floor":1},{"not_picked":["Battle Trance","Heavy Blade"],"picked":"Uppercut","floor":2},{"not_picked":["Bludgeon","Body Slam"],"picked":"Iron Wave","floor":6},{"not_picked":["Anger","Reckless Charge"],"picked":"Whirlwind","floor":10},{"not_picked":["Armaments","Sword Boomerang"],"picked":"Iron Wave","floor":13},{"not_picked":["Seeing Red","Thunderclap"],"picked":"Inflame","floor":14},{"not_picked":["Offering","Reaper"],"picked":"Demon Form","floor":16}],"player_experience":425523,"relics_obtained":[{"floor":6,"key":"Smiling Mask"},{"floor":9,"key":"Happy Flower"},{"floor":10,"key":"Lantern"}],"event_choices":[{"damage_healed":0,"gold_gain":0,"player_choice":"Entered Light","damage_taken":23,"max_hp_gain":0,"max_hp_loss":0,"event_name":"Shining Light","floor":4,"gold_loss":0,"cards_upgraded":["Flash of Steel","Defend_R"]},{"damage_healed":0,"gold_gain":78,"player_choice":"Gained Gold","damage_taken":0,"max_hp_gain":0,"max_hp_loss":0,"event_name":"Golden Wing","floor":5,"gold_loss":0},{"damage_healed":0,"gold_gain":0,"player_choice":"Ignored","damage_taken":0,"max_hp_gain":0,"max_hp_loss":0,"event_name":"Golden Idol","floor":7,"gold_loss":0},{"damage_healed":0,"gold_gain":150,"player_choice":"AGREE","damage_taken":0,"max_hp_gain":0,"max_hp_loss":0,"event_name":"Liars Game","floor":11,"gold_loss":0,"cards_obtained":["Doubt"]}],"is_beta":false,"boss_relics":[{"not_picked":["Philosopher\u0027s Stone","Ectoplasm"],"picked":"Eternal Feather"}],"items_purged_floors":[12],"is_endless":false,"potions_floor_spawned":[1,2,10,13],"killed_by":"3 Byrds","ascension_level":20}