{"gold_per_floor":[109,74,74,93,18,18,29,29,29,48,68,143,43,68,68,163,163,183,197,197,220,232,244,267,76,76,7,7,0,12,12,12,107,107,120,120,72,85,96,96,110,110,110,121,134,51,70,88,88,88],"floor_reached":50,"playtime":4637,"items_purged":["Bash","Strike_R"],"score":484,"play_id":"de90ef2f-d793-4d7b-bc3e-be693b18eaba","local_time":"20190223005042","is_ascension_mode":false,"campfire_choices":[{"data":"Cleave","floor":6,"key":"SMITH"},{"data":"Twin Strike","floor":8,"key":"SMITH"},{"floor":15,"key":"REST"},{"floor":23,"key":"REST"},{"floor":32,"key":"REST"},{"floor":40,"key":"REST"},{"floor":42,"key":"REST"},{"floor":49,"key":"REST"}],"neow_cost":"PERCENT_DAMAGE","seed_source_timestamp":52118054241556,"circlet_count":0,"master_deck":["Strike_R+1","Strike_R+1","Defend_R+1","Defend_R+1","Defend_R+1","Armaments+1","Cleave+1","Twin Strike+1","Fire Breathing","Impervious","Double Tap+1","Burning Pact+1","Carnage+1","Iron Wave","Metallicize","Rage","Infernal Blade","Bandage Up","Rampage","Infernal Blade","Armaments+1","Impervious","Shrug It Off","Parasite","Ghostly Armor+1","Bandage Up","Parasite","Anger+1","Barricade+1"],"relics":["Burning Blood","Ornamental Fan","Pen Nib","Astrolabe","MawBank","Bird Faced Urn","Pocketwatch","Black Star","Bag of Preparation","Frozen Egg 2"],"potions_floor_usage":[16,16,33,33,41,48,48],"damage_taken":[{"damage":7,"enemies":"2 Louse","floor":1,"turns":3},{"damage":8,"enemies":"Jaw Worm","floor":4,"turns":5},{"damage":0,"enemies":"Cultist","floor":7,"turns":4},{"damage":3,"enemies":"Blue Slaver","floor":10,"turns":3},{"damage":17,"enemies":"Exordium Thugs","floor":11,"turns":6},{"damage":93,"enemies":"Hexaghost","floor":16,"turns":13},{"damage":15,"enemies":"2 Thieves","floor":18,"turns":3},{"damage":10,"enemies":"Spheric Guardian","floor":19,"turns":3},{"damage":30,"enemies":"Colosseum Slavers","floor":20,"turns":6},{"damage":39,"enemies":"Shelled Parasite and Fungi","floor":24,"turns":7},{"damage":0,"enemies":"Chosen and Byrds","floor":30,"turns":4},{"damage":65,"enemies":"Automaton","floor":33,"turns":10},{"damage":1,"enemies":"Orb Walker","floor":35,"turns":2},{"damage":26,"enemies":"3 Darklings","floor":38,"turns":9},{"damage":63,"enemies":"Writhing Mass","floor":39,"turns":14},{"damage":50,"enemies":"Jaw Worm Horde","floor":41,"turns":8},{"damage":53,"enemies":"Spire Growth","floor":44,"turns":11},{"damage":11,"enemies":"4 Shapes","floor":45,"turns":9},{"damage":35,"enemies":"Writhing Mass","floor":47,"turns":14},{"damage":0,"enemies":"3 Darklings","floor":48,"turns":8},{"damage":100,"enemies":"Donu and Deca","floor":50,"turns":8}],"seed_played":"6915699791745294116","potions_obtained":[{"floor":1,"key":"Block Potion"},{"floor":7,"key":"Strength Potion"},{"floor":16,"key":"GamblersBrew"},{"floor":18,"key":"LiquidBronze"},{"floor":30,"key":"LiquidBronze"},{"floor":39,"key":"LiquidBronze"},{"floor":47,"key":"BloodPotion"},{"floor":48,"key":"FearPotion"}],"is_trial":false,"path_per_floor":["M","?","?","M","$","R","M","R","T","M","M","?","$","T","R","B",null,"M","M","?","T","?","R","M","$","T","$","?","?","M","T","R","B",null,"M","?","$","M","M","R","M","R","T","M","M","$","M","M","R","B"],"character_chosen":"IRONCLAD","items_purchased":["Infernal Blade","Bandage Up","Rampage","Infernal Blade","AttackPotion","Bandage Up"],"campfire_rested":6,"item_purchase_floors":[25,25,25,27,37,46],"current_hp_per_floor":[71,95,95,93,93,93,96,96,96,96,85,76,76,76,96,9,96,87,83,59,59,59,87,54,54,54,54,35,35,45,45,75,24,101,101,101,101,85,36,66,28,58,58,19,22,22,7,37,67,0],"gold":88,"neow_bonus":"TWENTY_PERCENT_HP_BONUS","is_prod":false,"is_daily":false,"chose_seed":false,"campfire_upgraded":2,"win_rate":0.0,"timestamp":1550879442,"path_taken":["M","?","?","M","$","R","M","R","T","M","?","?","$","?","R","BOSS","M","M","?","?","?","R","M","?","T","$","?","?","M","?","R","BOSS","M","?","$","M","M","R","?","R","T","M","M","$","?","M","R","BOSS"],"build_version":"2019-01-23","purchased_purges":2,"victory":false,"max_hp_per_floor":[96,96,96,96,96,96,96,96,96,96,96,96,96,96,96,96,96,96,96,96,96,96,96,96,96,96,96,101,101,101,101,101,101,101,101,101,101,101,101,101,101,101,101,101,101,101,101,101,101,101],"card_choices":[{"not_picked":["Combust","Body Slam"],"picked":"Armaments","floor":1},{"not_picked":["Sword Boomerang","Pummel"],"picked":"Cleave","floor":4},{"not_picked":["Whirlwind","Clothesline"],"picked":"Twin Strike","floor":7},{"not_picked":["Clothesline","Twin Strike","Clash"],"picked":"SKIP","floor":10},{"not_picked":["Disarm","Twin Strike"],"picked":"Fire Breathing","floor":11},{"not_picked":["Bludgeon","Offering"],"picked":"Impervious","floor":16},{"not_picked":["Clothesline+1","Bloodletting+1"],"picked":"Iron Wave","floor":18},{"not_picked":["Heavy Blade","Sword Boomerang+1"],"picked":"Metallicize","floor":19},{"not_picked":["Blood for Blood","True Grit"],"picked":"Rage","floor":24},{"not_picked":["True Grit","Perfected Strike"],"picked":"Armaments+1","floor":30},{"not_picked":["Offering","Barricade"],"picked":"Impervious","floor":33},{"not_picked":["True Grit+1","Hemokinesis+1"],"picked":"Shrug It Off","floor":35},{"not_picked":["Hemokinesis","Heavy Blade","Armaments"],"picked":"SKIP","floor":38},{"not_picked":["Intimidate","Hemokinesis"],"picked":"Ghostly Armor+1","floor":39},{"not_picked":["Heavy Blade+1","Dual Wield","Iron Wave"],"picked":"SKIP","floor":41},{"not_picked":["Rupture+1","Clothesline","Shockwave+1"],"picked":"SKIP","floor":44},{"not_picked":["Clash","True Grit+1","Combust+1"],"picked":"SKIP","floor":45},{"not_picked":["Rampage","Clash"],"picked":"Anger+1","floor":47},{"not_picked":["Heavy Blade+1","Clash+1"],"picked":"Barricade+1","floor":48}],"player_experience":17101,"relics_obtained":[{"floor":9,"key":"Ornamental Fan"},{"floor":14,"key":"Pen Nib"},{"floor":21,"key":"MawBank"},{"floor":26,"key":"Bird Faced Urn"},{"floor":31,"key":"Pocketwatch"},{"floor":43,"key":"Frozen Egg 2"}],"event_choices":[{"damage_healed":24,"gold_gain":0,"player_choice":"Healed","damage_taken":0,"max_hp_gain":0,"max_hp_loss":0,"event_name":"The Cleric","floor":2,"gold_loss":35},{"damage_healed":0,"gold_gain":0,"player_choice":"Forge","damage_taken":0,"max_hp_gain":0,"max_hp_loss":0,"event_name":"Accursed Blacksmith","floor":3,"gold_loss":0,"cards_upgraded":["Armaments"]},{"damage_healed":0,"gold_gain":75,"player_choice":"Touch","damage_taken":9,"max_hp_gain":0,"max_hp_loss":0,"event_name":"FaceTrader","floor":12,"gold_loss":0},{"damage_healed":0,"gold_gain":0,"player_choice":"Fight","damage_taken":0,"max_hp_gain":0,"max_hp_loss":0,"event_name":"Colosseum","floor":20,"gold_loss":0},{"damage_healed":0,"gold_gain":0,"player_choice":"Fled From Nobs","damage_taken":0,"max_hp_gain":0,"max_hp_loss":0,"event_name":"Colosseum","floor":20,"gold_loss":0},{"damage_healed":0,"gold_gain":0,"player_choice":"Simplicity","damage_taken":0,"max_hp_gain":0,"max_hp_loss":0,"event_name":"Back to Basics","floor":22,"gold_loss":0,"cards_upgraded":["Strike_R","Strike_R","Defend_R","Defend_R","Defend_R"]},{"damage_healed":0,"gold_gain":0,"player_choice":"Shed Blood","damage_taken":24,"max_hp_gain":5,"max_hp_loss":0,"event_name":"Forgotten Altar","floor":28,"gold_loss":0},{"damage_healed":0,"gold_gain":0,"player_choice":"Paid Fearfully","damage_taken":0,"max_hp_gain":0,"max_hp_loss":0,"event_name":"Masked Bandits","floor":29,"gold_loss":7},{"damage_healed":0,"gold_gain":0,"player_choice":"Gave Potion","damage_taken":0,"relics_obtained":["Bag of Preparation"],"max_hp_gain":0,"max_hp_loss":0,"event_name":"WeMeetAgain","floor":36,"gold_loss":0}],"is_beta":false,"boss_relics":[{"not_picked":["Sozu","White Beast Statue"],"picked":"Astrolabe"},{"not_picked":["Velvet Choker","Cursed Key"],"picked":"Black Star"}],"items_purged_floors":[5,13],"is_endless":false,"potions_floor_spawned":[1,7,16,18,30,39,47,48],"killed_by":"Donu and Deca","ascension_level":0}