{"gold_per_floor":[116,134,148,164,164,164,197,197,197,197,197,238,238,238],"floor_reached":14,"playtime":642,"items_purged":[],"score":167,"play_id":"fce57e6f-c590-4d2b-a9df-2da1911d8a6f","local_time":"20190127115046","is_ascension_mode":true,"campfire_choices":[{"data":"Neutralize","floor":6.0,"key":"SMITH"},{"data":"Terror","floor":8.0,"key":"SMITH"}],"neow_cost":"NONE","seed_source_timestamp":7821843727324,"circlet_count":0,"master_deck":["AscendersBane","Defend_G","Defend_G","Defend_G","Defend_G","Defend_G","Strike_G","Strike_G","Strike_G","Strike_G","Strike_G","Survivor","Neutralize+1","Flying Knee","Dodge and Roll","Noxious Fumes","Terror+1","Backstab","Footwork"],"special_seed":0,"relics":["Ring of the Snake","Centennial Puzzle","Golden Idol","Gremlin Horn","Blue Candle","Snake Skull","Oddly Smooth Stone"],"potions_floor_usage":[14],"damage_taken":[{"damage":5.0,"enemies":"Jaw Worm","floor":1.0,"turns":7.0},{"damage":0.0,"enemies":"Small Slimes","floor":2.0,"turns":3.0},{"damage":0.0,"enemies":"2 Louse","floor":3.0,"turns":3.0},{"damage":1.0,"enemies":"Exordium Thugs","floor":4.0,"turns":5.0},{"damage":26.0,"enemies":"Gremlin Nob","floor":7.0,"turns":4.0},{"damage":13.0,"enemies":"Lagavulin","floor":12.0,"turns":7.0},{"damage":1,"enemies":"Blue Slaver","floor":14,"turns":2}],"seed_played":"-5355538593855369191","potions_obtained":[{"floor":1.0,"key":"Block Potion"},{"floor":7.0,"key":"Strength Potion"}],"is_trial":false,"path_per_floor":["M","M","M","M","?","R","E","R","T","?","?","E","?","M"],"character_chosen":"THE_SILENT","items_purchased":[],"campfire_rested":0,"item_purchase_floors":[],"current_hp_per_floor":[54,54,54,53,53,53,27,27,27,32,32,19,1,0],"gold":238,"neow_bonus":"RANDOM_COMMON_RELIC","is_prod":false,"is_daily":false,"chose_seed":false,"campfire_upgraded":2,"win_rate":0,"timestamp":1548586246,"path_taken":["M","M","M","M","?","R","E","R","T","?","?","E","?","M"],"build_version":"2019-01-23","purchased_purges":0,"victory":false,"max_hp_per_floor":[66,66,66,66,61,61,61,61,61,66,66,66,66,66],"card_choices":[{"not_picked":["Distraction","Bane"],"picked":"Flying Knee","floor":1.0},{"not_picked":["Riddle With Holes","Underhanded Strike"],"picked":"Dodge and Roll","floor":2.0},{"not_picked":["Dash","Flechettes"],"picked":"Noxious Fumes","floor":3.0},{"not_picked":["Cloak And Dagger","Dagger Spray"],"picked":"Terror","floor":4.0},{"not_picked":["Finisher","Expertise"],"picked":"Backstab","floor":7.0},{"not_picked":["Noxious Fumes","Tactician"],"picked":"Footwork","floor":12.0}],"player_experience":393348,"relics_obtained":[{"floor":7.0,"key":"Gremlin Horn"},{"floor":9.0,"key":"Blue Candle"},{"floor":12.0,"key":"Snake Skull"}],"event_choices":[{"damage_healed":0.0,"max_hp_gain":0.0,"max_hp_loss":5.0,"gold_gain":0.0,"event_name":"Golden Idol","player_choice":"Lose Max HP","floor":5.0,"gold_loss":0.0,"damage_taken":0.0,"relics_obtained":["Golden Idol"]},{"damage_healed":0.0,"max_hp_gain":5.0,"max_hp_loss":0.0,"gold_gain":0.0,"event_name":"Big Fish","player_choice":"Donut","floor":10.0,"gold_loss":0.0,"damage_taken":0.0},{"damage_healed":0.0,"max_hp_gain":0.0,"max_hp_loss":0.0,"gold_gain":0.0,"event_name":"Liars Game","player_choice":"Ignored","floor":11.0,"gold_loss":0.0,"damage_taken":0.0},{"damage_healed":0.0,"max_hp_gain":0.0,"max_hp_loss":0.0,"gold_gain":0.0,"event_name":"Scrap Ooze","player_choice":"Success","floor":13.0,"gold_loss":0.0,"damage_taken":18.0,"relics_obtained":["Oddly Smooth Stone"]}],"is_beta":false,"boss_relics":[],"items_purged_floors":[],"is_endless":false,"potions_floor_spawned":[1,7],"killed_by":"Blue Slaver","ascension_level":14}