{"gold_per_floor":[118,118,118,138,156,491,491,176,176,176,256,256,270,302,302,401,401,401,401,401,401,401,401,401,401,401,401,33,33,33,33,33,33,33,33,33,0,0,0,0,0,0,0,0,0,0,0,0,0,0],"floor_reached":51,"playtime":2775,"items_purged":[],"score":760,"play_id":"8119924d-0d23-4db4-8f36-4ba58199eac3","local_time":"20181231021613","is_ascension_mode":true,"campfire_choices":[{"data":"A Thousand Cuts","floor":7,"key":"SMITH"},{"floor":15,"key":"REST"},{"floor":23,"key":"REST"},{"floor":27,"key":"REST"},{"floor":29,"key":"REST"},{"floor":32,"key":"REST"},{"floor":40,"key":"REST"},{"data":"Calculated Gamble","floor":42,"key":"SMITH"},{"floor":47,"key":"REST"},{"floor":49,"key":"REST"}],"neow_cost":"NONE","seed_source_timestamp":283735239644118,"circlet_count":0,"master_deck":["Defend_G","Defend_G","Defend_G","Defend_G","Defend_G","Strike_G","Strike_G","Strike_G","Strike_G","Strike_G","Survivor","Neutralize","Acrobatics","Backstab","All Out Attack","A Thousand Cuts+1","HandOfGreed","Dash","Expertise","Caltrops","Slice","Calculated Gamble+1","Die Die Die","Shame","Necronomicurse","Concentrate+1","Caltrops","PiercingWail","Doppelganger","Dagger Spray","Distraction+1","Parasite","Underhanded Strike","Dash+1","Reflex","Secret Weapon"],"relics":["Ring of the Snake","Old Coin","Shovel","Mercury Hourglass","Ectoplasm","Shuriken","Necronomicon","Tough Bandages","PreservedInsect","Ice Cream","Lizard Tail","Red Mask","Ornamental Fan"],"potions_floor_usage":[2,4,4,6,11,16,30,35,39,41,46],"damage_taken":[{"damage":0,"enemies":"Small Slimes","floor":1,"turns":3},{"damage":0,"enemies":"Cultist","floor":4,"turns":5},{"damage":6,"enemies":"Jaw Worm","floor":5,"turns":5},{"damage":36,"enemies":"Gremlin Nob","floor":6,"turns":6},{"damage":9,"enemies":"3 Sentries","floor":11,"turns":3},{"damage":2,"enemies":"Large Slime","floor":13,"turns":4},{"damage":19,"enemies":"Exordium Wildlife","floor":14,"turns":5},{"damage":39,"enemies":"Hexaghost","floor":16,"turns":9},{"damage":25,"enemies":"3 Byrds","floor":18,"turns":4},{"damage":12,"enemies":"Shell Parasite","floor":22,"turns":3},{"damage":23,"enemies":"Book of Stabbing","floor":24,"turns":5},{"damage":18,"enemies":"Snecko","floor":25,"turns":5},{"damage":7,"enemies":"3 Cultists","floor":30,"turns":4},{"damage":48,"enemies":"Champ","floor":33,"turns":11},{"damage":0,"enemies":"3 Shapes","floor":35,"turns":5},{"damage":3,"enemies":"Orb Walker","floor":36,"turns":3},{"damage":20,"enemies":"Jaw Worm Horde","floor":38,"turns":3},{"damage":19,"enemies":"Writhing Mass","floor":39,"turns":5},{"damage":6,"enemies":"Reptomancer","floor":41,"turns":4},{"damage":10,"enemies":"Sphere and 2 Shapes","floor":45,"turns":3},{"damage":26,"enemies":"3 Darklings","floor":46,"turns":5},{"damage":42,"enemies":"Donu and Deca","floor":50,"turns":8}],"seed_played":"-5695544424584423384","potions_obtained":[{"floor":2,"key":"Fruit Juice"},{"floor":2,"key":"Weak Potion"},{"floor":2,"key":"Poison Potion"},{"floor":4,"key":"Regen Potion"},{"floor":5,"key":"FairyPotion"},{"floor":6,"key":"Explosive Potion"},{"floor":14,"key":"Regen Potion"},{"floor":25,"key":"Poison Potion"},{"floor":33,"key":"PowerPotion"},{"floor":35,"key":"GamblersBrew"},{"floor":39,"key":"Regen Potion"},{"floor":45,"key":"Block Potion"}],"is_trial":false,"path_per_floor":["M","?","$","M","M","E","R","$","T","$","?","?","M","M","R","B",null,"M","$","?","?","M","R","E","M","T","R","$","R","M","?","R","B",null,"M","M","?","M","M","R","E","R","T","$","M","M","R","?","R","B",null],"character_chosen":"THE_SILENT","items_purchased":["HandOfGreed","Dash","Expertise","Ice Cream","PiercingWail"],"campfire_rested":8,"item_purchase_floors":[8,8,8,28,28],"current_hp_per_floor":[77,82,82,82,76,52,52,52,52,52,43,43,41,22,46,22,82,57,57,57,41,29,53,30,12,12,36,36,60,53,53,77,29,82,82,79,79,59,40,64,72,72,72,72,62,36,60,60,82,40],"gold":0,"neow_bonus":"TEN_PERCENT_HP_BONUS","is_prod":false,"is_daily":false,"chose_seed":false,"campfire_upgraded":2,"win_rate":0,"timestamp":1546235173,"path_taken":["M","?","$","M","?","E","R","$","T","$","?","?","M","?","R","BOSS","M","$","?","?","M","R","E","M","T","R","?","R","M","?","R","BOSS","M","M","?","M","M","R","E","R","T","$","M","M","R","?","R","BOSS"],"build_version":"2018-12-25","purchased_purges":0,"victory":true,"max_hp_per_floor":[77,82,82,82,82,82,82,82,82,82,82,82,82,82,82,82,82,82,82,82,82,82,82,82,82,82,82,82,82,82,82,82,82,82,82,82,82,82,82,82,82,82,82,82,82,82,82,82,82,82],"card_choices":[{"not_picked":["Outmaneuver","Slice"],"picked":"Acrobatics","floor":1},{"not_picked":["Heel Hook","Outmaneuver"],"picked":"Backstab","floor":4},{"not_picked":["Heel Hook","Deflect"],"picked":"All Out Attack","floor":5},{"not_picked":["Dodge and Roll","Choke"],"picked":"A Thousand Cuts","floor":6},{"not_picked":["Poisoned Stab","Outmaneuver"],"picked":"Caltrops","floor":11},{"not_picked":["Sucker Punch","Choke"],"picked":"Calculated Gamble","floor":13},{"not_picked":["Cloak And Dagger","Poisoned Stab","Terror"],"picked":"SKIP","floor":14},{"not_picked":["Unload","Corpse Explosion"],"picked":"Die Die Die","floor":16},{"not_picked":["Slice","Finisher","Dodge and Roll"],"picked":"SKIP","floor":18},{"not_picked":["Bane+1","Sucker Punch","Flying Knee"],"picked":"SKIP","floor":22},{"not_picked":["Deadly Poison","Backflip"],"picked":"Concentrate+1","floor":24},{"not_picked":["Eviscerate","Blade Dance"],"picked":"Caltrops","floor":25},{"not_picked":["Outmaneuver+1","Acrobatics+1","Deadly Poison"],"picked":"SKIP","floor":30},{"not_picked":["Phantasmal Killer","Bullet Time"],"picked":"Doppelganger","floor":33},{"not_picked":["Cloak And Dagger","Deflect","Prepared+1"],"picked":"SKIP","floor":35},{"not_picked":["PiercingWail","Outmaneuver"],"picked":"Dagger Spray","floor":36},{"not_picked":["Well Laid Plans+1","Dodge and Roll+1"],"picked":"Distraction+1","floor":38},{"not_picked":["Terror","Dagger Spray+1"],"picked":"Underhanded Strike","floor":39},{"not_picked":["Underhanded Strike+1","Distraction"],"picked":"Dash+1","floor":41},{"not_picked":["Outmaneuver","Finisher"],"picked":"Reflex","floor":45},{"not_picked":["Slice","Masterful Stab","Deflect"],"picked":"SKIP","floor":46},{"not_picked":["Enlightenment","Finesse"],"picked":"Secret Weapon","floor":48}],"player_experience":558857,"relics_obtained":[{"floor":6,"key":"Old Coin"},{"floor":9,"key":"Shovel"},{"floor":21,"key":"Necronomicon"},{"floor":24,"key":"Tough Bandages"},{"floor":26,"key":"PreservedInsect"},{"floor":41,"key":"Ornamental Fan"}],"event_choices":[{"damage_healed":0,"gold_gain":0,"player_choice":"Got Potions","damage_taken":0,"max_hp_gain":0,"max_hp_loss":0,"event_name":"Lab","floor":2,"gold_loss":0},{"damage_healed":0,"gold_gain":0,"player_choice":"Searched \u00272\u0027 times","damage_taken":0,"relics_obtained":["Mercury Hourglass"],"max_hp_gain":0,"max_hp_loss":0,"event_name":"Dead Adventurer","floor":11,"gold_loss":0},{"damage_healed":0,"gold_gain":0,"player_choice":"1 cards matched","damage_taken":0,"max_hp_gain":0,"max_hp_loss":0,"event_name":"Match and Keep!","floor":12,"gold_loss":0,"cards_obtained":["Slice"]},{"damage_healed":0,"gold_gain":0,"player_choice":"Stole Relic","damage_taken":0,"relics_obtained":["Shuriken"],"max_hp_gain":0,"max_hp_loss":0,"event_name":"Addict","floor":20,"gold_loss":0,"cards_obtained":["Shame"]},{"damage_healed":0,"gold_gain":0,"player_choice":"Obtained Book","damage_taken":16,"max_hp_gain":0,"max_hp_loss":0,"event_name":"Cursed Tome","floor":21,"gold_loss":0},{"damage_healed":0,"gold_gain":0,"player_choice":"Ignored","damage_taken":0,"max_hp_gain":0,"max_hp_loss":0,"event_name":"Beggar","floor":31,"gold_loss":0},{"damage_healed":0,"gold_gain":0,"player_choice":"Paid","damage_taken":0,"relics_obtained":["Red Mask"],"max_hp_gain":0,"max_hp_loss":0,"event_name":"Tomb of Lord Red Mask","floor":37,"gold_loss":33},{"damage_healed":0,"gold_gain":0,"player_choice":"Memory 1","damage_taken":0,"max_hp_gain":0,"max_hp_loss":0,"event_name":"SensoryStone","floor":48,"gold_loss":0}],"is_beta":true,"boss_relics":[{"not_picked":["Ring of the Serpent","White Beast Statue"],"picked":"Ectoplasm"},{"not_picked":["Runic Pyramid","Tiny House"],"picked":"Lizard Tail"}],"items_purged_floors":[],"is_endless":false,"potions_floor_spawned":[4,5,6,14,25,33,35,39,45],"ascension_level":2}