{"path_per_floor":["M","?","?","M","M","R","$","M","T","?","E","R","?","M","R","B",null,"M","?","?","$","M","E","R","M","T","$","R","E","?","M","R"],"character_chosen":"IRONCLAD","items_purchased":["Oddly Smooth Stone","Offering","Ice Cream","Flame Barrier","Letter Opener"],"gold_per_floor":[144,144,144,189,234,234,4,49,49,49,139,139,139,184,184,484,484,529,499,499,126,171,261,261,306,356,106,106,196,96,141,141,141],"floor_reached":33,"campfire_rested":6,"playtime":1349,"current_hp_per_floor":[80,80,80,80,80,80,80,75,75,75,65,80,64,63,85,25,85,79,79,79,79,84,50,77,54,54,54,81,30,30,31,60,0],"items_purged":[],"gold":141,"score":333,"play_id":"949f650b-7aeb-4810-920b-ebd6c3c240d0","local_time":"20180401025900","daily_mods":["Diverse","Midas","Elite Swarm"],"is_prod":false,"is_daily":true,"is_ascension_mode":false,"campfire_upgraded":0,"timestamp":1522560540,"path_taken":["M","?","?","M","?","R","?","M","T","?","E","R","?","M","R","BOSS","M","?","?","?","?","E","R","M","T","$","R","E","?","M","R","BOSS"],"build_version":"2018-03-29v2","purchased_purges":0,"victory":false,"master_deck":["Strike_R+1","Strike_R+1","Strike_R","Strike_R+1","Strike_R","Defend_R","Defend_R","Defend_R","Defend_R","Bash","Blade Dance","Perfected Strike","Flex","Offering","Perfected Strike+1","Feed","Offering","Flame Barrier","Flame Barrier","Shrug It Off","Impervious","Wild Strike+1","J.A.X."],"max_hp_per_floor":[80,80,80,80,80,80,80,80,80,80,80,80,80,85,85,85,85,87,87,87,87,90,90,90,93,93,93,93,95,95,97,97,97],"relics":["Black Blood","Oddly Smooth Stone","Sundial","Singing Bowl","Ice Cream","Whetstone","Prayer Wheel","Letter Opener","Anchor"],"card_choices":[{"not_picked":["Sword Boomerang","Clash"],"picked":"Perfected Strike","floor":1},{"not_picked":["True Grit","Headbutt"],"picked":"Flex","floor":4},{"not_picked":["Rampage","Searing Blow"],"picked":"Perfected Strike","floor":8},{"not_picked":["Juggernaut","Exhume"],"picked":"Feed","floor":11},{"not_picked":["Limit Break","Dark Embrace"],"picked":"Offering","floor":16},{"not_picked":["Rupture","Feel No Pain"],"picked":"Shrug It Off","floor":22},{"not_picked":["Double Tap","Immolate"],"picked":"Impervious","floor":23},{"not_picked":["Hemokinesis","Bloodletting"],"picked":"Wild Strike","floor":25}],"player_experience":269018,"potions_floor_usage":[11,14,22,22,23,33],"damage_taken":[{"damage":0,"enemies":"2 Louse","floor":1,"turns":3},{"damage":6,"enemies":"Jaw Worm","floor":4,"turns":3},{"damage":6,"enemies":"Small Slimes","floor":5,"turns":3},{"damage":11,"enemies":"Blue Slaver","floor":8,"turns":3},{"damage":16,"enemies":"Gremlin Nob","floor":11,"turns":3},{"damage":12,"enemies":"Exordium Thugs","floor":14,"turns":3},{"damage":66,"enemies":"Hexaghost","floor":16,"turns":9},{"damage":18,"enemies":"Spheric Guardian","floor":18,"turns":3},{"damage":8,"enemies":"Shell Parasite","floor":22,"turns":3},{"damage":44,"enemies":"Slavers","floor":23,"turns":9},{"damage":36,"enemies":"Cultist and Chosen","floor":25,"turns":8},{"damage":63,"enemies":"Gremlin Leader","floor":29,"turns":8},{"damage":11,"enemies":"Centurion and Healer","floor":31,"turns":4},{"damage":65,"enemies":"Collector","floor":33,"turns":11}],"event_choices":[{"event_name":"The Cleric","player_choice":"Leave","floor":2,"damage_taken":0},{"event_name":"Wheel of Change","player_choice":"Full Heal","floor":3,"damage_taken":0},{"event_name":"Purifier","player_choice":"One Purge","floor":10,"damage_taken":0},{"event_name":"Shining Light","player_choice":"Entered Light","floor":13,"damage_taken":0},{"event_name":"The Woman in Blue","player_choice":"Bought 2 Potions","floor":19,"damage_taken":0},{"event_name":"The Library","player_choice":"Read","floor":20,"damage_taken":0},{"event_name":"Drug Dealer","player_choice":"Got JAXXED","floor":30,"damage_taken":0}],"boss_relics":[{"not_picked":["Pandora\u0027s Box","Philosopher\u0027s Stone"],"picked":"Black Blood"}],"potions_floor_spawned":[8,11,18,31],"seed_played":"2322324997357656423","killed_by":"Collector","ascension_level":0,"is_trial":false}