{"gold_per_floor":[115,115,131,155,174,174,215,215,286,316,271,271,51,92,92,221,221,240,283,283,708,322,322,322,322,322,322,322,13,31,49,49,49],"floor_reached":33,"playtime":1457,"items_purged":["Regret","Injury"],"score":448,"play_id":"4811a118-0280-48e1-a956-7916f61abe51","local_time":"20190214124608","is_ascension_mode":true,"campfire_choices":[{"data":"Armaments","floor":6,"key":"SMITH"},{"data":"True Grit","floor":8,"key":"SMITH"},{"floor":12,"key":"REST"},{"floor":15,"key":"REST"},{"data":"True Grit","floor":23,"key":"SMITH"},{"data":"Heavy Blade","floor":25,"key":"SMITH"},{"data":"Flame Barrier","floor":27,"key":"SMITH"},{"data":"Whirlwind","floor":28,"key":"SMITH"},{"floor":32,"key":"RECALL"}],"neow_cost":"CURSE","seed_source_timestamp":68348392491817,"circlet_count":0,"master_deck":["AscendersBane","Strike_R","Strike_R","Strike_R","Strike_R","Strike_R","Defend_R","Defend_R","Defend_R","Defend_R","Bash","Feed","True Grit+1","Cleave","Spot Weakness","Armaments+1","Whirlwind+1","True Grit+1","Flame Barrier+1","Reaper","Heavy Blade+1","Headbutt+1"],"relics":["Burning Blood","Golden Idol","WingedGreaves","Odd Mushroom","Regal Pillow","Omamori","Snecko Eye","Red Mask","Old Coin","Pear","Thread and Needle","Meat on the Bone","Calipers"],"potions_floor_usage":[7,7,16,21],"damage_taken":[{"damage":7,"enemies":"2 Louse","floor":1,"turns":3},{"damage":7,"enemies":"Jaw Worm","floor":3,"turns":4},{"damage":0,"enemies":"Small Slimes","floor":4,"turns":3},{"damage":1,"enemies":"3 Louse","floor":5,"turns":3},{"damage":19,"enemies":"Gremlin Nob","floor":7,"turns":4},{"damage":43,"enemies":"The Mushroom Lair","floor":10,"turns":6},{"damage":22,"enemies":"Looter","floor":11,"turns":5},{"damage":21,"enemies":"3 Sentries","floor":14,"turns":7},{"damage":76,"enemies":"Slime Boss","floor":16,"turns":11},{"damage":40,"enemies":"Spheric Guardian","floor":18,"turns":9},{"damage":17,"enemies":"Masked Bandits","floor":19,"turns":3},{"damage":14,"enemies":"Colosseum Slavers","floor":21,"turns":6},{"damage":16,"enemies":"Colosseum Nobs","floor":21,"turns":4},{"damage":26,"enemies":"Chosen","floor":30,"turns":7},{"damage":6,"enemies":"Centurion and Healer","floor":31,"turns":9},{"damage":103,"enemies":"Automaton","floor":33,"turns":8}],"seed_played":"8995981411811216273","potions_obtained":[{"floor":3,"key":"Block Potion"},{"floor":4,"key":"SmokeBomb"},{"floor":5,"key":"PowerPotion"},{"floor":14,"key":"SpeedPotion"},{"floor":18,"key":"Swift Potion"},{"floor":31,"key":"FearPotion"}],"is_trial":false,"path_per_floor":["M","?","M","M","M","R","E","R","T","?","M","R","$","E","R","B",null,"M","?","$","?","$","R","?","R","T","R","R","$","M","M","R","B"],"character_chosen":"IRONCLAD","items_purchased":["Regal Pillow","Thread and Needle","Calipers"],"campfire_rested":2,"item_purchase_floors":[13,22,29],"current_hp_per_floor":[74,74,76,85,92,92,79,79,79,42,26,53,53,42,85,18,79,53,66,66,90,90,90,90,90,90,90,90,90,74,85,85,0],"gold":49,"neow_bonus":"THREE_RARE_CARDS","is_prod":false,"is_daily":false,"chose_seed":false,"campfire_upgraded":6,"win_rate":0,"timestamp":1550141168,"path_taken":["M","?","M","M","M","R","E","R","T","?","M","R","$","E","R","BOSS","M","?","$","?","$","R","?","R","T","R","R","$","M","M","R","BOSS"],"build_version":"2019-01-23","purchased_purges":2,"victory":false,"max_hp_per_floor":[83,83,86,89,92,92,92,92,92,92,92,92,92,96,96,99,99,99,102,102,115,115,115,115,115,115,115,115,115,115,119,119,119],"card_choices":[{"not_picked":["Exhume","Barricade"],"picked":"Feed","floor":0},{"not_picked":["Rage","Clash"],"picked":"True Grit","floor":1},{"not_picked":["Pommel Strike","Heavy Blade"],"picked":"Cleave","floor":3},{"not_picked":["Body Slam","Ghostly Armor"],"picked":"Spot Weakness","floor":4},{"not_picked":["Second Wind","Clothesline"],"picked":"Armaments","floor":5},{"not_picked":["Exhume","Warcry"],"picked":"Whirlwind","floor":7},{"not_picked":["Havoc","Perfected Strike"],"picked":"True Grit","floor":10},{"not_picked":["Sword Boomerang","Pommel Strike","Havoc"],"picked":"SKIP","floor":11},{"not_picked":["Pommel Strike","Pummel"],"picked":"Flame Barrier","floor":14},{"not_picked":["Exhume","Brutality"],"picked":"Reaper","floor":16},{"not_picked":["Intimidate+1","Sentinel","Warcry"],"picked":"SKIP","floor":18},{"not_picked":["Rage","Havoc"],"picked":"Heavy Blade","floor":19},{"not_picked":["Warcry","Feel No Pain"],"picked":"Headbutt+1","floor":30},{"not_picked":["Twin Strike","True Grit","Shockwave"],"picked":"SKIP","floor":31}],"player_experience":734090,"relics_obtained":[{"floor":7,"key":"WingedGreaves"},{"floor":10,"key":"Odd Mushroom"},{"floor":14,"key":"Omamori"},{"floor":19,"key":"Red Mask"},{"floor":21,"key":"Old Coin"},{"floor":21,"key":"Pear"},{"floor":26,"key":"Meat on the Bone"}],"event_choices":[{"damage_healed":0,"gold_gain":0,"player_choice":"Take Wound","damage_taken":0,"relics_obtained":["Golden Idol"],"max_hp_gain":0,"max_hp_loss":0,"event_name":"Golden Idol","floor":2,"gold_loss":0,"cards_obtained":["Injury"]},{"damage_healed":0,"gold_gain":0,"player_choice":"Fought Mushrooms","damage_taken":0,"max_hp_gain":0,"max_hp_loss":0,"event_name":"Mushrooms","floor":10,"gold_loss":0},{"damage_healed":0,"gold_gain":0,"player_choice":"Fought Bandits","damage_taken":0,"max_hp_gain":0,"max_hp_loss":0,"event_name":"Masked Bandits","floor":19,"gold_loss":0},{"damage_healed":0,"gold_gain":0,"player_choice":"Fight","damage_taken":0,"max_hp_gain":0,"max_hp_loss":0,"event_name":"Colosseum","floor":21,"gold_loss":0},{"damage_healed":0,"gold_gain":0,"player_choice":"Fought Nobs","damage_taken":0,"max_hp_gain":0,"max_hp_loss":0,"event_name":"Colosseum","floor":21,"gold_loss":0},{"damage_healed":0,"gold_gain":0,"player_choice":"Ignored","damage_taken":0,"max_hp_gain":0,"max_hp_loss":0,"event_name":"Ghosts","floor":24,"gold_loss":0}],"is_beta":false,"boss_relics":[{"not_picked":["White Beast Statue","Eternal Feather"],"picked":"Snecko Eye"}],"items_purged_floors":[13,22],"is_endless":false,"potions_floor_spawned":[3,4,5,14,18,21,31],"killed_by":"Automaton","ascension_level":12}