{"gold_per_floor":[109,129,129,141,141,167,167,182,182,182,209,227,242,252,252,347,347,366,386,386,396,495,495,112,112,112,112,129,156,156,188,188,288,288,298,298,373,393,406,406,425,105,105,105,405,455,455,490,490,490],"floor_reached":51,"playtime":3400,"items_purged":["Bite"],"score":784,"play_id":"54677650-a670-4f80-9ee4-68db84a60c01","local_time":"20190106022504","is_ascension_mode":true,"campfire_choices":[{"data":"Armaments","floor":7.0,"key":"SMITH"},{"data":"True Grit","floor":15.0,"key":"SMITH"},{"data":"Corruption","floor":23.0,"key":"SMITH"},{"data":"True Grit","floor":25.0,"key":"SMITH"},{"data":"Dark Embrace","floor":27.0,"key":"SMITH"},{"data":"Whirlwind","floor":32,"key":"SMITH"},{"data":"Battle Trance","floor":40,"key":"SMITH"},{"data":"Demon Form","floor":44,"key":"SMITH"},{"data":"Searing Blow+1","floor":47,"key":"SMITH"},{"data":"Searing Blow+2","floor":49,"key":"SMITH"}],"neow_cost":"NONE","seed_source_timestamp":350021564746028,"circlet_count":0,"master_deck":["Defend_R","Defend_R","Defend_R+1","Defend_R","Bash+1","Shrug It Off","Iron Wave","Armaments+1","Searing Blow+3","Battle Trance+1","Body Slam","Whirlwind+1","True Grit+1","Dark Embrace+1","True Grit+1","Shrug It Off+1","Bite","Bite+1","Bite","Bite","Corruption+1","Feed","Uppercut","J.A.X.","Impervious","Clothesline","Demon Form+1","Shockwave","Battle Trance","Armaments"],"special_seed":0,"relics":["Burning Blood","Mummified Hand","Dodecahedron","Darkstone Periapt","Bag of Marbles","Sozu","Red Skull","Mercury Hourglass","Whetstone","Prayer Wheel","Coffee Dripper","Bottled Tornado","Potion Belt","Old Coin","FossilizedHelix","Blood Vial"],"potions_floor_usage":[],"damage_taken":[{"damage":6.0,"enemies":"Jaw Worm","floor":1.0,"turns":5.0},{"damage":1.0,"enemies":"2 Louse","floor":2.0,"turns":3.0},{"damage":1.0,"enemies":"Cultist","floor":4.0,"turns":3.0},{"damage":25.0,"enemies":"Gremlin Nob","floor":6.0,"turns":5.0},{"damage":7.0,"enemies":"Large Slime","floor":8.0,"turns":7.0},{"damage":28.0,"enemies":"Lagavulin","floor":11.0,"turns":10.0},{"damage":8.0,"enemies":"Lots of Slimes","floor":12.0,"turns":8.0},{"damage":0.0,"enemies":"Blue Slaver","floor":13.0,"turns":4.0},{"damage":18.0,"enemies":"Large Slime","floor":14.0,"turns":7.0},{"damage":9.0,"enemies":"Hexaghost","floor":16.0,"turns":9.0},{"damage":0.0,"enemies":"Shell Parasite","floor":18.0,"turns":3.0},{"damage":3.0,"enemies":"2 Thieves","floor":19.0,"turns":4.0},{"damage":0.0,"enemies":"Snecko","floor":21.0,"turns":4.0},{"damage":3.0,"enemies":"Centurion and Healer","floor":28.0,"turns":4.0},{"damage":2.0,"enemies":"Gremlin Leader","floor":29.0,"turns":4.0},{"damage":34,"enemies":"Slavers","floor":31,"turns":5},{"damage":44,"enemies":"Champ","floor":33,"turns":9},{"damage":7,"enemies":"3 Shapes","floor":35,"turns":3},{"damage":0,"enemies":"3 Darklings","floor":38,"turns":1},{"damage":20,"enemies":"4 Shapes","floor":39,"turns":4},{"damage":13,"enemies":"Jaw Worm Horde","floor":41,"turns":4},{"damage":28,"enemies":"2 Orb Walkers","floor":46,"turns":5},{"damage":23,"enemies":"Reptomancer","floor":48,"turns":5},{"damage":10,"enemies":"Time Eater","floor":50,"turns":7}],"seed_played":"8853383332958609612","potions_obtained":[{"floor":2.0,"key":"Weak Potion"},{"floor":4.0,"key":"AttackPotion"},{"floor":11.0,"key":"LiquidBronze"}],"is_trial":false,"path_per_floor":["M","M","?","M","?","E","R","M","T","?","E","M","M","M","R","B",null,"M","M","?","M","?","R","$","R","T","R","M","E","?","E","R","B",null,"M","?","?","M","M","R","M","$","T","R","T","?","R","E","R","B",null],"character_chosen":"IRONCLAD","items_purchased":["Red Skull","Feed","Battle Trance","Bottled Tornado"],"campfire_rested":0,"item_purchase_floors":[24,24,42,42],"current_hp_per_floor":[80,80,64,69,69,50,50,49,49,49,27,25,31,19,19,16,80,80,80,56,56,56,56,56,56,56,56,60,60,60,34,34,21,60,62,62,56,62,52,52,54,54,54,54,54,39,39,28,28,41],"gold":490,"neow_bonus":"THREE_CARDS","is_prod":false,"is_daily":false,"chose_seed":false,"campfire_upgraded":10,"win_rate":0,"timestamp":1546763104,"path_taken":["M","M","?","M","?","E","R","?","T","?","E","?","M","M","R","BOSS","M","M","?","M","?","R","$","R","T","R","M","E","?","E","R","BOSS","M","?","?","M","M","R","?","?","T","R","?","?","R","E","R","BOSS"],"build_version":"2019-01-03v4","purchased_purges":1,"victory":true,"max_hp_per_floor":[80,80,80,80,80,80,80,80,80,80,80,80,80,80,80,80,80,80,80,56,56,56,56,56,56,56,56,60,60,60,60,60,60,60,63,63,63,63,66,66,69,69,69,69,69,69,69,72,72,72],"card_choices":[{"not_picked":["Iron Wave","Clash"],"picked":"Shrug It Off","floor":0.0},{"not_picked":["Clash","Blood for Blood","Dual Wield"],"picked":"SKIP","floor":1.0},{"not_picked":["Sword Boomerang","Body Slam"],"picked":"Iron Wave","floor":2.0},{"not_picked":["Warcry","Body Slam"],"picked":"Armaments","floor":4.0},{"not_picked":["Ghostly Armor","Shockwave"],"picked":"Searing Blow","floor":6.0},{"not_picked":["Bludgeon","Reckless Charge","Evolve"],"picked":"SKIP","floor":8.0},{"not_picked":["Shrug It Off","Thunderclap"],"picked":"Battle Trance","floor":11.0},{"not_picked":["Wild Strike","Anger"],"picked":"Body Slam","floor":12.0},{"not_picked":["Uppercut","Intimidate"],"picked":"Whirlwind","floor":13.0},{"not_picked":["Flex","Iron Wave"],"picked":"True Grit","floor":14.0},{"not_picked":["Limit Break","Reaper"],"picked":"Dark Embrace","floor":16.0},{"not_picked":["Pommel Strike","Battle Trance"],"picked":"True Grit","floor":18.0},{"not_picked":["Pommel Strike+1","Headbutt"],"picked":"Shrug It Off+1","floor":19.0},{"not_picked":["Armaments","Combust"],"picked":"Corruption","floor":21.0},{"not_picked":["Reckless Charge","Clash"],"picked":"Uppercut","floor":28.0},{"not_picked":["Reaper","Evolve","Dual Wield"],"picked":"SKIP","floor":29.0},{"not_picked":["Heavy Blade+1","Anger+1","Iron Wave"],"picked":"SKIP","floor":31},{"not_picked":["Immolate","Dark Embrace"],"picked":"Impervious","floor":33},{"not_picked":["Cleave+1","Perfected Strike+1"],"picked":"Clothesline","floor":35},{"not_picked":["Iron Wave+1","Perfected Strike","Uppercut"],"picked":"SKIP","floor":35},{"not_picked":["Clash","Thunderclap"],"picked":"Demon Form","floor":38},{"not_picked":["Ghostly Armor","Carnage+1","Thunderclap"],"picked":"SKIP","floor":38},{"not_picked":["Shrug It Off","True Grit","Perfected Strike"],"picked":"SKIP","floor":39},{"not_picked":["Iron Wave","Twin Strike","Cleave+1"],"picked":"SKIP","floor":39},{"not_picked":["Armaments","Clothesline+1"],"picked":"Shockwave","floor":41},{"not_picked":["Second Wind+1","Clash+1","Evolve+1"],"picked":"SKIP","floor":41},{"not_picked":["Seeing Red+1","Entrench+1"],"picked":"Armaments","floor":46},{"not_picked":["Twin Strike+1","Clothesline+1","Pummel+1"],"picked":"SKIP","floor":48}],"player_experience":146987,"relics_obtained":[{"floor":5.0,"key":"Mummified Hand"},{"floor":6.0,"key":"Dodecahedron"},{"floor":9.0,"key":"Darkstone Periapt"},{"floor":11.0,"key":"Bag of Marbles"},{"floor":26.0,"key":"Mercury Hourglass"},{"floor":29.0,"key":"Whetstone"},{"floor":31,"key":"Prayer Wheel"},{"floor":43,"key":"Potion Belt"},{"floor":45,"key":"Old Coin"},{"floor":46,"key":"FossilizedHelix"},{"floor":48,"key":"Blood Vial"}],"event_choices":[{"damage_healed":0.0,"max_hp_gain":0.0,"max_hp_loss":0.0,"gold_gain":0.0,"event_name":"Shining Light","player_choice":"Entered Light","floor":3.0,"gold_loss":0.0,"damage_taken":16.0,"cards_upgraded":["Strike_R","Defend_R"]},{"damage_healed":0.0,"max_hp_gain":0.0,"max_hp_loss":0.0,"gold_gain":0.0,"event_name":"Wheel of Change","player_choice":"Relic","floor":5.0,"gold_loss":0.0,"damage_taken":0.0},{"damage_healed":0.0,"max_hp_gain":0.0,"max_hp_loss":0.0,"gold_gain":0.0,"event_name":"Upgrade Shrine","player_choice":"Upgraded","floor":10.0,"gold_loss":0.0,"damage_taken":0.0,"cards_upgraded":["Searing Blow"]},{"damage_healed":0.0,"max_hp_gain":0.0,"max_hp_loss":24.0,"gold_gain":0.0,"event_name":"Vampires","player_choice":"Became a vampire","floor":20.0,"gold_loss":0.0,"damage_taken":0.0,"cards_obtained":["Bite","Bite","Bite","Bite","Bite"]},{"damage_healed":0.0,"max_hp_gain":0.0,"max_hp_loss":0.0,"gold_gain":99.0,"event_name":"Nest","player_choice":"Stole From Cult","floor":22.0,"gold_loss":0.0,"damage_taken":0.0},{"damage_healed":0.0,"max_hp_gain":0.0,"max_hp_loss":0.0,"gold_gain":0.0,"event_name":"Drug Dealer","player_choice":"Obtain J.A.X.","floor":30.0,"gold_loss":0.0,"damage_taken":0.0,"cards_obtained":["J.A.X."]},{"damage_healed":0,"gold_gain":0,"player_choice":"Ignored","damage_taken":0,"max_hp_gain":0,"max_hp_loss":0,"event_name":"Tomb of Lord Red Mask","floor":36,"gold_loss":0},{"damage_healed":0,"gold_gain":75,"player_choice":"Touch","damage_taken":6,"max_hp_gain":0,"max_hp_loss":0,"event_name":"FaceTrader","floor":37,"gold_loss":0},{"damage_healed":0,"gold_gain":0,"player_choice":"Fight","damage_taken":0,"max_hp_gain":0,"max_hp_loss":0,"event_name":"Mysterious Sphere","floor":46,"gold_loss":0}],"is_beta":false,"boss_relics":[{"not_picked":["Fusion Hammer","Runic Pyramid"],"picked":"Sozu"},{"not_picked":["Empty Cage","Astrolabe"],"picked":"Coffee Dripper"}],"items_purged_floors":[24],"is_endless":false,"potions_floor_spawned":[2,4,11,28,29,31,35,48],"ascension_level":1}