{"gold_per_floor":[113,113,133,408,424,458,428,428],"floor_reached":8,"playtime":406,"items_purged":[],"score":56,"play_id":"563448a8-b283-46c6-ad3c-019d12bf4e06","local_time":"20190202010339","is_ascension_mode":false,"campfire_choices":[],"neow_cost":"NONE","seed_source_timestamp":333857023954297,"circlet_count":0,"master_deck":["Strike_R","Strike_R","Strike_R","Strike_R","Strike_R","Defend_R","Defend_R","Defend_R","Defend_R","Bash","Regret","Second Wind","Regret","Shrug It Off"],"relics":["Burning Blood","Potion Belt"],"potions_floor_usage":[6,7],"damage_taken":[{"damage":7,"enemies":"2 Louse","floor":1,"turns":4},{"damage":9,"enemies":"Cultist","floor":3,"turns":3},{"damage":12,"enemies":"Jaw Worm","floor":5,"turns":4},{"damage":49,"enemies":"3 Sentries","floor":6,"turns":16},{"damage":3,"enemies":"Looter","floor":7,"turns":4},{"damage":50,"enemies":"Gremlin Nob","floor":8,"turns":5}],"seed_played":"1053986135363975892","potions_obtained":[{"floor":5,"key":"Block Potion"},{"floor":6,"key":"PowerPotion"}],"is_trial":false,"path_per_floor":["M","?","M","?","M","E","M","E"],"character_chosen":"IRONCLAD","items_purchased":[],"campfire_rested":0,"item_purchase_floors":[],"current_hp_per_floor":[87,87,84,84,78,35,38,0],"gold":428,"neow_bonus":"TEN_PERCENT_HP_BONUS","is_prod":false,"is_daily":false,"chose_seed":false,"campfire_upgraded":0,"win_rate":0,"timestamp":1549082019,"path_taken":["M","?","?","?","M","E","M","E"],"build_version":"2019-01-23","purchased_purges":0,"victory":false,"max_hp_per_floor":[88,88,88,88,88,88,88,88],"card_choices":[{"not_picked":["Heavy Blade","Intimidate"],"picked":"Entrench","floor":1},{"not_picked":["Anger","Shockwave"],"picked":"Second Wind","floor":3},{"not_picked":["Perfected Strike","Armaments"],"picked":"Shrug It Off","floor":5},{"not_picked":["Wild Strike","Sword Boomerang","Bloodletting"],"picked":"SKIP","floor":6},{"not_picked":["Iron Wave","Armaments","Entrench"],"picked":"SKIP","floor":7}],"player_experience":627133,"relics_obtained":[{"floor":6,"key":"Potion Belt"}],"event_choices":[{"cards_removed":["Entrench"],"damage_healed":0,"gold_gain":0,"player_choice":"Took Card","damage_taken":0,"max_hp_gain":0,"max_hp_loss":0,"event_name":"NoteForYourself","floor":2,"gold_loss":0,"cards_obtained":["Regret"]},{"damage_healed":0,"gold_gain":275,"player_choice":"Desecrate","damage_taken":0,"max_hp_gain":0,"max_hp_loss":0,"event_name":"Golden Shrine","floor":4,"gold_loss":0,"cards_obtained":["Regret"]}],"is_beta":true,"boss_relics":[],"items_purged_floors":[],"is_endless":false,"potions_floor_spawned":[5,6],"killed_by":"Gremlin Nob","ascension_level":0}