{"gold_per_floor":[18,18,37,49,75,75,103,130,130,6,6,6,26,26,26,101,101,114,133,133,145,163,163,163,163],"floor_reached":25,"playtime":1006,"items_purged":["Strike_R"],"score":402,"play_id":"b677f979-f9f8-4f1f-b92c-f161fdb61aa7","local_time":"20181201162108","is_ascension_mode":true,"campfire_choices":[{"data":"True Grit","floor":6.0,"key":"SMITH"},{"data":"Rampage","floor":12.0,"key":"SMITH"},{"data":"Flame Barrier","floor":15.0,"key":"SMITH"},{"floor":23,"key":"REST"}],"neow_cost":"NO_GOLD","seed_source_timestamp":17106002589629,"circlet_count":0,"master_deck":["AscendersBane","Strike_R","Defend_R","Defend_R","Defend_R","Defend_R","Flame Barrier+1","Reckless Charge","Sword Boomerang","Infernal Blade","True Grit+1","Evolve","Fiend Fire","Shrug It Off","Rampage+1","Feed","Flex","Wild Strike","Offering","Decay"],"special_seed":0,"relics":["Burning Blood","Smiling Mask","Odd Mushroom","Pantograph","Lantern","Sozu"],"potions_floor_usage":[16],"damage_taken":[{"damage":0.0,"enemies":"Jaw Worm","floor":1.0,"turns":5.0},{"damage":4.0,"enemies":"Cultist","floor":3.0,"turns":4.0},{"damage":5.0,"enemies":"Small Slimes","floor":4.0,"turns":3.0},{"damage":34.0,"enemies":"The Mushroom Lair","floor":7.0,"turns":5.0},{"damage":24.0,"enemies":"3 Sentries","floor":8.0,"turns":9.0},{"damage":6.0,"enemies":"Exordium Wildlife","floor":13.0,"turns":3.0},{"damage":18,"enemies":"Hexaghost","floor":16,"turns":9},{"damage":21,"enemies":"Chosen","floor":18,"turns":6},{"damage":22,"enemies":"3 Byrds","floor":19,"turns":4},{"damage":27,"enemies":"Shelled Parasite and Fungi","floor":21,"turns":6},{"damage":13,"enemies":"Snake Plant","floor":22,"turns":4},{"damage":40,"enemies":"Snecko","floor":25,"turns":5}],"seed_played":"-6033388743610570569","potions_obtained":[{"floor":1.0,"key":"SkillPotion"},{"floor":7.0,"key":"GamblersBrew"},{"floor":8.0,"key":"Fire Potion"}],"is_trial":false,"path_per_floor":["M","?","M","M","T","R","?","E","T","$","?","R","M","?","R","B",null,"M","M","?","M","M","R","?","M"],"character_chosen":"IRONCLAD","items_purchased":["Rampage"],"campfire_rested":1,"item_purchase_floors":[10],"current_hp_per_floor":[74,74,75,75,75,75,47,29,29,29,29,29,29,29,29,42,67,55,39,39,21,14,38,38,0],"gold":163,"neow_bonus":"TRANSFORM_TWO_CARDS","is_prod":false,"is_daily":false,"chose_seed":false,"campfire_upgraded":3,"win_rate":0,"timestamp":1543677668,"path_taken":["M","?","?","M","?","R","?","E","T","$","?","R","M","?","R","BOSS","M","M","?","M","?","R","?","?"],"build_version":"2018-11-15","purchased_purges":1,"victory":false,"max_hp_per_floor":[75,75,75,75,75,75,75,75,75,75,75,75,75,75,75,75,75,78,78,78,81,81,81,81,81],"card_choices":[{"not_picked":["Warcry","Pummel"],"picked":"Sword Boomerang","floor":1.0},{"not_picked":["Clothesline","Sword Boomerang"],"picked":"True Grit","floor":3.0},{"not_picked":["Flex","Hemokinesis"],"picked":"Evolve","floor":4.0},{"not_picked":["Headbutt","Thunderclap"],"picked":"Fiend Fire","floor":7.0},{"not_picked":["Searing Blow","Dark Embrace"],"picked":"Shrug It Off","floor":8.0},{"not_picked":["Combust","Pummel","Perfected Strike"],"picked":"SKIP","floor":13.0},{"not_picked":["Dark Embrace","Berserk"],"picked":"Feed","floor":16},{"not_picked":["Perfected Strike","Warcry","Havoc"],"picked":"SKIP","floor":18},{"not_picked":["Sword Boomerang","Pommel Strike"],"picked":"Flex","floor":19},{"not_picked":["Heavy Blade","Searing Blow"],"picked":"Wild Strike","floor":21},{"not_picked":["Clash","Sentinel"],"picked":"Offering","floor":22}],"player_experience":839551,"relics_obtained":[{"floor":5.0,"key":"Smiling Mask"},{"floor":7.0,"key":"Odd Mushroom"},{"floor":8.0,"key":"Pantograph"},{"floor":9.0,"key":"Lantern"}],"event_choices":[{"damage_healed":0.0,"max_hp_gain":0.0,"max_hp_loss":0.0,"gold_gain":0.0,"cards_transformed":["Strike_R"],"event_name":"Transmorgrifier","player_choice":"Transformed","floor":2.0,"gold_loss":0.0,"damage_taken":0.0,"cards_obtained":["Infernal Blade"]},{"damage_healed":0.0,"max_hp_gain":0.0,"max_hp_loss":0.0,"gold_gain":0.0,"event_name":"Mushrooms","player_choice":"Fought Mushrooms","floor":7.0,"gold_loss":0.0,"damage_taken":0.0},{"damage_healed":0.0,"max_hp_gain":0.0,"max_hp_loss":0.0,"gold_gain":0.0,"event_name":"Dead Adventurer","player_choice":"Searched \u00270\u0027 times","floor":11.0,"gold_loss":0.0,"damage_taken":0.0},{"damage_healed":0.0,"max_hp_gain":0.0,"max_hp_loss":0.0,"gold_gain":0.0,"event_name":"Liars Game","player_choice":"Ignored","floor":14.0,"gold_loss":0.0,"damage_taken":0.0},{"cards_removed":["Strike_R"],"damage_healed":0,"gold_gain":0,"player_choice":"Purged","damage_taken":0,"max_hp_gain":0,"max_hp_loss":0,"event_name":"Purifier","floor":20,"gold_loss":0},{"damage_healed":0,"gold_gain":0,"player_choice":"Cursed","damage_taken":0,"max_hp_gain":0,"max_hp_loss":0,"event_name":"Wheel of Change","floor":24,"gold_loss":0,"cards_obtained":["Decay"]}],"is_beta":true,"boss_relics":[{"not_picked":["Astrolabe","Coffee Dripper"],"picked":"Sozu"}],"items_purged_floors":[10],"is_endless":false,"potions_floor_spawned":[1,7,8,22],"killed_by":"Snecko","ascension_level":20}