{"path_per_floor":["M","M","?","?","M","R","M","M","T","R","M","M","?","$","R","B",null,"M","M","?","M","?","R","$","M","T","$","M","M","$","M","R","B",null,"M","?","?","$","M","$","R","?","T","R","M","T","M","M","R","B"],"character_chosen":"IRONCLAD","items_purchased":["Bag of Marbles","Second Wind","Vajra","Burning Pact"],"gold_per_floor":[114,129,129,129,144,144,159,174,224,224,239,254,254,22,22,122,122,137,152,152,167,167,167,17,32,32,32,47,62,24,39,39,139,139,154,154,154,79,94,94,94,344,369,369,384,384,399,414,414,414],"floor_reached":51,"campfire_rested":2,"playtime":1584,"current_hp_per_floor":[78,77,76,81,79,86,85,82,88,88,87,86,69,69,69,19,87,81,74,64,66,66,66,66,64,70,70,48,42,42,36,76,65,106,105,104,103,102,101,100,99,104,109,108,93,99,88,71,109,99],"items_purged":["Pain"],"gold":414,"score":843,"play_id":"f5d59de0-6c62-4b18-8fc9-5964ff9c88fc","local_time":"20180419221903","daily_mods":["Heirloom","Cursed Run","Terminal"],"is_prod":false,"is_daily":true,"chose_seed":false,"is_ascension_mode":false,"campfire_upgraded":4,"timestamp":1524185343,"path_taken":["M","M","?","?","M","R","M","M","T","R","M","M","?","$","R","BOSS","M","M","?","M","?","R","$","M","T","$","M","M","$","M","R","BOSS","M","?","?","$","M","$","R","?","T","R","?","?","M","M","R","BOSS"],"build_version":"2018-04-12","seed_source_timestamp":0,"purchased_purges":1,"victory":true,"master_deck":["Strike_R+1","Strike_R","Strike_R","Strike_R","Strike_R","Defend_R","Defend_R","Defend_R","Defend_R","Bash","True Grit+1","Regret","Cleave+1","Ghostly Armor","Injury","Pummel","Flex+1","Second Wind","Pain","Barricade+1","Perfected Strike","Flame Barrier","Necronomicurse","Infernal Blade+1","Spot Weakness","Burning Pact","Demon Form","Decay","Exhume+1","Clumsy","Writhe","Regret","Perfected Strike+1","True Grit+1","Regret","Regret","Impervious","Clumsy","Spot Weakness+1","Decay"],"max_hp_per_floor":[78,77,76,81,80,86,85,84,89,88,87,86,85,84,83,88,87,86,85,90,89,88,87,86,85,90,89,88,87,86,85,84,89,106,105,104,103,102,101,100,99,104,109,108,107,112,111,110,109,114],"relics":["Cursed Key","Darkstone Periapt","Du-Vu Doll","Shovel","Blood Vial","Strawberry","Regal Pillow","Bag of Marbles","White Beast Statue","Necronomicon","Vajra","Mummified Hand","Calling Bell","Self Forming Clay","Matryoshka","Lantern","Bag of Preparation","Happy Flower","Unceasing Top","Molten Egg 2","Ancient Tea Set"],"card_choices":[{"not_picked":["Twin Strike","Second Wind"],"picked":"True Grit","floor":1},{"not_picked":["Sword Boomerang","Pommel Strike"],"picked":"Cleave","floor":5},{"not_picked":["Headbutt","Evolve"],"picked":"Ghostly Armor","floor":8},{"not_picked":["Hemokinesis","Intimidate"],"picked":"Pummel","floor":11},{"not_picked":["Dropkick","Thunderclap"],"picked":"Flex","floor":12},{"not_picked":["Impervious","Bludgeon"],"picked":"Barricade","floor":16},{"not_picked":["Thunderclap","Cleave"],"picked":"Perfected Strike","floor":18},{"not_picked":["Blood for Blood","Shrug It Off"],"picked":"Flame Barrier","floor":19},{"not_picked":["Sword Boomerang","True Grit"],"picked":"Infernal Blade","floor":21},{"not_picked":["True Grit","Iron Wave"],"picked":"Demon Form","floor":31},{"not_picked":["Brutality","Offering"],"picked":"Exhume","floor":33},{"not_picked":["Blood for Blood","Flex"],"picked":"Perfected Strike","floor":35},{"not_picked":["Havoc","Second Wind"],"picked":"True Grit","floor":39},{"not_picked":["Infernal Blade","Combust"],"picked":"Impervious","floor":45},{"not_picked":["Carnage","Blood for Blood"],"picked":"Spot Weakness","floor":47}],"player_experience":354982,"potions_floor_usage":[16,16,31,33,33,35,39,45,47,48,50,50],"damage_taken":[{"damage":1,"enemies":"2 Louse","floor":1,"turns":4},{"damage":0,"enemies":"Jaw Worm","floor":2,"turns":3},{"damage":2,"enemies":"Cultist","floor":5,"turns":2},{"damage":0,"enemies":"2 Fungi Beasts","floor":7,"turns":2},{"damage":3,"enemies":"Blue Slaver","floor":8,"turns":3},{"damage":0,"enemies":"3 Louse","floor":11,"turns":1},{"damage":0,"enemies":"Looter","floor":12,"turns":3},{"damage":58,"enemies":"Hexaghost","floor":16,"turns":11},{"damage":6,"enemies":"2 Thieves","floor":18,"turns":4},{"damage":9,"enemies":"Chosen","floor":19,"turns":6},{"damage":0,"enemies":"Snake Plant","floor":21,"turns":1},{"damage":4,"enemies":"Chosen and Byrds","floor":25,"turns":3},{"damage":24,"enemies":"Centurion and Healer","floor":28,"turns":5},{"damage":8,"enemies":"3 Cultists","floor":29,"turns":5},{"damage":11,"enemies":"Snake Plant","floor":31,"turns":2},{"damage":19,"enemies":"Automaton","floor":33,"turns":8},{"damage":1,"enemies":"3 Shapes","floor":35,"turns":3},{"damage":0,"enemies":"3 Darklings","floor":39,"turns":1},{"damage":15,"enemies":"4 Shapes","floor":45,"turns":3},{"damage":13,"enemies":"Sphere and 2 Shapes","floor":47,"turns":4},{"damage":19,"enemies":"Maw","floor":48,"turns":6},{"damage":28,"enemies":"Donu and Deca","floor":50,"turns":8}],"event_choices":[{"event_name":"Golden Wing","player_choice":"Ignored","floor":3,"damage_taken":0},{"event_name":"Big Fish","player_choice":"Box","floor":4,"damage_taken":0},{"event_name":"Shining Light","player_choice":"Entered Light","floor":13,"damage_taken":0},{"event_name":"Cursed Tome","player_choice":"Obtained Book","floor":20,"damage_taken":0},{"event_name":"The Library","player_choice":"Read","floor":22,"damage_taken":0},{"event_name":"Fountain of Cleansing","player_choice":"Ignored","floor":36,"damage_taken":0},{"event_name":"Mysterious Sphere","player_choice":"Ignore","floor":37,"damage_taken":0},{"event_name":"Golden Shrine","player_choice":"Desecrate","floor":42,"damage_taken":0}],"boss_relics":[{"not_picked":["Runic Dome","Velvet Choker"],"picked":"White Beast Statue"},{"not_picked":["Snecko Eye","Astrolabe"],"picked":"Calling Bell"}],"potions_floor_spawned":[2,7,8,12,18,19,21,25,28,29,31,33,35,39,45,47,48],"seed_played":"8167839930029530236","ascension_level":0,"is_trial":false}