{"gold_per_floor":[117,128,61,81,98,98,118,118,118,118,118,134,54,87,87,186,186,204,223,223,233,233,233,233],"floor_reached":24,"playtime":733,"items_purged":[],"score":277,"play_id":"c64b17ad-3110-4206-88b7-d40cb601b0c0","local_time":"20190223165850","is_ascension_mode":true,"campfire_choices":[{"data":"Poisoned Stab","floor":6,"key":"SMITH"},{"data":"Noxious Fumes","floor":8,"key":"SMITH"},{"data":"Footwork","floor":11,"key":"SMITH"},{"data":"Caltrops","floor":15,"key":"SMITH"},{"floor":23,"key":"REST"}],"neow_cost":"NONE","seed_source_timestamp":146580401693406,"circlet_count":0,"master_deck":["Defend_G","Defend_G","Defend_G","Defend_G","Defend_G","Strike_G","Strike_G","Strike_G","Strike_G","Strike_G","Survivor","Neutralize","Dagger Throw","Dodge and Roll","Footwork+1","Poisoned Stab+1","Dodge and Roll","Noxious Fumes+1","Caltrops+1","Footwork","Backstab","Venomology+1","Dagger Spray","Noxious Fumes+1","Flying Knee","Decay"],"relics":["Ring of the Snake","NeowsBlessing","Question Card","Blue Candle","Black Star"],"potions_floor_usage":[14,14,14,18,19,21,24,24],"damage_taken":[{"damage":0,"enemies":"Cultist","floor":1,"turns":1},{"damage":0,"enemies":"Small Slimes","floor":2,"turns":1},{"damage":0,"enemies":"2 Louse","floor":4,"turns":1},{"damage":13,"enemies":"Large Slime","floor":5,"turns":7},{"damage":4,"enemies":"Blue Slaver","floor":7,"turns":4},{"damage":0,"enemies":"2 Fungi Beasts","floor":12,"turns":4},{"damage":4,"enemies":"Gremlin Nob","floor":14,"turns":4},{"damage":6,"enemies":"Hexaghost","floor":16,"turns":9},{"damage":20,"enemies":"3 Byrds","floor":18,"turns":5},{"damage":5,"enemies":"Shell Parasite","floor":19,"turns":9},{"damage":32,"enemies":"Snake Plant","floor":21,"turns":5},{"damage":42,"enemies":"Gremlin Leader","floor":24,"turns":4}],"seed_played":"8365215129680463122","potions_obtained":[{"floor":1,"key":"PowerPotion"},{"floor":2,"key":"Block Potion"},{"floor":4,"key":"Swift Potion"},{"floor":14,"key":"Weak Potion"},{"floor":21,"key":"Regen Potion"}],"is_trial":false,"path_per_floor":["M","M","$","M","M","R","M","R","T","T","R","M","$","E","R","B",null,"M","M","?","M","?","R","E"],"character_chosen":"THE_SILENT","items_purchased":["Footwork","Footwork"],"campfire_rested":1,"item_purchase_floors":[3,13],"current_hp_per_floor":[63,63,63,63,50,50,46,46,46,46,46,46,46,42,42,36,62,42,37,37,5,5,26,0],"gold":233,"neow_bonus":"THREE_ENEMY_KILL","is_prod":false,"is_daily":false,"chose_seed":false,"campfire_upgraded":4,"win_rate":0,"timestamp":1550959130,"path_taken":["M","?","$","?","M","R","M","R","T","?","R","M","$","E","R","BOSS","M","M","?","?","?","R","E"],"build_version":"2019-01-23","purchased_purges":0,"victory":false,"max_hp_per_floor":[70,70,70,70,70,70,70,70,70,70,70,70,70,70,70,70,70,70,70,70,70,70,70,70],"card_choices":[{"not_picked":["Leg Sweep","Calculated Gamble"],"picked":"Dagger Throw","floor":1},{"not_picked":["Distraction","Outmaneuver"],"picked":"Dodge and Roll","floor":2},{"not_picked":["Blade Dance","Dagger Throw"],"picked":"Poisoned Stab","floor":4},{"not_picked":["Slice","Backflip"],"picked":"Dodge and Roll","floor":5},{"not_picked":["Poisoned Stab","Flying Knee"],"picked":"Noxious Fumes","floor":7},{"not_picked":["Die Die Die","Underhanded Strike","Backflip"],"picked":"Caltrops","floor":12},{"not_picked":["Flying Knee","Slice","Wraith Form v2"],"picked":"Backstab","floor":14},{"not_picked":["Unload","Night Terror","Die Die Die"],"picked":"Venomology","floor":16},{"not_picked":["Deadly Poison+1","Dagger Throw+1","Backflip"],"picked":"Dagger Spray","floor":18},{"not_picked":["Calculated Gamble","Predator","Riddle With Holes"],"picked":"Noxious Fumes+1","floor":19},{"not_picked":["Endless Agony+1","Tactician","Dagger Throw+1"],"picked":"Flying Knee","floor":21}],"player_experience":352935,"relics_obtained":[{"floor":10,"key":"Question Card"},{"floor":14,"key":"Blue Candle"}],"event_choices":[{"damage_healed":0,"gold_gain":0,"player_choice":"Forge","damage_taken":0,"max_hp_gain":0,"max_hp_loss":0,"event_name":"Accursed Blacksmith","floor":20,"gold_loss":0,"cards_upgraded":["Venomology"]},{"damage_healed":0,"gold_gain":0,"player_choice":"Smashed Altar","damage_taken":0,"max_hp_gain":0,"max_hp_loss":0,"event_name":"Forgotten Altar","floor":22,"gold_loss":0,"cards_obtained":["Decay"]}],"is_beta":false,"boss_relics":[{"not_picked":["Pandora\u0027s Box","White Beast Statue"],"picked":"Black Star"}],"items_purged_floors":[],"is_endless":false,"potions_floor_spawned":[1,2,4,14,21],"killed_by":"Gremlin Leader","ascension_level":8}