{"gold_per_floor":[114,264,264,284,284,284,316,66,66,66,94,94,127,144,144,219,269,281,196,196,209,226,226],"floor_reached":23,"playtime":571,"items_purged":["Strike_R"],"score":514,"play_id":"5f91079a-dfda-4023-ab0a-ce92a901b8d2","local_time":"20190223103635","is_ascension_mode":true,"campfire_choices":[{"data":"Whirlwind","floor":6.0,"key":"SMITH"},{"data":"1","floor":10.0,"key":"LIFT"},{"data":"2","floor":12.0,"key":"LIFT"},{"data":"3","floor":15.0,"key":"LIFT"}],"neow_cost":"NONE","seed_source_timestamp":15603914510454540,"circlet_count":0,"master_deck":["AscendersBane","Strike_R","Strike_R","Strike_R","Strike_R","Defend_R","Defend_R","Defend_R","Defend_R","Bash","Whirlwind","Whirlwind+1","Thunderclap+1","Inflame","Rampage","True Grit+1","Intimidate","Rage+1"],"special_seed":0,"relics":["Burning Blood","NeowsBlessing","PreservedInsect","Membership Card","Girya","Sundial","Dodecahedron","Tiny House","Toxic Egg 2"],"potions_floor_usage":[16,16,22,22],"damage_taken":[{"damage":0.0,"enemies":"Jaw Worm","floor":1.0,"turns":1.0},{"damage":0.0,"enemies":"Small Slimes","floor":4.0,"turns":1.0},{"damage":0.0,"enemies":"Gremlin Nob","floor":7.0,"turns":1.0},{"damage":0.0,"enemies":"3 Sentries","floor":11.0,"turns":2.0},{"damage":8.0,"enemies":"Gremlin Nob","floor":13.0,"turns":3.0},{"damage":1.0,"enemies":"Cultist","floor":14.0,"turns":3.0},{"damage":45,"enemies":"Hexaghost","floor":16,"turns":5},{"damage":36,"enemies":"Spheric Guardian","floor":18,"turns":5},{"damage":18,"enemies":"Chosen","floor":21,"turns":4},{"damage":23,"enemies":"Sentry and Sphere","floor":22,"turns":4},{"damage":12,"enemies":"Chosen and Byrds","floor":23,"turns":2}],"seed_played":"5882935077928288804","potions_obtained":[{"floor":1.0,"key":"Swift Potion"},{"floor":11.0,"key":"Energy Potion"},{"floor":17,"key":"Explosive Potion"},{"floor":18,"key":"Fire Potion"}],"is_trial":false,"path_per_floor":["M","?","?","M","$","R","E","$","T","R","E","R","E","M","R","B",null,"M","?","?","M","M","M"],"character_chosen":"IRONCLAD","items_purchased":["Membership Card"],"campfire_rested":0,"item_purchase_floors":[8],"current_hp_per_floor":[74,74,67,73,73,73,75,75,75,75,75,75,73,75,75,36,70,40,40,40,28,11,0],"gold":226,"neow_bonus":"THREE_ENEMY_KILL","is_prod":false,"is_daily":false,"chose_seed":false,"campfire_upgraded":1,"win_rate":0,"timestamp":1550914595,"path_taken":["M","?","?","M","$","R","E","?","T","R","E","R","E","?","R","BOSS","M","?","?","M","M","M"],"build_version":"2019-01-23","purchased_purges":1,"victory":false,"max_hp_per_floor":[75,75,75,75,75,75,75,75,75,75,75,75,75,75,75,75,80,80,80,80,80,80,80],"card_choices":[{"not_picked":["Burning Pact","Sword Boomerang"],"picked":"Whirlwind","floor":1.0},{"not_picked":["Clash","Perfected Strike"],"picked":"Whirlwind","floor":4.0},{"not_picked":["Evolve","True Grit"],"picked":"Thunderclap","floor":7.0},{"not_picked":["Sword Boomerang","Thunderclap","Shrug It Off"],"picked":"SKIP","floor":11.0},{"not_picked":["Dark Embrace","Iron Wave"],"picked":"Inflame","floor":13.0},{"not_picked":["Thunderclap","Pummel"],"picked":"Rampage","floor":14.0},{"not_picked":["Thunderclap","Pommel Strike"],"picked":"True Grit","floor":17},{"not_picked":["Infernal Blade","True Grit"],"picked":"Intimidate","floor":18},{"not_picked":["Warcry+1","True Grit+1","Flame Barrier+1"],"picked":"SKIP","floor":21},{"not_picked":["Searing Blow","Shockwave+1"],"picked":"Rage+1","floor":22}],"player_experience":434202,"relics_obtained":[{"floor":7.0,"key":"PreservedInsect"},{"floor":9.0,"key":"Girya"},{"floor":11.0,"key":"Sundial"},{"floor":13.0,"key":"Dodecahedron"}],"event_choices":[{"damage_healed":0.0,"max_hp_gain":0.0,"max_hp_loss":0.0,"gold_gain":150.0,"event_name":"Liars Game","player_choice":"AGREE","floor":2.0,"gold_loss":0.0,"damage_taken":0.0,"cards_obtained":["Doubt"]},{"cards_removed":["Doubt"],"damage_healed":0.0,"max_hp_gain":0.0,"max_hp_loss":0.0,"gold_gain":0.0,"event_name":"Golden Wing","player_choice":"Card Removal","floor":3.0,"gold_loss":0.0,"damage_taken":7.0},{"damage_healed":0,"gold_gain":0,"player_choice":"Obtained Relic","damage_taken":0,"relics_obtained":["Toxic Egg 2"],"max_hp_gain":0,"max_hp_loss":0,"event_name":"Addict","floor":19,"gold_loss":85},{"damage_healed":0,"gold_gain":0,"player_choice":"Forge","damage_taken":0,"max_hp_gain":0,"max_hp_loss":0,"event_name":"Accursed Blacksmith","floor":20,"gold_loss":0,"cards_upgraded":["True Grit"]}],"is_beta":false,"boss_relics":[{"not_picked":["Orrery","Empty Cage"],"picked":"Tiny House"}],"items_purged_floors":[8],"is_endless":false,"potions_floor_spawned":[1,11,13,18],"killed_by":"Chosen and Byrds","ascension_level":20}