{"path_per_floor":["M","?","$","?","T","R","?","R","T","M","T","$","R","M","R","B",null,"M","M","$","?","?","R","E"],"character_chosen":"DEFECT","items_purchased":["Leap","Melter","Omamori","Dramatic Entrance"],"gold_per_floor":[148,148,22,22,22,22,52,52,136,155,178,30,30,54,54,177,177,191,206,118,33,33,33,77,77],"floor_reached":25,"campfire_rested":1,"playtime":748,"current_hp_per_floor":[76,76,76,56,56,80,80,80,80,64,64,64,64,64,64,33,80,75,56,56,56,56,62,25,0],"items_purged":[],"gold":77,"score":215,"play_id":"1f85c3ad-7306-4a57-ac04-6e1868d6b37f","local_time":"20180512232400","is_prod":false,"is_daily":false,"chose_seed":false,"is_ascension_mode":true,"campfire_upgraded":4,"timestamp":1526176440,"path_taken":["M","?","$","?","?","R","?","R","T","?","?","?","R","M","R","BOSS","M","M","$","?","?","R","E","M"],"build_version":"2018-05-12v2","seed_source_timestamp":155674339926652,"purchased_purges":0,"victory":false,"master_deck":["Strike_B","Strike_B+1","Strike_B","Strike_B+1","Defend_B","Defend_B","Defend_B","Defend_B+1","Zap+1","Dualcast","Melter","Steam","Leap","Melter","Echo Form+1","Loop+1","Hyperbeam","BootSequence+1","Dramatic Entrance+1","Chaos+1"],"max_hp_per_floor":[80,80,80,80,80,80,80,80,80,80,80,80,80,80,80,80,80,80,80,80,80,80,80,80,80],"relics":["Tiny House","Golden Idol","Potion Belt","Toolbox","Tiny Chest","Whetstone","Omamori","Eternal Feather","Bird Faced Urn","Art of War"],"card_choices":[{"not_picked":["Streamline","Cold Snap"],"picked":"Melter","floor":0},{"not_picked":["Cold Snap","Barrage"],"picked":"Ball Lightning","floor":1},{"not_picked":["Ball Lightning","Skim"],"picked":"Echo Form","floor":10},{"not_picked":["Tempest","Impulse"],"picked":"Loop","floor":14},{"not_picked":["Amplify","All For One"],"picked":"Hyperbeam","floor":16},{"not_picked":["Impulse","Rebound","Leap"],"picked":"SKIP","floor":18},{"not_picked":["Stack+1","Steam"],"picked":"BootSequence+1","floor":19},{"not_picked":["Leap+1","Force Field+1"],"picked":"Chaos+1","floor":24}],"player_experience":417091,"potions_floor_usage":[16,19,24,25],"damage_taken":[{"damage":4,"enemies":"Cultist","floor":1,"turns":4},{"damage":16,"enemies":"Jaw Worm","floor":10,"turns":4},{"damage":0,"enemies":"Small Slimes","floor":14,"turns":3},{"damage":35,"enemies":"The Guardian","floor":16,"turns":9},{"damage":5,"enemies":"Spheric Guardian","floor":18,"turns":3},{"damage":19,"enemies":"Shell Parasite","floor":19,"turns":5},{"damage":41,"enemies":"Slavers","floor":24,"turns":6},{"damage":30,"enemies":"Snake Plant","floor":25,"turns":4}],"event_choices":[{"event_name":"Living Wall","player_choice":"Change","floor":2,"damage_taken":0},{"event_name":"Golden Idol","player_choice":"Take Damage","floor":4,"damage_taken":0},{"event_name":"Dead Adventurer","player_choice":"Searched \u00273\u0027 times","floor":7,"damage_taken":0},{"event_name":"Addict","player_choice":"Obtained Relic","floor":21,"damage_taken":0},{"event_name":"Ghosts","player_choice":"Ignored","floor":22,"damage_taken":0}],"boss_relics":[{"not_picked":["Black Star","White Beast Statue"],"picked":"Eternal Feather"}],"potions_floor_spawned":[14,18,24],"seed_played":"2310195520085447835","killed_by":"Snake Plant","ascension_level":1,"is_trial":false}