{"gold_per_floor":[115,125,125,192,202,232,232,232,232,251,269,279,338,338,338,436,436,455,10,10,10,10],"floor_reached":22,"playtime":1359,"items_purged":["Impatience"],"score":258,"play_id":"480ac78f-3493-4f89-86ec-e3ac92417a7e","local_time":"20190108173730","is_ascension_mode":true,"campfire_choices":[{"floor":8.0,"key":"REST"},{"data":"Glacier","floor":15.0,"key":"SMITH"}],"neow_cost":"PERCENT_DAMAGE","seed_source_timestamp":0,"circlet_count":0,"master_deck":["Strike_B+1","Strike_B","Strike_B","Strike_B","Defend_B+1","Defend_B","Defend_B","Defend_B","Zap","Dualcast","Mind Blast","Doom and Gloom","Hello World","Leap","Conserve Battery","Go for the Eyes","Hologram","Glacier+1","Core Surge","Conserve Battery","Sunder"],"special_seed":0,"relics":["Cracked Core","StoneCalendar","Ornamental Fan","Tiny Chest","Sozu","Strawberry","Regal Pillow"],"potions_floor_usage":[16,16],"damage_taken":[{"damage":0.0,"enemies":"2 Louse","floor":1.0,"turns":3.0},{"damage":0.0,"enemies":"Small Slimes","floor":2.0,"turns":2.0},{"damage":1.0,"enemies":"Cultist","floor":5.0,"turns":3.0},{"damage":23.0,"enemies":"3 Sentries","floor":6.0,"turns":6.0},{"damage":9.0,"enemies":"Blue Slaver","floor":10.0,"turns":3.0},{"damage":0.0,"enemies":"Large Slime","floor":11.0,"turns":5.0},{"damage":0.0,"enemies":"3 Louse","floor":12.0,"turns":2.0},{"damage":12.0,"enemies":"Lagavulin","floor":13.0,"turns":6.0},{"damage":18,"enemies":"The Guardian","floor":16,"turns":13},{"damage":2,"enemies":"Chosen","floor":18,"turns":5},{"damage":6,"enemies":"Colosseum Slavers","floor":20,"turns":4},{"damage":0,"enemies":"3 Byrds","floor":22,"turns":1}],"seed_played":"-247625249247879323","potions_obtained":[{"floor":1.0,"key":"Block Potion"},{"floor":5.0,"key":"SmokeBomb"},{"floor":7.0,"key":"Fruit Juice"},{"floor":7.0,"key":"Fire Potion"},{"floor":7.0,"key":"SpeedPotion"},{"floor":10.0,"key":"FearPotion"},{"floor":12.0,"key":"PowerPotion"},{"floor":16,"key":"Weak Potion"}],"is_trial":false,"path_per_floor":["M","M","?","?","M","E","?","R","T","M","M","M","E","?","R","B",null,"M","$","?","?","M"],"character_chosen":"DEFECT","items_purchased":["Sunder","Strawberry","Regal Pillow"],"campfire_rested":1,"item_purchase_floors":[19,19,19],"current_hp_per_floor":[54,54,39,39,38,15,20,44,44,35,35,35,23,28,28,10,85,83,90,84,84,84],"gold":10,"neow_bonus":"RANDOM_COLORLESS_2","is_prod":false,"is_daily":false,"chose_seed":false,"campfire_upgraded":1,"win_rate":0,"timestamp":1546990650,"path_taken":["M","M","?","?","M","E","?","R","T","M","?","M","E","?","R","BOSS","M","$","?","?","M"],"build_version":"2019-01-03v4","purchased_purges":1,"victory":false,"max_hp_per_floor":[75,75,75,75,75,75,80,80,80,80,80,80,80,85,85,85,85,85,92,92,92,92],"card_choices":[{"not_picked":["Lockon","Stack"],"picked":"Doom and Gloom","floor":1.0},{"not_picked":["Hologram","Ball Lightning"],"picked":"Hello World","floor":2.0},{"not_picked":["Double Energy","Skim"],"picked":"Leap","floor":5.0},{"not_picked":["Cold Snap","Doom and Gloom"],"picked":"Conserve Battery","floor":6.0},{"not_picked":["Undo","Steam"],"picked":"Go for the Eyes","floor":10.0},{"not_picked":["Darkness","Barrage","Turbo"],"picked":"SKIP","floor":11.0},{"not_picked":["Conserve Battery","Ball Lightning"],"picked":"Hologram","floor":12.0},{"not_picked":["Darkness","Ball Lightning"],"picked":"Glacier","floor":13.0},{"not_picked":["Rainbow","Biased Cognition"],"picked":"Core Surge","floor":16},{"not_picked":["Rip and Tear+1","Gash"],"picked":"Conserve Battery","floor":18}],"player_experience":153727,"relics_obtained":[{"floor":6.0,"key":"StoneCalendar"},{"floor":9.0,"key":"Ornamental Fan"},{"floor":13.0,"key":"Tiny Chest"}],"event_choices":[{"damage_healed":0.0,"max_hp_gain":0.0,"max_hp_loss":0.0,"gold_gain":0.0,"event_name":"Shining Light","player_choice":"Entered Light","floor":3.0,"gold_loss":0.0,"damage_taken":15.0,"cards_upgraded":["Defend_B","Strike_B"]},{"damage_healed":0.0,"max_hp_gain":0.0,"max_hp_loss":0.0,"gold_gain":67.0,"event_name":"Golden Wing","player_choice":"Gained Gold","floor":4.0,"gold_loss":0.0,"damage_taken":0.0},{"damage_healed":0.0,"max_hp_gain":0.0,"max_hp_loss":0.0,"gold_gain":0.0,"event_name":"Lab","player_choice":"Got Potions","floor":7.0,"gold_loss":0.0,"damage_taken":0.0},{"damage_healed":0.0,"max_hp_gain":5.0,"max_hp_loss":0.0,"gold_gain":0.0,"event_name":"Big Fish","player_choice":"Donut","floor":14.0,"gold_loss":0.0,"damage_taken":0.0},{"damage_healed":0,"gold_gain":0,"player_choice":"Fight","damage_taken":0,"max_hp_gain":0,"max_hp_loss":0,"event_name":"Colosseum","floor":20,"gold_loss":0},{"damage_healed":0,"gold_gain":0,"player_choice":"Fled From Nobs","damage_taken":0,"max_hp_gain":0,"max_hp_loss":0,"event_name":"Colosseum","floor":20,"gold_loss":0},{"damage_healed":0,"gold_gain":0,"player_choice":"Ignored","damage_taken":0,"max_hp_gain":0,"max_hp_loss":0,"event_name":"Beggar","floor":21,"gold_loss":0}],"is_beta":false,"boss_relics":[{"not_picked":["Calling Bell","Philosopher\u0027s Stone"],"picked":"Sozu"}],"items_purged_floors":[19],"is_endless":false,"potions_floor_spawned":[1,5,10,12,16,20],"killed_by":"3 Byrds","ascension_level":4}