{"gold_per_floor":[109,124,134,144,144,144,171,171,198,20,47,61,61,61,61,133,133,152,67,86,11,22,22,22],"floor_reached":24,"playtime":1286,"items_purged":["Strike_B"],"score":412,"play_id":"2db12281-1466-472e-8919-b523ba03b095","local_time":"20190130230049","is_ascension_mode":true,"campfire_choices":[{"data":"Zap","floor":6.0,"key":"SMITH"},{"floor":8.0,"key":"REST"},{"floor":13.0,"key":"REST"},{"data":"Defragment","floor":15,"key":"SMITH"},{"floor":23,"key":"REST"}],"neow_cost":"CURSE","seed_source_timestamp":11944697403357,"circlet_count":0,"master_deck":["AscendersBane","Strike_B","Strike_B","Strike_B+1","Defend_B","Defend_B","Defend_B","Defend_B","Zap+1","Dualcast","Undo","Gash","Genetic Algorithm","Rebound+1","Auto Shields","Panache","Creative AI","Defragment+1","Gash","Machine Learning","Hologram","Hologram","Chill+1"],"special_seed":0,"relics":["Cracked Core","Gambling Chip","Whetstone","Dream Catcher","Bag of Preparation","Sozu","Omamori"],"potions_floor_usage":[16],"damage_taken":[{"damage":0.0,"enemies":"2 Louse","floor":1.0,"turns":3.0},{"damage":2.0,"enemies":"Jaw Worm","floor":2.0,"turns":4.0},{"damage":9.0,"enemies":"Small Slimes","floor":3.0,"turns":4.0},{"damage":1.0,"enemies":"Looter","floor":4.0,"turns":4.0},{"damage":42.0,"enemies":"3 Sentries","floor":7.0,"turns":10.0},{"damage":20.0,"enemies":"Lagavulin","floor":11.0,"turns":8.0},{"damage":4.0,"enemies":"3 Louse","floor":12.0,"turns":3.0},{"damage":17,"enemies":"The Guardian","floor":16,"turns":10},{"damage":14,"enemies":"Shell Parasite","floor":18,"turns":5},{"damage":0,"enemies":"3 Byrds","floor":20,"turns":3},{"damage":27,"enemies":"Cultist and Chosen","floor":22,"turns":5},{"damage":40,"enemies":"Book of Stabbing","floor":24,"turns":5}],"seed_played":"8686127835973250894","potions_obtained":[{"floor":4.0,"key":"Swift Potion"},{"floor":7.0,"key":"SkillPotion"},{"floor":11.0,"key":"Block Potion"}],"is_trial":false,"path_per_floor":["M","M","M","M","?","R","E","R","T","$","E","M","R","?","R","B",null,"M","?","M","$","M","R","E"],"character_chosen":"DEFECT","items_purchased":["Panache"],"campfire_rested":3,"item_purchase_floors":[10],"current_hp_per_floor":[64,62,53,52,52,52,10,31,31,31,11,7,28,28,28,11,56,42,42,42,42,15,36,0],"gold":22,"neow_bonus":"ONE_RARE_RELIC","is_prod":false,"is_daily":false,"chose_seed":false,"campfire_upgraded":2,"win_rate":0,"timestamp":1548885649,"path_taken":["M","M","M","M","?","R","E","R","T","$","E","M","R","?","R","BOSS","M","?","M","$","M","R","E"],"build_version":"2019-01-23","purchased_purges":1,"victory":false,"max_hp_per_floor":[71,71,71,71,71,71,71,71,71,71,71,71,71,71,71,71,71,71,71,71,71,71,71,71],"card_choices":[{"not_picked":["Stack","Skim"],"picked":"Undo","floor":1.0},{"not_picked":["Stack","Scrape"],"picked":"Gash","floor":2.0},{"not_picked":["Doom and Gloom","Recycle"],"picked":"Genetic Algorithm","floor":3.0},{"not_picked":["Beam Cell","Double Energy"],"picked":"Rebound","floor":4.0},{"not_picked":["Steam","Coolheaded"],"picked":"Auto Shields","floor":7.0},{"not_picked":["Turbo","Capacitor"],"picked":"Creative AI","floor":11.0},{"not_picked":["Go for the Eyes","Cold Snap"],"picked":"Defragment","floor":12.0},{"not_picked":["Genetic Algorithm","Ball Lightning"],"picked":"Gash","floor":13.0},{"not_picked":["Meteor Strike","Creative AI"],"picked":"Machine Learning","floor":16},{"not_picked":["Go for the Eyes","Streamline"],"picked":"Hologram","floor":18},{"not_picked":["Rebound","White Noise"],"picked":"Hologram","floor":20},{"not_picked":["Consume","Loop"],"picked":"Chill+1","floor":22}],"player_experience":938124,"relics_obtained":[{"floor":7.0,"key":"Whetstone"},{"floor":9.0,"key":"Dream Catcher"},{"floor":11.0,"key":"Bag of Preparation"}],"event_choices":[{"cards_removed":["Doubt"],"damage_healed":0.0,"max_hp_gain":0.0,"max_hp_loss":0.0,"gold_gain":0.0,"event_name":"Living Wall","player_choice":"Forget","floor":5.0,"gold_loss":0.0,"damage_taken":0.0},{"damage_healed":0,"gold_gain":0,"player_choice":"Searched \u00270\u0027 times","damage_taken":0,"max_hp_gain":0,"max_hp_loss":0,"event_name":"Dead Adventurer","floor":14,"gold_loss":0},{"damage_healed":0,"gold_gain":0,"player_choice":"Obtained Relic","damage_taken":0,"relics_obtained":["Omamori"],"max_hp_gain":0,"max_hp_loss":0,"event_name":"Addict","floor":19,"gold_loss":85}],"is_beta":true,"boss_relics":[{"not_picked":["Snecko Eye","Calling Bell"],"picked":"Sozu"}],"items_purged_floors":[21],"is_endless":false,"potions_floor_spawned":[4,7,11],"killed_by":"Book of Stabbing","ascension_level":20}