{"gold_per_floor":[114,39,55,55,130,160,174,74,128,128,146,165,180,193,193,193],"floor_reached":16,"playtime":449,"items_purged":["Strike_B","Defend_B"],"score":142,"play_id":"8ef5f397-00a7-4628-8f20-ebf1a8ec2612","local_time":"20180807193517","is_ascension_mode":true,"campfire_choices":[{"data":"Dualcast","floor":10,"key":"SMITH"},{"floor":15,"key":"REST"}],"neow_cost":"NONE","seed_source_timestamp":0,"circlet_count":0,"master_deck":["Strike_B","Strike_B","Strike_B","Defend_B","Defend_B","Defend_B","Zap","Dualcast+1","Sunder","Sweeping Beam","FTL","Self Repair","Sunder"],"special_seed":0,"relics":["Cracked Core","NeowsBlessing","Art of War","Tiny Chest"],"potions_floor_usage":[13],"damage_taken":[{"damage":0.0,"enemies":"2 Louse","floor":1.0,"turns":1.0},{"damage":0.0,"enemies":"Cultist","floor":3.0,"turns":1.0},{"damage":0.0,"enemies":"Lagavulin","floor":6.0,"turns":1.0},{"damage":7,"enemies":"Jaw Worm","floor":7,"turns":3},{"damage":7,"enemies":"Looter","floor":11,"turns":3},{"damage":0,"enemies":"Exordium Wildlife","floor":12,"turns":2},{"damage":0,"enemies":"Exordium Thugs","floor":13,"turns":2},{"damage":14,"enemies":"Red Slaver","floor":14,"turns":2},{"damage":58,"enemies":"The Guardian","floor":16,"turns":8}],"seed_played":"4683196652725203940","potions_obtained":[{"floor":3.0,"key":"Strength Potion"},{"floor":6,"key":"Poison Potion"},{"floor":7,"key":"Dexterity Potion"},{"floor":11,"key":"Block Potion"}],"is_trial":false,"path_per_floor":["M","$","M","?","?","E","M","$","T","R","M","M","M","M","R"],"character_chosen":"DEFECT","items_purchased":[],"campfire_rested":1,"item_purchase_floors":[],"current_hp_per_floor":[75,75,75,75,64,64,57,57,57,57,50,50,50,36,58,0],"gold":193,"neow_bonus":"THREE_ENEMY_KILL","is_prod":false,"is_daily":false,"chose_seed":false,"campfire_upgraded":1,"win_rate":0,"timestamp":1533684917,"path_taken":["M","$","M","?","?","E","M","$","T","R","M","?","M","M","R","BOSS"],"build_version":"2018-08-02","purchased_purges":2,"victory":false,"max_hp_per_floor":[75,75,75,75,75,75,75,75,75,75,75,75,75,75,75,75],"card_choices":[{"not_picked":["Hologram","Stack"],"picked":"Sunder","floor":1.0},{"not_picked":["Hologram","Stack","Barrage"],"picked":"SKIP","floor":3.0},{"not_picked":["Compile Driver","Hologram","Aggregate"],"picked":"SKIP","floor":6},{"not_picked":["Barrage","Coolheaded"],"picked":"Sweeping Beam","floor":7},{"not_picked":["Conserve Battery","Rebound"],"picked":"FTL","floor":11},{"not_picked":["Cold Snap","Reinforced Body","Compile Driver"],"picked":"SKIP","floor":12},{"not_picked":["Beam Cell","Loop"],"picked":"Self Repair","floor":13},{"not_picked":["Rebound","Seek"],"picked":"Sunder","floor":14}],"player_experience":267450,"relics_obtained":[{"floor":6,"key":"Art of War"},{"floor":9,"key":"Tiny Chest"}],"event_choices":[{"event_name":"The Woman in Blue","player_choice":"Bought 0 Potions","floor":4.0,"damage_taken":0.0},{"event_name":"World of Goop","player_choice":"Gather Gold","floor":5.0,"damage_taken":0.0}],"is_beta":false,"boss_relics":[],"items_purged_floors":[2,8],"is_endless":false,"potions_floor_spawned":[3,6,7,11],"killed_by":"The Guardian","ascension_level":2}