{"gold_per_floor":[361,375,386,386,447,447,481,481,481,515,105,119,130,156,156,231,231,243,293,343,405,420,432,465,515,515,530,550,25,50,65,65,139,139,157,207,207,270,60,60,110,138,138,24,94,144,211,227,227,227],"floor_reached":51,"playtime":3328,"items_purged":[],"score":1400,"play_id":"f51f8377-6739-41d4-8444-58539fcec576","local_time":"20190922212656","is_ascension_mode":true,"campfire_choices":[{"data":"Armaments","floor":6.0,"key":"SMITH"},{"floor":8.0,"key":"REST"},{"floor":15.0,"key":"REST"},{"floor":32.0,"key":"REST"},{"floor":40,"key":"RECALL"},{"floor":49,"key":"REST"}],"neow_cost":"TEN_PERCENT_HP_LOSS","seed_source_timestamp":72285265102448,"circlet_count":0,"master_deck":["AscendersBane","Defend_R","Defend_R","Defend_R","Defend_R+1","Whirlwind","Armaments+1","Flame Barrier","Shrug It Off","Metallicize+1","Demon Form+1","Headbutt+1","Bite","Bite","Bite","Bite","Bite","Corruption+1","Shrug It Off+1","Warcry+1","Metallicize+1","Dark Embrace+1","Shrug It Off","Clothesline+1","Body Slam+1"],"special_seed":0,"relics":["Burning Blood","SsserpentHead","Mummified Hand","Frozen Egg 2","Centennial Puzzle","Ginger","Lantern","White Beast Statue","WingedGreaves","Happy Flower","Oddly Smooth Stone","HandDrill","PreservedInsect","Fusion Hammer","TheAbacus","Bag of Preparation","Orichalcum","Ancient Tea Set"],"potions_floor_usage":[38,50],"damage_taken":[{"damage":7.0,"enemies":"Small Slimes","floor":1.0,"turns":4.0},{"damage":2.0,"enemies":"Cultist","floor":2.0,"turns":4.0},{"damage":9.0,"enemies":"Jaw Worm","floor":3.0,"turns":5.0},{"damage":31.0,"enemies":"Exordium Wildlife","floor":5.0,"turns":7.0},{"damage":32.0,"enemies":"3 Sentries","floor":7.0,"turns":6.0},{"damage":8.0,"enemies":"Gremlin Nob","floor":10.0,"turns":4.0},{"damage":2.0,"enemies":"Exordium Thugs","floor":12.0,"turns":8.0},{"damage":8.0,"enemies":"Blue Slaver","floor":13.0,"turns":5.0},{"damage":22.0,"enemies":"Lagavulin","floor":14.0,"turns":9.0},{"damage":24.0,"enemies":"The Guardian","floor":16.0,"turns":17.0},{"damage":6.0,"enemies":"Shell Parasite","floor":18.0,"turns":8.0},{"damage":35.0,"enemies":"Spheric Guardian","floor":21.0,"turns":11.0},{"damage":7.0,"enemies":"Centurion and Healer","floor":22.0,"turns":6.0},{"damage":14.0,"enemies":"Snake Plant","floor":23.0,"turns":6.0},{"damage":51.0,"enemies":"Slavers","floor":24.0,"turns":7.0},{"damage":1.0,"enemies":"Snecko","floor":27.0,"turns":4.0},{"damage":44.0,"enemies":"Chosen and Byrds","floor":28.0,"turns":6.0},{"damage":26.0,"enemies":"Gremlin Leader","floor":30.0,"turns":6.0},{"damage":20.0,"enemies":"Centurion and Healer","floor":31.0,"turns":6.0},{"damage":53.0,"enemies":"Collector","floor":33.0,"turns":9.0},{"damage":4.0,"enemies":"Orb Walker","floor":35.0,"turns":3.0},{"damage":12,"enemies":"3 Darklings","floor":38,"turns":5},{"damage":0,"enemies":"Giant Head","floor":42,"turns":6},{"damage":25,"enemies":"Sphere and 2 Shapes","floor":45,"turns":5},{"damage":4,"enemies":"4 Shapes","floor":47,"turns":5},{"damage":6,"enemies":"3 Darklings","floor":48,"turns":5},{"damage":38,"enemies":"Time Eater","floor":50,"turns":11}],"seed_played":"-5688155860655962199","potions_obtained":[{"floor":3.0,"key":"Ancient Potion"},{"floor":7.0,"key":"AttackPotion"},{"floor":10.0,"key":"Energy Potion"},{"floor":18.0,"key":"Fire Potion"},{"floor":21.0,"key":"Energy Potion"},{"floor":22.0,"key":"Strength Potion"},{"floor":23.0,"key":"EssenceOfSteel"},{"floor":24.0,"key":"PowerPotion"},{"floor":27.0,"key":"Strength Potion"},{"floor":28.0,"key":"LiquidBronze"},{"floor":30.0,"key":"SkillPotion"},{"floor":31.0,"key":"Strength Potion"},{"floor":33.0,"key":"Strength Potion"},{"floor":35.0,"key":"SkillPotion"},{"floor":38,"key":"Energy Potion"},{"floor":45,"key":"SpeedPotion"},{"floor":48,"key":"SkillPotion"}],"is_trial":false,"path_per_floor":["M","M","M","?","M","R","E","R","T","E","$","M","M","E","R","B",null,"M","?","?","M","M","M","E","?","T","M","M","$","E","M","R","B",null,"M","?","?","M","$","R","?","E","T","$","M","?","M","M","R","B",null],"character_chosen":"IRONCLAD","items_purchased":["Metallicize+1","Ginger","Oddly Smooth Stone","HandDrill","BloodPotion","Shrug It Off","TheAbacus","Ancient Tea Set"],"campfire_rested":4,"item_purchase_floors":[11,11,29,29,29,29,39,44],"current_hp_per_floor":[67,68,65,65,40,40,14,34,34,32,32,36,34,18,38,20,56,56,47,47,34,47,47,21,21,21,44,22,22,20,30,44,32,43,47,47,47,47,47,47,47,47,47,47,36,36,47,47,47,39],"gold":227,"neow_bonus":"TWO_FIFTY_GOLD","is_prod":false,"is_daily":false,"chose_seed":false,"campfire_upgraded":1,"win_rate":0,"timestamp":1569212816,"path_taken":["M","M","M","?","?","R","E","R","T","E","$","M","M","E","R","BOSS","M","?","?","?","M","M","E","?","T","M","M","$","E","M","R","BOSS","M","?","?","?","$","R","?","E","T","?","?","?","?","M","R","BOSS"],"build_version":"2019-07-17","purchased_purges":0,"victory":true,"max_hp_per_floor":[68,68,68,68,68,68,68,68,68,68,68,68,68,68,68,68,68,68,47,47,47,47,47,47,47,47,47,47,47,47,47,47,47,47,47,47,47,47,47,47,47,47,47,47,47,47,47,47,47,47],"card_choices":[{"not_picked":["Warcry","Wild Strike"],"picked":"Whirlwind","floor":1.0},{"not_picked":["Corruption","Sword Boomerang","Clash"],"picked":"SKIP","floor":2.0},{"not_picked":["Twin Strike","Fire Breathing"],"picked":"Armaments","floor":3.0},{"not_picked":["Cleave","Twin Strike"],"picked":"Flame Barrier","floor":5.0},{"not_picked":["Havoc","Intimidate","Sword Boomerang"],"picked":"SKIP","floor":7.0},{"not_picked":["Thunderclap","Feel No Pain+1"],"picked":"Shrug It Off","floor":10.0},{"not_picked":["Perfected Strike","Warcry","Exhume"],"picked":"SKIP","floor":12.0},{"not_picked":["Heavy Blade","Twin Strike","Searing Blow"],"picked":"SKIP","floor":13.0},{"not_picked":["Exhume","Blood for Blood","Second Wind"],"picked":"SKIP","floor":14.0},{"not_picked":["Dark Embrace+1","Juggernaut+1"],"picked":"Demon Form+1","floor":16.0},{"not_picked":["Power Through","Anger"],"picked":"Headbutt+1","floor":18.0},{"not_picked":["Searing Blow","True Grit","Body Slam"],"picked":"SKIP","floor":21.0},{"not_picked":["Havoc","Dropkick","Anger"],"picked":"SKIP","floor":22.0},{"not_picked":["Thunderclap","Pommel Strike","Flex"],"picked":"SKIP","floor":23.0},{"not_picked":["Iron Wave","Sentinel+1","Flex"],"picked":"SKIP","floor":24.0},{"not_picked":["Disarm","Thunderclap","Pummel"],"picked":"SKIP","floor":27.0},{"not_picked":["Seeing Red","Reaper","Bloodletting+1"],"picked":"SKIP","floor":28.0},{"not_picked":["Flex","Body Slam"],"picked":"Warcry+1","floor":30.0},{"not_picked":["Evolve+1","Headbutt"],"picked":"Metallicize+1","floor":31.0},{"not_picked":["Limit Break","Double Tap"],"picked":"Dark Embrace+1","floor":33.0},{"not_picked":["Havoc","Flex","Body Slam"],"picked":"SKIP","floor":35.0},{"not_picked":["Body Slam","Corruption+1"],"picked":"Shrug It Off","floor":38},{"not_picked":["Bludgeon","True Grit+1"],"picked":"Clothesline+1","floor":42},{"not_picked":["Second Wind","Dual Wield","Clothesline"],"picked":"SKIP","floor":45},{"not_picked":["Rupture+1","Evolve+1"],"picked":"Body Slam+1","floor":47},{"not_picked":["Sword Boomerang","Intimidate+1","Pummel+1"],"picked":"SKIP","floor":48}],"player_experience":342424,"relics_obtained":[{"floor":7.0,"key":"Mummified Hand"},{"floor":9.0,"key":"Frozen Egg 2"},{"floor":10.0,"key":"Centennial Puzzle"},{"floor":14.0,"key":"Lantern"},{"floor":24.0,"key":"WingedGreaves"},{"floor":26.0,"key":"Happy Flower"},{"floor":30.0,"key":"PreservedInsect"},{"floor":42,"key":"Bag of Preparation"},{"floor":43,"key":"Orichalcum"}],"event_choices":[{"damage_healed":0.0,"max_hp_gain":0.0,"max_hp_loss":0.0,"gold_gain":0.0,"event_name":"FaceTrader","player_choice":"Trade","floor":4.0,"gold_loss":0.0,"damage_taken":0.0,"relics_obtained":["SsserpentHead"]},{"damage_healed":0.0,"max_hp_gain":0.0,"max_hp_loss":21.0,"gold_gain":0.0,"event_name":"Vampires","player_choice":"Became a vampire","floor":19.0,"gold_loss":0.0,"damage_taken":0.0,"cards_obtained":["Bite","Bite","Bite","Bite","Bite"]},{"damage_healed":0.0,"max_hp_gain":0.0,"max_hp_loss":0.0,"gold_gain":0.0,"event_name":"Match and Keep!","player_choice":"0 cards matched","floor":20.0,"gold_loss":0.0,"damage_taken":0.0,"cards_obtained":[]},{"damage_healed":0.0,"max_hp_gain":0.0,"max_hp_loss":0.0,"gold_gain":0.0,"event_name":"The Library","player_choice":"Read","floor":25.0,"gold_loss":0.0,"damage_taken":0.0,"cards_obtained":["Corruption"]},{"damage_healed":0,"gold_gain":0,"player_choice":"Ignored","damage_taken":0,"max_hp_gain":0,"max_hp_loss":0,"event_name":"Mysterious Sphere","floor":36,"gold_loss":0},{"damage_healed":0,"gold_gain":0,"player_choice":"Upgraded Two","damage_taken":0,"max_hp_gain":0,"max_hp_loss":0,"event_name":"Designer","floor":37,"gold_loss":50,"cards_upgraded":["Shrug It Off","Defend_R"]},{"cards_removed":["Bash"],"damage_healed":0,"gold_gain":0,"player_choice":"Offered Basic","damage_taken":0,"max_hp_gain":0,"max_hp_loss":0,"event_name":"Bonfire Elementals","floor":41,"gold_loss":0},{"damage_healed":0,"gold_gain":0,"player_choice":"0 cards matched","damage_taken":0,"max_hp_gain":0,"max_hp_loss":0,"event_name":"Match and Keep!","floor":46,"gold_loss":0,"cards_obtained":[]}],"is_beta":false,"boss_relics":[{"not_picked":["Astrolabe","Tiny House"],"picked":"White Beast Statue"},{"not_picked":["Black Blood","Runic Dome"],"picked":"Fusion Hammer"}],"items_purged_floors":[],"is_endless":false,"potions_floor_spawned":[3,7,10,13,18,21,22,23,24,27,28,30,31,33,35,38,42,45,47,48],"ascension_level":17}