{"gold_per_floor":[116,116,136,8,19,19,47,70,109,148,182,206,218,259,271,362,374,397,409,440,465,510,522,546,558,595,636,492,492,504,527,527,605,605,615,626,626,202,212,239,639,654,654,654,654,665,317,207,207,207,207],"floor_reached":52,"playtime":6248,"items_purged":["Strike_R","Strike_R","Twin Strike","Writhe"],"score":2387,"play_id":"769a50dd-89a5-4e98-8a60-44915f7dcd83","local_time":"20191019195847","is_ascension_mode":true,"campfire_choices":[{"data":"Entrench","floor":6.0,"key":"SMITH"},{"data":"Clothesline","floor":15.0,"key":"SMITH"},{"data":"True Grit","floor":23.0,"key":"SMITH"},{"data":"Barricade","floor":29.0,"key":"SMITH"},{"data":"Disarm","floor":32.0,"key":"SMITH"},{"data":"Impervious","floor":44.0,"key":"SMITH"},{"data":"Thinking Ahead","floor":49.0,"key":"SMITH"}],"neow_cost":"NONE","seed_source_timestamp":0,"circlet_count":0,"master_deck":["AscendersBane","Defend_R+1","Defend_R+1","Defend_R+1","Bash","Barricade+1","Entrench+1","Disarm+1","Shrug It Off+1","Intimidate+1","Clothesline+1","Impervious+1","True Grit+1","Warcry+1","Reaper","Thinking Ahead+1","Body Slam"],"special_seed":0,"relics":["Burning Blood","MawBank","Art of War","Coffee Dripper","MutagenicStrength","Red Mask","Dream Catcher","Orichalcum","Oddly Smooth Stone","Empty Cage","Membership Card","War Paint","Old Coin","Self Forming Clay","Strange Spoon","Ancient Tea Set","Bag of Marbles"],"potions_floor_usage":[51,51],"damage_taken":[{"damage":2.0,"enemies":"2 Louse","floor":1.0,"turns":4.0},{"damage":14.0,"enemies":"Small Slimes","floor":3.0,"turns":4.0},{"damage":7.0,"enemies":"Jaw Worm","floor":5.0,"turns":6.0},{"damage":0.0,"enemies":"Lagavulin","floor":7.0,"turns":13.0},{"damage":3.0,"enemies":"Looter","floor":8.0,"turns":3.0},{"damage":2.0,"enemies":"Large Slime","floor":10.0,"turns":9.0},{"damage":2.0,"enemies":"Lots of Slimes","floor":11.0,"turns":9.0},{"damage":0.0,"enemies":"3 Louse","floor":12.0,"turns":1.0},{"damage":1.0,"enemies":"Looter","floor":14.0,"turns":4.0},{"damage":0.0,"enemies":"Slime Boss","floor":16.0,"turns":40.0},{"damage":2.0,"enemies":"Chosen","floor":18.0,"turns":10.0},{"damage":10.0,"enemies":"Spheric Guardian","floor":20.0,"turns":16.0},{"damage":3.0,"enemies":"Chosen and Byrds","floor":21.0,"turns":14.0},{"damage":41.0,"enemies":"Masked Bandits","floor":22.0,"turns":7.0},{"damage":0.0,"enemies":"Snecko","floor":24.0,"turns":12.0},{"damage":32.0,"enemies":"Slavers","floor":27.0,"turns":23.0},{"damage":0.0,"enemies":"Cultist and Chosen","floor":30.0,"turns":13.0},{"damage":2.0,"enemies":"Champ","floor":33.0,"turns":44.0},{"damage":9.0,"enemies":"Orb Walker","floor":35.0,"turns":5.0},{"damage":0.0,"enemies":"3 Shapes","floor":36.0,"turns":18.0},{"damage":0.0,"enemies":"Maw","floor":39.0,"turns":28.0},{"damage":0.0,"enemies":"Giant Head","floor":40.0,"turns":23.0},{"damage":0.0,"enemies":"Mind Bloom Boss Battle","floor":41.0,"turns":40.0},{"damage":0.0,"enemies":"Sphere and 2 Shapes","floor":42.0,"turns":22.0},{"damage":6.0,"enemies":"Jaw Worm Horde","floor":46.0,"turns":13.0},{"damage":0.0,"enemies":"Time Eater","floor":50.0,"turns":11.0},{"damage":0,"enemies":"Awakened One","floor":51,"turns":11}],"seed_played":"-662380045833806499","potions_obtained":[{"floor":1.0,"key":"Poison Potion"},{"floor":5.0,"key":"Dexterity Potion"},{"floor":10.0,"key":"EssenceOfSteel"},{"floor":11.0,"key":"Explosive Potion"},{"floor":16.0,"key":"Fire Potion"},{"floor":18.0,"key":"Poison Potion"},{"floor":22.0,"key":"EssenceOfSteel"},{"floor":27.0,"key":"Poison Potion"},{"floor":30.0,"key":"LiquidBronze"},{"floor":33.0,"key":"SteroidPotion"},{"floor":35.0,"key":"Ancient Potion"},{"floor":36.0,"key":"Poison Potion"}],"is_trial":false,"path_per_floor":["M","?","M","$","M","R","E","M","T","M","M","M","?","M","R","B",null,"M","?","M","M","?","R","M","?","T","E","$","R","M","T","R","B",null,"M","M","?","$","M","E","?","M","T","R","?","M","$","?","R","B","B",null],"character_chosen":"IRONCLAD","items_purchased":["Shrug It Off","Energy Potion","Membership Card","Thinking Ahead","GamblersBrew","Strange Spoon","Ancient Tea Set","Bag of Marbles"],"campfire_rested":0,"item_purchase_floors":[4,28,38,38,38,47,47,47],"current_hp_per_floor":[72,49,41,41,40,40,46,49,49,53,57,63,63,68,68,74,75,75,75,71,74,39,39,45,45,45,19,19,19,25,25,25,29,64,65,75,75,75,75,75,75,75,75,75,75,75,75,75,75,75,75],"gold":207,"neow_bonus":"ONE_RANDOM_RARE_CARD","is_prod":false,"is_daily":false,"chose_seed":false,"campfire_upgraded":7,"win_rate":0,"timestamp":1571529527,"path_taken":["M","?","M","$","M","R","E","M","T","M","M","M","?","M","R","BOSS","M","?","M","M","?","R","M","?","T","E","$","R","M","?","R","BOSS","M","?","?","$","M","E","?","M","T","R","?","M","$","?","R","BOSS","BOSS"],"build_version":"2019-07-17","purchased_purges":4,"victory":true,"max_hp_per_floor":[75,75,75,75,75,75,75,75,75,75,75,75,75,75,75,75,75,75,75,75,75,75,75,75,75,75,75,75,75,75,75,75,75,75,75,75,75,75,75,75,75,75,75,75,75,75,75,75,75,75,75],"card_choices":[{"not_picked":["Heavy Blade","Warcry"],"picked":"Entrench","floor":1.0},{"not_picked":["Perfected Strike","Shrug It Off"],"picked":"Disarm","floor":3.0},{"not_picked":["Clothesline","Cleave"],"picked":"Intimidate","floor":5.0},{"not_picked":["Berserk","Warcry","Havoc"],"picked":"SKIP","floor":7.0},{"not_picked":["Thunderclap","Headbutt"],"picked":"Clothesline","floor":8.0},{"not_picked":["Cleave","Juggernaut","Sword Boomerang"],"picked":"SKIP","floor":10.0},{"not_picked":["Pommel Strike","Iron Wave","Havoc"],"picked":"SKIP","floor":11.0},{"not_picked":["Bloodletting","Rage","Warcry"],"picked":"SKIP","floor":12.0},{"not_picked":["Headbutt","Hemokinesis","Carnage"],"picked":"SKIP","floor":14.0},{"not_picked":["Barricade","Demon Form"],"picked":"Impervious","floor":16.0},{"not_picked":["Bloodletting","Infernal Blade","Perfected Strike"],"picked":"SKIP","floor":18.0},{"not_picked":["Rampage","Body Slam+1"],"picked":"True Grit","floor":20.0},{"not_picked":["Anger","Pommel Strike","Warcry"],"picked":"SKIP","floor":21.0},{"not_picked":["Headbutt","Flex+1","Flame Barrier"],"picked":"SKIP","floor":24.0},{"not_picked":["Flex","Spot Weakness"],"picked":"Warcry+1","floor":27.0},{"not_picked":["Perfected Strike","Anger","Clothesline"],"picked":"SKIP","floor":30.0},{"not_picked":["Exhume","Double Tap"],"picked":"Reaper","floor":33.0},{"not_picked":["Iron Wave","True Grit","Seeing Red"],"picked":"SKIP","floor":35.0},{"not_picked":["Flex","Searing Blow+1"],"picked":"Twin Strike","floor":36.0},{"not_picked":["Shrug It Off","Inflame+1","Flex+1"],"picked":"SKIP","floor":40.0},{"not_picked":["Shrug It Off","Inflame+1","Flex+1"],"picked":"SKIP","floor":40.0},{"not_picked":["Reckless Charge","Thunderclap"],"picked":"Body Slam","floor":42.0},{"not_picked":["Clothesline","Twin Strike","Thunderclap"],"picked":"SKIP","floor":46.0}],"player_experience":872584,"relics_obtained":[{"floor":7.0,"key":"MawBank"},{"floor":9.0,"key":"Art of War"},{"floor":22.0,"key":"Red Mask"},{"floor":26.0,"key":"Dream Catcher"},{"floor":27.0,"key":"Orichalcum"},{"floor":31.0,"key":"Oddly Smooth Stone"},{"floor":40.0,"key":"War Paint"},{"floor":41.0,"key":"Old Coin"},{"floor":43.0,"key":"Self Forming Clay"}],"event_choices":[{"damage_healed":0.0,"max_hp_gain":0.0,"max_hp_loss":0.0,"gold_gain":0.0,"event_name":"Shining Light","player_choice":"Entered Light","floor":2.0,"gold_loss":0.0,"damage_taken":23.0,"cards_upgraded":["Defend_R","Strike_R"]},{"damage_healed":0.0,"max_hp_gain":0.0,"max_hp_loss":0.0,"gold_gain":0.0,"event_name":"Living Wall","player_choice":"Grow","floor":13.0,"gold_loss":0.0,"damage_taken":0.0,"cards_upgraded":["Shrug It Off"]},{"damage_healed":0.0,"max_hp_gain":0.0,"max_hp_loss":0.0,"gold_gain":0.0,"event_name":"Drug Dealer","player_choice":"Inject Mutagens","floor":19.0,"gold_loss":0.0,"damage_taken":0.0,"relics_obtained":["MutagenicStrength"]},{"damage_healed":0.0,"max_hp_gain":0.0,"max_hp_loss":0.0,"gold_gain":0.0,"event_name":"Masked Bandits","player_choice":"Fought Bandits","floor":22.0,"gold_loss":0.0,"damage_taken":0.0},{"damage_healed":0.0,"max_hp_gain":0.0,"max_hp_loss":0.0,"gold_gain":0.0,"event_name":"The Mausoleum","player_choice":"Ignored","floor":25.0,"gold_loss":0.0,"damage_taken":0.0},{"cards_removed":["Strike_R"],"damage_healed":0.0,"max_hp_gain":0.0,"max_hp_loss":0.0,"gold_gain":0.0,"event_name":"Falling","player_choice":"Removed Attack","floor":37.0,"gold_loss":0.0,"damage_taken":0.0},{"damage_healed":0.0,"max_hp_gain":0.0,"max_hp_loss":0.0,"gold_gain":0.0,"event_name":"MindBloom","player_choice":"Fight","floor":41.0,"gold_loss":0.0,"damage_taken":0.0},{"damage_healed":15.0,"max_hp_gain":0.0,"max_hp_loss":0.0,"gold_gain":0.0,"event_name":"Winding Halls","player_choice":"Writhe","floor":45.0,"gold_loss":0.0,"damage_taken":0.0,"cards_obtained":["Writhe"]},{"cards_removed":["Defend_R"],"damage_healed":0.0,"max_hp_gain":0.0,"max_hp_loss":0.0,"gold_gain":0.0,"event_name":"Designer","player_choice":"Upgrade and Remove","floor":48.0,"gold_loss":110.0,"damage_taken":0.0,"cards_upgraded":["Intimidate"]}],"is_beta":false,"boss_relics":[{"not_picked":["Busted Crown","Eternal Feather"],"picked":"Coffee Dripper"},{"not_picked":["Pandora\u0027s Box","Orrery"],"picked":"Empty Cage"}],"items_purged_floors":[4,28,38,47],"is_endless":false,"potions_floor_spawned":[1,5,10,11,16,18,22,27,30,33,35,36,40],"ascension_level":20}