{"gold_per_floor":[115,135,135,135,158,201,213,239,333,389,0,20,61,77,77,173,173,197,197,8,22,22,55,55,75,75,75,88,88,126,41,41,41],"floor_reached":33,"playtime":858,"items_purged":["Strike_R","Strike_R"],"score":610,"play_id":"4ddca8ee-7dd9-4bd6-a166-7a2a82621f1e","local_time":"20191018124558","is_ascension_mode":true,"campfire_choices":[{"floor":7,"key":"REST"},{"data":"Spot Weakness","floor":15,"key":"SMITH"},{"floor":24,"key":"REST"},{"floor":27,"key":"REST"},{"floor":29,"key":"REST"},{"data":"Demon Form","floor":32,"key":"SMITH"}],"neow_cost":"NONE","seed_source_timestamp":317178617224600,"circlet_count":0,"master_deck":["AscendersBane","Strike_R","Strike_R","Strike_R","Defend_R","Defend_R","Defend_R","Defend_R","Bash","Wild Strike","Carnage","Anger","Combust","Immolate","Offering","Spot Weakness+1","Shrug It Off","Demon Form+1","Feel No Pain","Carnage","Pain","Clothesline","Impervious"],"relics":["Burning Blood","PreservedInsect","Golden Idol","MawBank","Sundial","Bag of Preparation","Mummified Hand","Snecko Eye","Nloth\u0027s Gift","WarpedTongs","Du-Vu Doll","Letter Opener","Calipers","Peace Pipe"],"potions_floor_usage":[10,16,23,25,33],"damage_taken":[{"damage":16,"enemies":"Small Slimes","floor":1,"turns":5},{"damage":3,"enemies":"2 Louse","floor":2,"turns":3},{"damage":2,"enemies":"Jaw Worm","floor":5,"turns":3},{"damage":40,"enemies":"Lagavulin","floor":6,"turns":5},{"damage":9,"enemies":"Lots of Slimes","floor":8,"turns":4},{"damage":8,"enemies":"3 Sentries","floor":10,"turns":6},{"damage":6,"enemies":"Blue Slaver","floor":12,"turns":1},{"damage":33,"enemies":"Lagavulin","floor":13,"turns":4},{"damage":1,"enemies":"Gremlin Gang","floor":14,"turns":1},{"damage":18,"enemies":"Hexaghost","floor":16,"turns":6},{"damage":31,"enemies":"Shell Parasite","floor":18,"turns":4},{"damage":6,"enemies":"Chosen","floor":21,"turns":3},{"damage":27,"enemies":"Slavers","floor":23,"turns":2},{"damage":27,"enemies":"3 Cultists","floor":25,"turns":5},{"damage":15,"enemies":"Centurion and Healer","floor":28,"turns":3},{"damage":13,"enemies":"Book of Stabbing","floor":30,"turns":4},{"damage":45,"enemies":"Champ","floor":33,"turns":7}],"seed_played":"6050312613866050105","potions_obtained":[{"floor":2,"key":"SpeedPotion"},{"floor":6,"key":"SkillPotion"},{"floor":14,"key":"PowerPotion"},{"floor":18,"key":"SteroidPotion"},{"floor":21,"key":"Weak Potion"},{"floor":25,"key":"Energy Potion"},{"floor":28,"key":"FearPotion"}],"is_trial":false,"path_per_floor":["M","M","?","?","M","E","R","M","T","E","$","M","E","M","R","B",null,"M","?","$","M","?","E","R","M","T","R","M","R","E","?","R","B"],"character_chosen":"IRONCLAD","items_purchased":["Immolate","Offering","Feel No Pain"],"campfire_rested":4,"item_purchase_floors":[11,11,20],"current_hp_per_floor":[58,61,61,61,65,31,53,50,50,48,48,48,21,26,26,14,60,35,35,35,35,35,14,36,15,15,37,28,50,43,43,43,0],"gold":41,"neow_bonus":"RANDOM_COMMON_RELIC","is_prod":false,"is_daily":false,"chose_seed":false,"campfire_upgraded":2,"win_rate":0,"timestamp":1571427958,"path_taken":["M","M","?","?","M","E","R","M","T","E","$","M","E","M","R","BOSS","M","?","$","?","?","E","R","?","T","R","M","R","E","?","R","BOSS"],"build_version":"2019-10-17","purchased_purges":2,"victory":false,"max_hp_per_floor":[75,75,75,75,75,75,75,75,75,75,75,75,75,75,75,75,75,75,75,75,75,75,75,75,75,75,75,75,75,75,75,75,75],"card_choices":[{"not_picked":["Armaments","Thunderclap"],"picked":"Wild Strike","floor":1},{"not_picked":["Rupture","Clash"],"picked":"Carnage","floor":2},{"not_picked":["Metallicize","Dropkick"],"picked":"Anger","floor":5},{"not_picked":["Perfected Strike","Flex","Anger"],"picked":"SKIP","floor":6},{"not_picked":["Anger","Body Slam"],"picked":"Combust","floor":8},{"not_picked":["Second Wind","Bloodletting","Combust"],"picked":"SKIP","floor":10},{"not_picked":["Cleave","Berserk"],"picked":"Spot Weakness","floor":12},{"not_picked":["Clash","Body Slam","Headbutt"],"picked":"SKIP","floor":13},{"not_picked":["Dropkick","Warcry"],"picked":"Shrug It Off","floor":14},{"not_picked":["Double Tap","Immolate"],"picked":"Demon Form","floor":16},{"not_picked":["Perfected Strike+1","Ghostly Armor","Body Slam"],"picked":"SKIP","floor":18},{"not_picked":["Wild Strike","Perfected Strike"],"picked":"Carnage","floor":21},{"not_picked":["Rampage","Dropkick+1"],"picked":"Clothesline","floor":23},{"not_picked":["Berserk","Rampage","Clash"],"picked":"SKIP","floor":25},{"not_picked":["Fire Breathing","Pommel Strike"],"picked":"Impervious","floor":28},{"not_picked":["Fire Breathing","Infernal Blade","Clash"],"picked":"SKIP","floor":30}],"player_experience":1632302,"relics_obtained":[{"floor":6,"key":"MawBank"},{"floor":9,"key":"Sundial"},{"floor":10,"key":"Bag of Preparation"},{"floor":13,"key":"Mummified Hand"},{"floor":23,"key":"Du-Vu Doll"},{"floor":26,"key":"Letter Opener"},{"floor":30,"key":"Calipers"}],"event_choices":[{"damage_healed":0,"gold_gain":0,"player_choice":"Box","damage_taken":0,"relics_obtained":["PreservedInsect"],"max_hp_gain":0,"max_hp_loss":0,"event_name":"Big Fish","floor":3,"gold_loss":0,"cards_obtained":["Regret"]},{"damage_healed":0,"gold_gain":0,"player_choice":"Take Wound","damage_taken":0,"relics_obtained":["Golden Idol"],"max_hp_gain":0,"max_hp_loss":0,"event_name":"Golden Idol","floor":4,"gold_loss":0,"cards_obtained":["Injury"]},{"damage_healed":0,"gold_gain":0,"player_choice":"Traded Relic","damage_taken":0,"relics_obtained":["Nloth\u0027s Gift"],"max_hp_gain":0,"max_hp_loss":0,"event_name":"N\u0027loth","floor":19,"relics_lost":["Omamori"],"gold_loss":0},{"damage_healed":0,"gold_gain":0,"player_choice":"Rummage","damage_taken":0,"relics_obtained":["WarpedTongs"],"max_hp_gain":0,"max_hp_loss":0,"event_name":"Accursed Blacksmith","floor":22,"gold_loss":0,"cards_obtained":["Pain"]},{"damage_healed":0,"gold_gain":0,"player_choice":"Obtained Relic","damage_taken":0,"relics_obtained":["Peace Pipe"],"max_hp_gain":0,"max_hp_loss":0,"event_name":"Addict","floor":31,"gold_loss":85}],"is_beta":true,"boss_relics":[{"not_picked":["Mark of Pain","SlaversCollar"],"picked":"Snecko Eye"}],"items_purged_floors":[11,20],"is_endless":false,"potions_floor_spawned":[2,6,8,14,18,21,25,28],"killed_by":"Champ","ascension_level":20}