{"gold_per_floor":[112,126,126,126,141,141,171,171,171,184,195,221,142,142,142,239,239,255,288,288,300,300,300,80,106,152,152,166,81,108,161,161,260,260,279,279,295,295,73,73,173,173,173,173,24,39,39,86,86,86],"floor_reached":51,"playtime":2838,"items_purged":["Shame"],"score":919,"play_id":"2a8d1b59-bcba-4e9c-889c-d28ef28601c3","local_time":"20191011222235","is_ascension_mode":true,"campfire_choices":[{"data":"Dualcast","floor":6,"key":"SMITH"},{"data":"Zap","floor":8,"key":"SMITH"},{"floor":15,"key":"REST"},{"data":"Glacier","floor":23,"key":"SMITH"},{"data":"Consume","floor":27,"key":"SMITH"},{"floor":32,"key":"REST"},{"data":"Defragment","floor":40,"key":"SMITH"},{"data":"Capacitor","floor":42,"key":"SMITH"},{"data":"Defragment","floor":47,"key":"SMITH"},{"floor":49,"key":"REST"}],"neow_cost":"NONE","seed_source_timestamp":76533336360800,"circlet_count":0,"master_deck":["Strike_B","Strike_B","Strike_B","Defend_B","Defend_B","Defend_B","Defend_B","Zap+1","Dualcast+1","Amplify","Rebound","Leap","Melter","Compile Driver","Cold Snap","Consume+1","Genetic Algorithm","Glacier+1","Electrodynamics","Coolheaded+1","Steam","Capacitor+1","Doom and Gloom+1","Bandage Up","PanicButton","Defragment+1","Writhe","Defragment+1","Reinforced Body+1"],"relics":["Cracked Core","Ancient Tea Set","Ornamental Fan","Bottled Lightning","Bronze Scales","Busted Crown","Red Mask","Enchiridion","Happy Flower","Mercury Hourglass","Juzu Bracelet","Mummified Hand","Orichalcum","Potion Belt","Cursed Key","DataDisk","Du-Vu Doll","Dream Catcher","Blue Candle","Unceasing Top"],"potions_floor_usage":[7,8,25,46,50,50,50,50],"damage_taken":[{"damage":11,"enemies":"Small Slimes","floor":1,"turns":4},{"damage":2,"enemies":"Jaw Worm","floor":2,"turns":3},{"damage":2,"enemies":"2 Louse","floor":5,"turns":2},{"damage":10,"enemies":"Lagavulin","floor":7,"turns":5},{"damage":0,"enemies":"2 Fungi Beasts","floor":10,"turns":3},{"damage":0,"enemies":"Large Slime","floor":11,"turns":5},{"damage":21,"enemies":"3 Sentries","floor":12,"turns":8},{"damage":29,"enemies":"Slime Boss","floor":16,"turns":14},{"damage":13,"enemies":"Shell Parasite","floor":18,"turns":5},{"damage":0,"enemies":"Masked Bandits","floor":19,"turns":3},{"damage":0,"enemies":"Spheric Guardian","floor":21,"turns":3},{"damage":0,"enemies":"Gremlin Leader","floor":25,"turns":6},{"damage":0,"enemies":"3 Cultists","floor":28,"turns":3},{"damage":9,"enemies":"Book of Stabbing","floor":30,"turns":5},{"damage":43,"enemies":"Collector","floor":33,"turns":10},{"damage":0,"enemies":"3 Darklings","floor":35,"turns":2},{"damage":0,"enemies":"3 Shapes","floor":37,"turns":3},{"damage":0,"enemies":"Mind Bloom Boss Battle","floor":41,"turns":6},{"damage":12,"enemies":"Writhing Mass","floor":46,"turns":2},{"damage":47,"enemies":"2 Orb Walkers","floor":48,"turns":5},{"damage":13,"enemies":"Time Eater","floor":50,"turns":11}],"seed_played":"7651520326433865639","potions_obtained":[{"floor":1,"key":"Ancient Potion"},{"floor":5,"key":"PowerPotion"},{"floor":7,"key":"Fruit Juice"},{"floor":19,"key":"EssenceOfSteel"},{"floor":21,"key":"Energy Potion"},{"floor":37,"key":"Strength Potion"},{"floor":38,"key":"Energy Potion"},{"floor":38,"key":"SkillPotion"},{"floor":38,"key":"Explosive Potion"},{"floor":41,"key":"EssenceOfSteel"},{"floor":46,"key":"Ancient Potion"},{"floor":48,"key":"SkillPotion"}],"is_trial":false,"path_per_floor":["M","M","?","?","M","R","E","R","T","M","M","E","$","?","R","B",null,"M","?","?","M","?","R","$","E","T","R","M","?","E","T","R","B",null,"M","?","M","?","$","R","?","R","T","T","$","M","R","?","R","B",null],"character_chosen":"DEFECT","items_purchased":["Glacier","Capacitor","Happy Flower","Defragment","DataDisk","Defragment"],"campfire_rested":3,"item_purchase_floors":[13,24,24,39,39,45],"current_hp_per_floor":[57,55,60,60,58,58,48,53,53,53,53,32,32,20,45,16,68,55,55,39,39,67,67,67,67,67,67,67,67,58,58,83,40,74,74,64,68,68,68,68,72,72,72,72,72,60,60,17,42,33],"gold":86,"neow_bonus":"ONE_RANDOM_RARE_CARD","is_prod":false,"is_daily":false,"chose_seed":false,"campfire_upgraded":7,"win_rate":0,"timestamp":1570825355,"path_taken":["M","M","?","?","M","R","E","R","T","M","M","E","$","?","R","BOSS","M","?","?","M","?","R","$","E","T","R","M","?","E","?","R","BOSS","M","?","M","?","$","R","?","R","T","?","$","M","R","?","R","BOSS"],"build_version":"2019-07-17","purchased_purges":1,"victory":true,"max_hp_per_floor":[75,75,80,80,80,80,80,85,85,85,85,85,85,85,85,85,85,85,85,85,85,85,85,85,85,85,85,85,85,85,85,85,85,85,85,85,85,85,85,85,85,85,85,85,85,85,85,85,85,85],"card_choices":[{"not_picked":["Skim","Steam"],"picked":"Rebound","floor":1},{"not_picked":["Steam","Reinforced Body"],"picked":"Leap","floor":2},{"not_picked":["Reprogram","Amplify"],"picked":"Melter","floor":5},{"not_picked":["Rebound","Amplify"],"picked":"Compile Driver","floor":7},{"not_picked":["Go for the Eyes","Auto Shields"],"picked":"Cold Snap","floor":10},{"not_picked":["Stack","Scrape"],"picked":"Consume","floor":11},{"not_picked":["Leap","Gash"],"picked":"Genetic Algorithm","floor":12},{"not_picked":["Rainbow","Buffer"],"picked":"Electrodynamics","floor":16},{"not_picked":[],"picked":"Coolheaded+1","floor":18},{"not_picked":[],"picked":"Steam","floor":21},{"not_picked":[],"picked":"Doom and Gloom+1","floor":25},{"not_picked":["Turbo"],"picked":"SKIP","floor":28},{"not_picked":["Hologram"],"picked":"SKIP","floor":30},{"not_picked":["Gash+1"],"picked":"SKIP","floor":35},{"not_picked":[],"picked":"Bandage Up","floor":36},{"not_picked":[],"picked":"PanicButton","floor":36},{"not_picked":["Streamline"],"picked":"SKIP","floor":37},{"not_picked":["FTL"],"picked":"SKIP","floor":46},{"not_picked":[],"picked":"Reinforced Body+1","floor":49}],"player_experience":322570,"relics_obtained":[{"floor":7,"key":"Ancient Tea Set"},{"floor":9,"key":"Ornamental Fan"},{"floor":12,"key":"Bottled Lightning"},{"floor":19,"key":"Red Mask"},{"floor":20,"key":"Enchiridion"},{"floor":25,"key":"Mercury Hourglass"},{"floor":26,"key":"Juzu Bracelet"},{"floor":30,"key":"Orichalcum"},{"floor":31,"key":"Potion Belt"},{"floor":41,"key":"Du-Vu Doll"},{"floor":43,"key":"Dream Catcher"},{"floor":44,"key":"Blue Candle"},{"floor":48,"key":"Unceasing Top"}],"event_choices":[{"damage_healed":0,"gold_gain":0,"player_choice":"Donut","damage_taken":0,"max_hp_gain":5,"max_hp_loss":0,"event_name":"Big Fish","floor":3,"gold_loss":0},{"cards_removed":["Strike_B"],"damage_healed":0,"gold_gain":0,"player_choice":"Forget","damage_taken":0,"max_hp_gain":0,"max_hp_loss":0,"event_name":"Living Wall","floor":4,"gold_loss":0},{"damage_healed":0,"gold_gain":0,"player_choice":"Success","damage_taken":12,"relics_obtained":["Bronze Scales"],"max_hp_gain":0,"max_hp_loss":0,"event_name":"Scrap Ooze","floor":14,"gold_loss":0},{"damage_healed":0,"gold_gain":0,"player_choice":"Fought Bandits","damage_taken":0,"max_hp_gain":0,"max_hp_loss":0,"event_name":"Masked Bandits","floor":19,"gold_loss":0},{"damage_healed":0,"gold_gain":0,"player_choice":"Obtained Book","damage_taken":16,"max_hp_gain":0,"max_hp_loss":0,"event_name":"Cursed Tome","floor":20,"gold_loss":0},{"damage_healed":28,"gold_gain":0,"player_choice":"Heal","damage_taken":0,"max_hp_gain":0,"max_hp_loss":0,"event_name":"The Library","floor":22,"gold_loss":0},{"damage_healed":0,"gold_gain":0,"player_choice":"Obtained Relic","damage_taken":0,"relics_obtained":["Mummified Hand"],"max_hp_gain":0,"max_hp_loss":0,"event_name":"Addict","floor":29,"gold_loss":85},{"damage_healed":0,"gold_gain":0,"player_choice":"Memory 3","damage_taken":10,"max_hp_gain":0,"max_hp_loss":0,"event_name":"SensoryStone","floor":36,"gold_loss":0},{"damage_healed":0,"gold_gain":0,"player_choice":"Got Potions","damage_taken":0,"max_hp_gain":0,"max_hp_loss":0,"event_name":"Lab","floor":38,"gold_loss":0},{"damage_healed":0,"gold_gain":0,"player_choice":"Fight","damage_taken":0,"max_hp_gain":0,"max_hp_loss":0,"event_name":"MindBloom","floor":41,"gold_loss":0},{"damage_healed":0,"gold_gain":0,"player_choice":"Fight","damage_taken":0,"max_hp_gain":0,"max_hp_loss":0,"event_name":"Mysterious Sphere","floor":48,"gold_loss":0}],"is_beta":false,"boss_relics":[{"not_picked":["Eternal Feather","Empty Cage"],"picked":"Busted Crown"},{"not_picked":["Lizard Tail","Snecko Eye"],"picked":"Cursed Key"}],"items_purged_floors":[45],"is_endless":false,"potions_floor_spawned":[1,5,7,19,21,37,41,46,48],"ascension_level":7}