{"gold_per_floor":[10,20,20,20,33,33,33,33,58,87,106,106,106,116,116,211,211,223,240,253,88,105,140,140,151,151,151,162,77,77,77,77,174,174,190,200,213,268,325,325,376,390,390,195,214,229,229,139,139,139,139,139,17,48,48],"floor_reached":55,"playtime":6410,"items_purged":["Defend_G","Expertise"],"score":737,"play_id":"99b76e4b-8de5-4cb1-954c-f0635ce5f22d","local_time":"20190622102710","is_ascension_mode":true,"campfire_choices":[{"data":"Noxious Fumes","floor":6.0,"key":"SMITH"},{"data":"Backflip","floor":12.0,"key":"SMITH"},{"floor":15.0,"key":"REST"},{"floor":24.0,"key":"REST"},{"data":"Defend_G","floor":27.0,"key":"SMITH"},{"data":"Defend_G","floor":30.0,"key":"SMITH"},{"data":"Normality","floor":32.0,"key":"PURGE"},{"floor":40,"key":"RECALL"},{"floor":47,"key":"REST"},{"floor":49,"key":"REST"},{"data":"Defend_G","floor":52,"key":"PURGE"}],"neow_cost":"NO_GOLD","seed_source_timestamp":0,"circlet_count":0,"master_deck":["Defend_G+1","Defend_G+1","Survivor","Neutralize","Noxious Fumes+1","Backflip+1","After Image","Corpse Explosion","Deadly Poison","Well Laid Plans","Blur+1","Neutralize","After Image","Acrobatics+1","Tactician+1","Infinite Blades","Backflip+1","Backflip+1","Backflip+1"],"special_seed":0,"relics":["Ring of the Serpent","Potion Belt","Odd Mushroom","Empty Cage","Anchor","Vajra","Peace Pipe","PreservedInsect","Tiny Chest","Strawberry","Pantograph","Mummified Hand"],"potions_floor_usage":[50,55,55,55],"damage_taken":[{"damage":0.0,"enemies":"Small Slimes","floor":1.0,"turns":5.0},{"damage":0.0,"enemies":"2 Louse","floor":2.0,"turns":3.0},{"damage":0.0,"enemies":"Jaw Worm","floor":5.0,"turns":6.0},{"damage":18.0,"enemies":"The Mushroom Lair","floor":10.0,"turns":7.0},{"damage":0.0,"enemies":"3 Louse","floor":11.0,"turns":4.0},{"damage":12.0,"enemies":"Large Slime","floor":14.0,"turns":8.0},{"damage":25.0,"enemies":"Hexaghost","floor":16.0,"turns":12.0},{"damage":9.0,"enemies":"Chosen","floor":18.0,"turns":8.0},{"damage":0.0,"enemies":"Spheric Guardian","floor":19.0,"turns":6.0},{"damage":8.0,"enemies":"Centurion and Healer","floor":20.0,"turns":8.0},{"damage":6.0,"enemies":"Sentry and Sphere","floor":22.0,"turns":7.0},{"damage":51.0,"enemies":"Gremlin Leader","floor":23.0,"turns":9.0},{"damage":0.0,"enemies":"Shelled Parasite and Fungi","floor":25.0,"turns":7.0},{"damage":0.0,"enemies":"Centurion and Healer","floor":28.0,"turns":5.0},{"damage":1.0,"enemies":"Champ","floor":33.0,"turns":18.0},{"damage":4,"enemies":"3 Darklings","floor":35,"turns":6},{"damage":0,"enemies":"3 Shapes","floor":36,"turns":6},{"damage":0,"enemies":"3 Darklings","floor":37,"turns":6},{"damage":10,"enemies":"Spire Growth","floor":42,"turns":11},{"damage":0,"enemies":"Jaw Worm Horde","floor":45,"turns":6},{"damage":65,"enemies":"Sphere and 2 Shapes","floor":46,"turns":6},{"damage":37,"enemies":"Awakened One","floor":50,"turns":27},{"damage":30,"enemies":"Shield and Spear","floor":54,"turns":11},{"damage":98,"enemies":"The Heart","floor":55,"turns":15}],"seed_played":"-926610648710581191","potions_obtained":[{"floor":1.0,"key":"Swift Potion"},{"floor":2.0,"key":"Poison Potion"},{"floor":5.0,"key":"GhostInAJar"},{"floor":14.0,"key":"Energy Potion"},{"floor":18.0,"key":"PowerPotion"},{"floor":25.0,"key":"SteroidPotion"},{"floor":33.0,"key":"Dexterity Potion"},{"floor":54,"key":"Fire Potion"}],"is_trial":false,"path_per_floor":["M","M","?","?","M","R","?","?","T","?","M","R","?","M","R","B",null,"M","M","M","$","M","E","R","M","T","R","M","?","R","?","R","B",null,"M","M","M","T","T","R","T","M","T","$","M","M","R","?","R","B",null,"R","$","E","B"],"character_chosen":"THE_SILENT","items_purchased":["Deadly Poison","Well Laid Plans","Infinite Blades","Backflip","Energy Potion","Regen Potion"],"campfire_rested":4,"item_purchase_floors":[21,21,44,44,53,53],"current_hp_per_floor":[70,70,70,75,75,75,63,56,56,38,38,38,38,26,48,23,75,66,66,58,58,52,1,23,23,23,23,23,23,23,23,23,22,75,71,71,71,71,71,71,78,68,68,68,68,3,27,27,51,39,82,82,82,52,0],"gold":48,"neow_bonus":"REMOVE_TWO","is_prod":false,"is_daily":false,"chose_seed":false,"campfire_upgraded":4,"win_rate":0,"timestamp":1561224430,"path_taken":["M","M","?","?","M","R","?","?","T","?","?","R","?","M","R","BOSS","M","M","M","$","M","E","R","M","T","R","M","?","R","?","R","BOSS","M","M","?","?","?","R","?","M","T","$","M","?","R","?","R","BOSS","R","$","E","BOSS"],"build_version":"2019-01-23","purchased_purges":2,"victory":false,"max_hp_per_floor":[70,70,70,75,75,75,75,75,75,75,75,75,75,75,75,75,75,75,75,75,75,75,75,75,75,75,75,75,75,75,75,75,75,75,75,75,75,75,75,75,82,82,82,82,82,82,82,82,82,82,82,82,82,82,82],"card_choices":[{"not_picked":["Underhanded Strike","Escape Plan"],"picked":"Noxious Fumes","floor":1.0},{"not_picked":["Dodge and Roll","Eviscerate","Underhanded Strike"],"picked":"SKIP","floor":2.0},{"not_picked":["Deflect","Dash","Calculated Gamble"],"picked":"SKIP","floor":5.0},{"not_picked":["Bouncing Flask","Deflect"],"picked":"Backflip","floor":10.0},{"not_picked":["Catalyst","Sucker Punch","Terror"],"picked":"SKIP","floor":11.0},{"not_picked":["Heel Hook","Acrobatics"],"picked":"After Image","floor":14.0},{"not_picked":["Phantasmal Killer","Adrenaline"],"picked":"Corpse Explosion","floor":16.0},{"not_picked":["Reflex","Blade Dance","All Out Attack"],"picked":"SKIP","floor":18.0},{"not_picked":["Dagger Spray","Slice"],"picked":"Expertise","floor":19.0},{"not_picked":["PiercingWail","Quick Slash","Finisher"],"picked":"SKIP","floor":20.0},{"not_picked":["Reflex","PiercingWail+1","Crippling Poison"],"picked":"SKIP","floor":22.0},{"not_picked":["Deadly Poison","All Out Attack"],"picked":"Blur+1","floor":23.0},{"not_picked":["Outmaneuver","Deadly Poison","Dagger Throw+1"],"picked":"SKIP","floor":25.0},{"not_picked":["Escape Plan","Dagger Spray","Bullet Time"],"picked":"SKIP","floor":28.0},{"not_picked":["Unload","Envenom"],"picked":"After Image","floor":33.0},{"not_picked":["Dagger Throw+1","PiercingWail"],"picked":"Acrobatics+1","floor":35},{"not_picked":["Blade Dance","Flying Knee+1","Backstab+1"],"picked":"SKIP","floor":36},{"not_picked":["Blade Dance+1","Crippling Poison+1","Bane"],"picked":"SKIP","floor":37},{"not_picked":["Bullet Time","Poisoned Stab"],"picked":"Tactician+1","floor":42},{"not_picked":["Blade Dance","Underhanded Strike+1"],"picked":"Backflip+1","floor":45},{"not_picked":["Flying Knee+1","Flechettes+1"],"picked":"Backflip+1","floor":46},{"not_picked":["Dagger Throw+1","Deadly Poison+1","Dodge and Roll"],"picked":"SKIP","floor":54}],"player_experience":45435,"relics_obtained":[{"floor":10.0,"key":"Odd Mushroom"},{"floor":23.0,"key":"Anchor"},{"floor":26.0,"key":"Vajra"},{"floor":38,"key":"PreservedInsect"},{"floor":39,"key":"Tiny Chest"},{"floor":41,"key":"Strawberry"},{"floor":43,"key":"Pantograph"},{"floor":54,"key":"Mummified Hand"}],"event_choices":[{"damage_healed":0.0,"max_hp_gain":0.0,"max_hp_loss":0.0,"gold_gain":0.0,"event_name":"The Cleric","player_choice":"Leave","floor":3.0,"gold_loss":0.0,"damage_taken":0.0},{"damage_healed":0.0,"max_hp_gain":5.0,"max_hp_loss":0.0,"gold_gain":0.0,"event_name":"Big Fish","player_choice":"Donut","floor":4.0,"gold_loss":0.0,"damage_taken":0.0},{"damage_healed":0.0,"max_hp_gain":0.0,"max_hp_loss":0.0,"gold_gain":0.0,"event_name":"Scrap Ooze","player_choice":"Success","floor":7.0,"gold_loss":0.0,"damage_taken":12.0,"relics_obtained":["Potion Belt"]},{"cards_removed":["Strike_G"],"damage_healed":0.0,"max_hp_gain":0.0,"max_hp_loss":0.0,"gold_gain":0.0,"event_name":"Golden Wing","player_choice":"Card Removal","floor":8.0,"gold_loss":0.0,"damage_taken":7.0},{"damage_healed":0.0,"max_hp_gain":0.0,"max_hp_loss":0.0,"gold_gain":0.0,"event_name":"Mushrooms","player_choice":"Fought Mushrooms","floor":10.0,"gold_loss":0.0,"damage_taken":0.0},{"damage_healed":0.0,"max_hp_gain":0.0,"max_hp_loss":0.0,"gold_gain":0.0,"event_name":"Liars Game","player_choice":"Ignored","floor":13.0,"gold_loss":0.0,"damage_taken":0.0},{"damage_healed":0.0,"max_hp_gain":0.0,"max_hp_loss":0.0,"gold_gain":0.0,"event_name":"Addict","player_choice":"Obtained Relic","floor":29.0,"gold_loss":85.0,"damage_taken":0.0,"relics_obtained":["Peace Pipe"]},{"damage_healed":0.0,"max_hp_gain":0.0,"max_hp_loss":0.0,"gold_gain":0.0,"event_name":"Match and Keep!","player_choice":"2 cards matched","floor":31.0,"gold_loss":0.0,"damage_taken":0.0,"cards_obtained":["Neutralize","Normality"]},{"cards_removed":["Defend_G"],"damage_healed":0,"gold_gain":0,"player_choice":"Upgrade and Remove","damage_taken":0,"max_hp_gain":0,"max_hp_loss":0,"event_name":"Designer","floor":48,"gold_loss":90,"cards_upgraded":["Backflip"]}],"is_beta":false,"boss_relics":[{"not_picked":["Eternal Feather","Tiny House"],"picked":"Empty Cage"},{"not_picked":["WristBlade","Snecko Eye"],"picked":"Ring of the Serpent"}],"items_purged_floors":[21,44],"is_endless":false,"potions_floor_spawned":[1,2,5,14,18,25,33,54],"killed_by":"The Heart","ascension_level":1}