{"gold_per_floor":[112,132,132,232,13,45,45,72,141,141,11,41,52,2,2,73,73,89,8,21,21],"floor_reached":21,"playtime":580,"items_purged":["Regret","Strike_R","Strike_R"],"score":440,"play_id":"92ca6c3c-378c-406f-86fe-ba1edddec4f8","local_time":"20191004122838","is_ascension_mode":true,"campfire_choices":[{"data":"Hemokinesis","floor":7,"key":"SMITH"},{"floor":10,"key":"REST"},{"data":"Heavy Blade","floor":15,"key":"SMITH"}],"neow_cost":"PERCENT_DAMAGE","seed_source_timestamp":253218646929700,"circlet_count":0,"master_deck":["AscendersBane","Strike_R","Strike_R","Strike_R","Defend_R","Defend_R","Defend_R","Defend_R","Bash","Wild Strike","Feel No Pain","Headbutt","Hemokinesis+1","Demon Form+1","Reaper","Heavy Blade+1","Immolate","Second Wind","Evolve+1"],"relics":["Burning Blood","TungstenRod","Strawberry","Smiling Mask","Shuriken","Frozen Egg 2","Du-Vu Doll","Cursed Key"],"potions_floor_usage":[6,16,18,21],"damage_taken":[{"damage":9,"enemies":"Small Slimes","floor":1,"turns":4},{"damage":0,"enemies":"Cultist","floor":2,"turns":4},{"damage":42,"enemies":"Lagavulin","floor":6,"turns":6},{"damage":19,"enemies":"3 Sentries","floor":8,"turns":10},{"damage":14,"enemies":"Lagavulin","floor":12,"turns":5},{"damage":2,"enemies":"2 Louse","floor":13,"turns":2},{"damage":23,"enemies":"Slime Boss","floor":16,"turns":7},{"damage":61,"enemies":"Shell Parasite","floor":18,"turns":10},{"damage":20,"enemies":"2 Thieves","floor":20,"turns":3},{"damage":20,"enemies":"Snake Plant","floor":21,"turns":2}],"seed_played":"205241529165302997","potions_obtained":[{"floor":1,"key":"Block Potion"},{"floor":13,"key":"Explosive Potion"},{"floor":16,"key":"Weak Potion"},{"floor":18,"key":"ElixirPotion"},{"floor":20,"key":"Weak Potion"}],"is_trial":false,"path_per_floor":["M","M","?","?","$","E","R","E","T","R","$","E","M","$","R","B",null,"M","$","M","M"],"character_chosen":"IRONCLAD","items_purchased":["Feel No Pain","Headbutt","Demon Form+1","Evolve+1"],"campfire_rested":1,"item_purchase_floors":[5,5,11,19],"current_hp_per_floor":[47,53,60,60,60,24,24,11,11,35,35,27,31,31,31,44,73,32,32,18,0],"gold":21,"neow_bonus":"ONE_RARE_RELIC","is_prod":false,"is_daily":false,"chose_seed":false,"campfire_upgraded":2,"win_rate":0,"timestamp":1570217318,"path_taken":["M","M","?","?","$","E","R","E","T","R","$","E","M","$","R","BOSS","M","?","M","M"],"build_version":"2019-10-03","purchased_purges":3,"victory":false,"max_hp_per_floor":[75,75,82,82,82,82,82,82,82,82,82,82,82,82,82,82,82,82,82,82,82],"card_choices":[{"not_picked":["Rage","Heavy Blade","Havoc"],"picked":"SKIP","floor":1},{"not_picked":["Armaments","Havoc"],"picked":"Wild Strike","floor":2},{"not_picked":["Cleave","Headbutt"],"picked":"Hemokinesis","floor":6},{"not_picked":["Sword Boomerang","Clothesline","Heavy Blade"],"picked":"SKIP","floor":8},{"not_picked":["Dropkick","Headbutt"],"picked":"Reaper","floor":12},{"not_picked":["Sword Boomerang","Second Wind"],"picked":"Heavy Blade","floor":13},{"not_picked":["Demon Form+1","Juggernaut+1"],"picked":"Immolate","floor":16},{"not_picked":["Entrench","Clothesline"],"picked":"Second Wind","floor":18},{"not_picked":["Searing Blow","Perfected Strike+1","Sentinel"],"picked":"SKIP","floor":20}],"player_experience":1236350,"relics_obtained":[{"floor":6,"key":"Smiling Mask"},{"floor":8,"key":"Shuriken"},{"floor":9,"key":"Frozen Egg 2"},{"floor":12,"key":"Du-Vu Doll"}],"event_choices":[{"damage_healed":0,"gold_gain":0,"player_choice":"Box","damage_taken":0,"relics_obtained":["Strawberry"],"max_hp_gain":0,"max_hp_loss":0,"event_name":"Big Fish","floor":3,"gold_loss":0,"cards_obtained":["Regret"]},{"damage_healed":0,"gold_gain":100,"player_choice":"Gold","damage_taken":0,"max_hp_gain":0,"max_hp_loss":0,"event_name":"Wheel of Change","floor":4,"gold_loss":0}],"is_beta":true,"boss_relics":[{"not_picked":["Philosopher\u0027s Stone","Black Star"],"picked":"Cursed Key"}],"items_purged_floors":[5,11,14],"is_endless":false,"potions_floor_spawned":[1,13,16,18,20],"killed_by":"Snake Plant","ascension_level":20}