{"gold_per_floor":[111,286,286,310,30,74,74,74,129,129,129,172,185,211,211,211],"floor_reached":16,"playtime":1079,"items_purged":["Doubt"],"score":111,"play_id":"71c3cedb-f2bc-4b31-8714-7c380aa8eae7","local_time":"20190912020259","is_ascension_mode":true,"campfire_choices":[{"data":"Offering","floor":7,"key":"SMITH"},{"data":"Body Slam","floor":10,"key":"SMITH"},{"floor":15,"key":"REST"}],"neow_cost":"NONE","seed_source_timestamp":85826123881100,"circlet_count":0,"master_deck":["Strike_R+1","Strike_R","Strike_R+1","Strike_R","Defend_R","Defend_R","Defend_R","Defend_R","Bash","Ghostly Armor","Body Slam+1","Offering+1","Shrug It Off","Armaments"],"relics":["Burning Blood","Golden Idol","Toy Ornithopter","Orichalcum","Tiny Chest","Anchor","Bag of Preparation","Whetstone"],"potions_floor_usage":[6],"damage_taken":[{"damage":6,"enemies":"Cultist","floor":1,"turns":3},{"damage":9,"enemies":"2 Louse","floor":4,"turns":4},{"damage":41,"enemies":"3 Sentries","floor":6,"turns":12},{"damage":42,"enemies":"Lagavulin","floor":12,"turns":7},{"damage":0,"enemies":"Small Slimes","floor":13,"turns":3},{"damage":52,"enemies":"The Guardian","floor":16,"turns":16}],"seed_played":"-3788748868038655371","potions_obtained":[{"floor":4,"key":"FearPotion"},{"floor":13,"key":"Explosive Potion"}],"is_trial":false,"path_per_floor":["M","?","?","M","$","E","R","?","T","R","T","E","M","T","R","B"],"character_chosen":"IRONCLAD","items_purchased":["Toy Ornithopter"],"campfire_rested":1,"item_purchase_floors":[5],"current_hp_per_floor":[80,80,60,57,57,27,27,53,53,53,53,17,23,23,47,0],"gold":211,"neow_bonus":"REMOVE_CARD","is_prod":false,"is_daily":false,"chose_seed":false,"campfire_upgraded":2,"win_rate":0,"timestamp":1568246579,"path_taken":["M","?","?","M","$","E","R","?","T","R","?","E","M","?","R","BOSS"],"build_version":"2019-07-17","purchased_purges":1,"victory":false,"max_hp_per_floor":[80,80,80,80,80,80,80,80,80,80,80,80,80,80,80,80],"card_choices":[{"not_picked":["Cleave","Sword Boomerang"],"picked":"Ghostly Armor","floor":1},{"not_picked":["Heavy Blade","Clash"],"picked":"Body Slam","floor":4},{"not_picked":["Shrug It Off","Brutality"],"picked":"Offering","floor":6},{"not_picked":["Clash","Twin Strike"],"picked":"Shrug It Off","floor":12},{"not_picked":["True Grit","Seeing Red"],"picked":"Armaments","floor":13}],"player_experience":62942,"relics_obtained":[{"floor":6,"key":"Orichalcum"},{"floor":9,"key":"Tiny Chest"},{"floor":11,"key":"Anchor"},{"floor":12,"key":"Bag of Preparation"},{"floor":14,"key":"Whetstone"}],"event_choices":[{"damage_healed":0,"gold_gain":175,"player_choice":"AGREE","damage_taken":0,"max_hp_gain":0,"max_hp_loss":0,"event_name":"Liars Game","floor":2,"gold_loss":0,"cards_obtained":["Doubt"]},{"damage_healed":0,"gold_gain":0,"player_choice":"Take Damage","damage_taken":20,"relics_obtained":["Golden Idol"],"max_hp_gain":0,"max_hp_loss":0,"event_name":"Golden Idol","floor":3,"gold_loss":0},{"damage_healed":26,"gold_gain":0,"player_choice":"Banana","damage_taken":0,"max_hp_gain":0,"max_hp_loss":0,"event_name":"Big Fish","floor":8,"gold_loss":0}],"is_beta":false,"boss_relics":[],"items_purged_floors":[5],"is_endless":false,"potions_floor_spawned":[4,13],"killed_by":"The Guardian","ascension_level":1}