{"gold_per_floor":[212,232,232,247,267,267,281,281,304,319,354,365,383,442,442,520,520,530,545,460,66,81,109,109,120,120,149,166,194,194,209,209,283,283,297,315,315,315,12,45,64,78,78,178,178,196,0,20,20,20],"floor_reached":50,"playtime":2443,"items_purged":["Strike_R"],"score":1103,"play_id":"825aef79-077c-4486-8c5b-1fbd25d584c3","local_time":"20190924234056","is_ascension_mode":true,"campfire_choices":[{"data":"Anger","floor":6.0,"key":"SMITH"},{"floor":8.0,"key":"REST"},{"floor":15.0,"key":"REST"},{"floor":24.0,"key":"REST"},{"floor":32.0,"key":"REST"},{"data":"Strike_R","floor":45.0,"key":"PURGE"},{"floor":49.0,"key":"RECALL"}],"neow_cost":"NONE","seed_source_timestamp":254355827108830,"circlet_count":0,"master_deck":["AscendersBane","Strike_R","Strike_R+1","Defend_R","Defend_R","Defend_R","Defend_R","Bash+1","Headbutt","Burning Pact","Anger+1","Battle Trance","Ghostly Armor","Feed","Uppercut","Pummel+1","Immolate","Sword Boomerang","Corruption","Reaper","Whirlwind+1","Madness","Battle Trance"],"special_seed":0,"relics":["Burning Blood","Oddly Smooth Stone","Art of War","Sozu","Regal Pillow","Brimstone","Lantern","Peace Pipe","Happy Flower","Letter Opener","Anchor","Fusion Hammer","Chemical X","PreservedInsect","Du-Vu Doll","Red Mask"],"potions_floor_usage":[],"damage_taken":[{"damage":10.0,"enemies":"Small Slimes","floor":1.0,"turns":5.0},{"damage":8.0,"enemies":"2 Louse","floor":2.0,"turns":2.0},{"damage":2.0,"enemies":"Jaw Worm","floor":4.0,"turns":4.0},{"damage":18.0,"enemies":"3 Louse","floor":5.0,"turns":4.0},{"damage":24.0,"enemies":"Exordium Thugs","floor":7.0,"turns":5.0},{"damage":0.0,"enemies":"2 Fungi Beasts","floor":10.0,"turns":2.0},{"damage":18.0,"enemies":"3 Sentries","floor":11.0,"turns":6.0},{"damage":10.0,"enemies":"Looter","floor":12.0,"turns":3.0},{"damage":22.0,"enemies":"Lots of Slimes","floor":13.0,"turns":6.0},{"damage":36.0,"enemies":"Hexaghost","floor":16.0,"turns":8.0},{"damage":10.0,"enemies":"2 Thieves","floor":18.0,"turns":4.0},{"damage":10.0,"enemies":"Spheric Guardian","floor":19.0,"turns":4.0},{"damage":16.0,"enemies":"Snecko","floor":22.0,"turns":5.0},{"damage":33.0,"enemies":"Gremlin Leader","floor":23.0,"turns":4.0},{"damage":31.0,"enemies":"Shelled Parasite and Fungi","floor":25.0,"turns":3.0},{"damage":27.0,"enemies":"Slavers","floor":27.0,"turns":4.0},{"damage":13.0,"enemies":"Sentry and Sphere","floor":28.0,"turns":3.0},{"damage":42.0,"enemies":"Book of Stabbing","floor":29.0,"turns":4.0},{"damage":0.0,"enemies":"3 Cultists","floor":31.0,"turns":3.0},{"damage":40.0,"enemies":"Automaton","floor":33.0,"turns":6.0},{"damage":13.0,"enemies":"3 Darklings","floor":35.0,"turns":4.0},{"damage":9.0,"enemies":"3 Shapes","floor":36.0,"turns":2.0},{"damage":36.0,"enemies":"Nemesis","floor":40.0,"turns":5.0},{"damage":20.0,"enemies":"Writhing Mass","floor":41.0,"turns":3.0},{"damage":13.0,"enemies":"Transient","floor":42.0,"turns":6.0},{"damage":0.0,"enemies":"Mind Bloom Boss Battle","floor":44.0,"turns":2.0},{"damage":0.0,"enemies":"Sphere and 2 Shapes","floor":46.0,"turns":1.0},{"damage":34.0,"enemies":"3 Darklings","floor":48.0,"turns":4.0},{"damage":96,"enemies":"Time Eater","floor":50,"turns":5}],"seed_played":"-4976868928201701205","potions_obtained":[{"floor":2.0,"key":"Strength Potion"},{"floor":5.0,"key":"Weak Potion"},{"floor":7.0,"key":"Fire Potion"},{"floor":10.0,"key":"Fruit Juice"},{"floor":16.0,"key":"FairyPotion"}],"is_trial":false,"path_per_floor":["M","M","?","M","M","R","M","R","T","M","E","M","M","?","R","B",null,"M","M","?","$","M","E","R","M","T","E","M","E","?","M","R","B",null,"M","M","?","?","$","E","M","M","T","?","R","M","?","M","R","B"],"character_chosen":"IRONCLAD","items_purchased":["Brimstone","Lantern","Chemical X"],"campfire_rested":4,"item_purchase_floors":[21,21,39],"current_hp_per_floor":[64,62,39,43,31,31,13,35,35,46,34,30,14,14,38,8,62,58,57,57,57,50,23,63,41,41,23,19,18,18,24,68,34,82,98,98,80,101,101,79,65,70,70,76,76,82,82,54,54,0],"gold":20,"neow_bonus":"HUNDRED_GOLD","is_prod":false,"is_daily":false,"chose_seed":false,"campfire_upgraded":1,"win_rate":0,"timestamp":1569393656,"path_taken":["M","M","?","M","M","R","M","R","T","M","E","M","M","?","R","BOSS","M","M","?","$","M","E","R","M","T","E","M","E","?","?","R","BOSS","M","M","?","?","$","E","?","M","T","?","R","M","?","M","R","BOSS"],"build_version":"2019-07-17","purchased_purges":1,"victory":false,"max_hp_per_floor":[75,75,75,75,75,75,75,75,75,80,80,80,80,80,80,80,80,80,83,83,83,86,86,86,89,89,92,95,98,98,98,98,98,98,98,101,101,101,101,101,101,101,101,101,101,101,101,101,101,101],"card_choices":[{"not_picked":["Thunderclap","Havoc"],"picked":"Headbutt","floor":1.0},{"not_picked":["Corruption","Thunderclap","Sword Boomerang"],"picked":"SKIP","floor":2.0},{"not_picked":["Body Slam","Twin Strike"],"picked":"Burning Pact","floor":4.0},{"not_picked":["Armaments","Exhume"],"picked":"Anger","floor":5.0},{"not_picked":["Pummel","Dropkick","Wild Strike"],"picked":"SKIP","floor":7.0},{"not_picked":["Flex","Twin Strike"],"picked":"Battle Trance","floor":10.0},{"not_picked":["Perfected Strike","Pommel Strike","Infernal Blade"],"picked":"SKIP","floor":11.0},{"not_picked":["Flex","Feel No Pain","Entrench"],"picked":"SKIP","floor":12.0},{"not_picked":["Dual Wield","Battle Trance"],"picked":"Ghostly Armor","floor":13.0},{"not_picked":["Exhume","Fiend Fire"],"picked":"Feed","floor":16.0},{"not_picked":["Warcry","Seeing Red"],"picked":"Uppercut","floor":18.0},{"not_picked":["Flex","Cleave","Iron Wave"],"picked":"SKIP","floor":19.0},{"not_picked":["Armaments","Exhume"],"picked":"Pummel+1","floor":22.0},{"not_picked":["Sword Boomerang","Armaments","Evolve"],"picked":"SKIP","floor":23.0},{"not_picked":["Warcry","Wild Strike","Headbutt"],"picked":"SKIP","floor":25.0},{"not_picked":["True Grit","Dual Wield","Hemokinesis"],"picked":"SKIP","floor":27.0},{"not_picked":["Clash","Metallicize","Shockwave"],"picked":"SKIP","floor":28.0},{"not_picked":["Twin Strike","Searing Blow"],"picked":"Immolate","floor":29.0},{"not_picked":["Heavy Blade","Flex"],"picked":"Corruption","floor":31.0},{"not_picked":["Barricade","Feed"],"picked":"Reaper","floor":33.0},{"not_picked":["Twin Strike+1","Metallicize"],"picked":"Whirlwind+1","floor":35.0},{"not_picked":["Havoc+1","Iron Wave+1","Cleave"],"picked":"SKIP","floor":36.0},{"not_picked":["Clash+1","Spot Weakness","Wild Strike+1"],"picked":"SKIP","floor":40.0},{"not_picked":["Rage","Heavy Blade","Clash"],"picked":"SKIP","floor":41.0},{"not_picked":["Feel No Pain","Whirlwind"],"picked":"Battle Trance","floor":42.0},{"not_picked":["Thunderclap","Rage","Armaments"],"picked":"SKIP","floor":46.0},{"not_picked":["True Grit","Cleave+1","Fire Breathing"],"picked":"SKIP","floor":48.0}],"player_experience":350661,"relics_obtained":[{"floor":9.0,"key":"Oddly Smooth Stone"},{"floor":11.0,"key":"Art of War"},{"floor":23.0,"key":"Peace Pipe"},{"floor":26.0,"key":"Happy Flower"},{"floor":27.0,"key":"Letter Opener"},{"floor":29.0,"key":"Anchor"},{"floor":40.0,"key":"PreservedInsect"},{"floor":44.0,"key":"Du-Vu Doll"}],"event_choices":[{"damage_healed":0.0,"max_hp_gain":0.0,"max_hp_loss":0.0,"gold_gain":0.0,"event_name":"Shining Light","player_choice":"Entered Light","floor":3.0,"gold_loss":0.0,"damage_taken":23.0,"cards_upgraded":["Bash","Strike_R"]},{"damage_healed":0.0,"max_hp_gain":0.0,"max_hp_loss":0.0,"gold_gain":59.0,"event_name":"Golden Wing","player_choice":"Gained Gold","floor":14.0,"gold_loss":0.0,"damage_taken":0.0},{"damage_healed":0.0,"max_hp_gain":0.0,"max_hp_loss":0.0,"gold_gain":0.0,"event_name":"Addict","player_choice":"Obtained Relic","floor":20.0,"gold_loss":85.0,"damage_taken":0.0,"relics_obtained":["Regal Pillow"]},{"damage_healed":0.0,"max_hp_gain":0.0,"max_hp_loss":0.0,"gold_gain":0.0,"cards_transformed":["Strike_R"],"event_name":"Transmorgrifier","player_choice":"Transformed","floor":30.0,"gold_loss":0.0,"damage_taken":0.0,"cards_obtained":["Sword Boomerang"]},{"damage_healed":0.0,"max_hp_gain":0.0,"max_hp_loss":0.0,"gold_gain":0.0,"event_name":"Winding Halls","player_choice":"Embrace Madness","floor":37.0,"gold_loss":0.0,"damage_taken":18.0,"cards_obtained":["Madness","Madness"]},{"cards_removed":["Madness"],"damage_healed":21.0,"max_hp_gain":0.0,"max_hp_loss":0.0,"gold_gain":0.0,"event_name":"Bonfire Elementals","player_choice":"Offered Uncommon","floor":38.0,"gold_loss":0.0,"damage_taken":0.0},{"damage_healed":0.0,"max_hp_gain":0.0,"max_hp_loss":0.0,"gold_gain":0.0,"event_name":"MindBloom","player_choice":"Fight","floor":44.0,"gold_loss":0.0,"damage_taken":0.0},{"damage_healed":0.0,"max_hp_gain":0.0,"max_hp_loss":0.0,"gold_gain":0.0,"event_name":"Tomb of Lord Red Mask","player_choice":"Paid","floor":47.0,"gold_loss":196.0,"damage_taken":0.0,"relics_obtained":["Red Mask"]}],"is_beta":false,"boss_relics":[{"not_picked":["Snecko Eye","Runic Cube"],"picked":"Sozu"},{"not_picked":["Orrery","Runic Dome"],"picked":"Fusion Hammer"}],"items_purged_floors":[39],"is_endless":false,"potions_floor_spawned":[2,5,7,10,16,19,22,25,29,31,35,41,44],"killed_by":"Time Eater","ascension_level":19}