{"gold_per_floor":[111,129,54,72,87,87,105,130,157,213,213,231,15,35,35,108,108,122,47,57,57,77,77,109,109,109,109,125,160,178,207,207,207],"floor_reached":33,"playtime":909,"items_purged":["Shame","Strike_R"],"score":688,"play_id":"69164378-24db-464a-9d29-8251cdde78a1","local_time":"20191004104438","is_ascension_mode":true,"campfire_choices":[{"data":"Immolate","floor":6.0,"key":"SMITH"},{"data":"Immolate","floor":11.0,"key":"SMITH"},{"data":"True Grit","floor":15.0,"key":"SMITH"},{"data":"Shockwave","floor":23.0,"key":"SMITH"},{"data":"Spot Weakness","floor":25.0,"key":"SMITH"},{"data":"Offering","floor":27.0,"key":"SMITH"},{"floor":32,"key":"REST"}],"neow_cost":"CURSE","seed_source_timestamp":246641073603300,"circlet_count":0,"master_deck":["AscendersBane","Strike_R","Strike_R","Strike_R","Defend_R","Defend_R","Defend_R","Defend_R","Bash","Immolate+1","Headbutt","Immolate+1","Spot Weakness+1","True Grit+1","Battle Trance","Battle Trance","Metallicize","Shockwave+1","Offering+1","Regret","True Grit","Berserk"],"special_seed":0,"relics":["Burning Blood","Smiling Mask","Blood Vial","Tiny Chest","Cursed Key","Matryoshka","Boot","InkBottle","Bottled Lightning","Self Forming Clay"],"potions_floor_usage":[31],"damage_taken":[{"damage":18.0,"enemies":"Jaw Worm","floor":1.0,"turns":4.0},{"damage":0.0,"enemies":"Small Slimes","floor":2.0,"turns":3.0},{"damage":1.0,"enemies":"Cultist","floor":4.0,"turns":3.0},{"damage":0.0,"enemies":"2 Fungi Beasts","floor":5.0,"turns":3.0},{"damage":0.0,"enemies":"Large Slime","floor":7.0,"turns":3.0},{"damage":48.0,"enemies":"Lagavulin","floor":8.0,"turns":9.0},{"damage":15.0,"enemies":"3 Sentries","floor":10.0,"turns":3.0},{"damage":1.0,"enemies":"Exordium Thugs","floor":12.0,"turns":3.0},{"damage":9.0,"enemies":"Exordium Wildlife","floor":14.0,"turns":3.0},{"damage":24.0,"enemies":"The Guardian","floor":16.0,"turns":11.0},{"damage":14.0,"enemies":"Shell Parasite","floor":18.0,"turns":5.0},{"damage":6.0,"enemies":"Chosen","floor":20.0,"turns":2.0},{"damage":12.0,"enemies":"Snake Plant","floor":22.0,"turns":3.0},{"damage":6.0,"enemies":"Slavers","floor":24.0,"turns":1.0},{"damage":0.0,"enemies":"3 Cultists","floor":28.0,"turns":2.0},{"damage":15.0,"enemies":"Gremlin Leader","floor":29.0,"turns":4.0},{"damage":11,"enemies":"Chosen and Byrds","floor":30,"turns":2},{"damage":41,"enemies":"Slavers","floor":31,"turns":4},{"damage":117,"enemies":"Automaton","floor":33,"turns":10}],"seed_played":"453053729791720592","potions_obtained":[{"floor":1.0,"key":"Weak Potion"},{"floor":2.0,"key":"BloodPotion"},{"floor":12.0,"key":"FearPotion"},{"floor":16.0,"key":"Strength Potion"},{"floor":24.0,"key":"AttackPotion"},{"floor":28.0,"key":"Block Potion"},{"floor":31,"key":"FairyPotion"}],"is_trial":false,"path_per_floor":["M","M","$","M","M","R","M","E","T","E","R","M","$","M","R","B",null,"M","?","M","?","M","R","E","R","T","R","M","E","M","E","R","B"],"character_chosen":"IRONCLAD","items_purchased":["Battle Trance","Metallicize"],"campfire_rested":1,"item_purchase_floors":[13,13],"current_hp_per_floor":[56,62,62,67,73,73,75,48,48,41,41,48,48,47,47,31,64,58,58,60,60,56,56,58,58,58,58,66,59,56,23,45,0],"gold":207,"neow_bonus":"THREE_RARE_CARDS","is_prod":false,"is_daily":false,"chose_seed":false,"campfire_upgraded":6,"win_rate":0,"timestamp":1570211078,"path_taken":["M","M","$","M","M","R","M","E","T","E","R","M","$","M","R","BOSS","M","?","M","?","M","R","E","R","T","R","M","E","?","E","R","BOSS"],"build_version":"2019-10-03","purchased_purges":2,"victory":false,"max_hp_per_floor":[75,75,75,75,75,75,75,75,75,75,75,75,75,75,75,75,75,75,75,75,75,75,75,75,75,75,75,75,75,75,75,75,75],"card_choices":[{"not_picked":["Feed","Dark Embrace"],"picked":"Immolate","floor":0.0},{"not_picked":["Warcry","Dropkick","Sentinel"],"picked":"SKIP","floor":1.0},{"not_picked":["Intimidate","Iron Wave"],"picked":"Headbutt","floor":2.0},{"not_picked":["Havoc","Armaments","Hemokinesis"],"picked":"SKIP","floor":4.0},{"not_picked":["Warcry","Rage"],"picked":"Immolate","floor":5.0},{"not_picked":["Havoc","Heavy Blade"],"picked":"Spot Weakness","floor":7.0},{"not_picked":["Sword Boomerang","Body Slam"],"picked":"True Grit","floor":8.0},{"not_picked":["Cleave","Shrug It Off"],"picked":"Battle Trance","floor":10.0},{"not_picked":["Fire Breathing","Cleave","Twin Strike"],"picked":"SKIP","floor":12.0},{"not_picked":["Body Slam","Combust"],"picked":"Shockwave","floor":14.0},{"not_picked":["Brutality","Fiend Fire"],"picked":"Offering","floor":16.0},{"not_picked":["Clothesline","Perfected Strike+1","Cleave"],"picked":"SKIP","floor":18.0},{"not_picked":["Pommel Strike","Warcry","Perfected Strike"],"picked":"SKIP","floor":20.0},{"not_picked":["Clothesline","Iron Wave","Body Slam"],"picked":"SKIP","floor":22.0},{"not_picked":["Fire Breathing","Pommel Strike","Rupture"],"picked":"SKIP","floor":24.0},{"not_picked":["Armaments","Headbutt","Shockwave"],"picked":"SKIP","floor":28.0},{"not_picked":["Berserk","Cleave","Corruption+1"],"picked":"SKIP","floor":29},{"not_picked":["Iron Wave","Intimidate"],"picked":"True Grit","floor":30},{"not_picked":["Anger","Armaments"],"picked":"Berserk","floor":31}],"player_experience":1229925,"relics_obtained":[{"floor":8.0,"key":"Smiling Mask"},{"floor":9.0,"key":"Blood Vial"},{"floor":10.0,"key":"Tiny Chest"},{"floor":24.0,"key":"Matryoshka"},{"floor":26.0,"key":"Boot"},{"floor":26.0,"key":"InkBottle"},{"floor":29,"key":"Bottled Lightning"},{"floor":31,"key":"Self Forming Clay"}],"event_choices":[{"cards_removed":["Strike_R"],"damage_healed":0.0,"max_hp_gain":0.0,"max_hp_loss":0.0,"gold_gain":0.0,"event_name":"Beggar","player_choice":"Gave Gold","floor":19.0,"gold_loss":75.0,"damage_taken":0.0},{"damage_healed":0.0,"max_hp_gain":0.0,"max_hp_loss":0.0,"gold_gain":0.0,"event_name":"Match and Keep!","player_choice":"0 cards matched","floor":21.0,"gold_loss":0.0,"damage_taken":0.0,"cards_obtained":[]}],"is_beta":true,"boss_relics":[{"not_picked":["SlaversCollar","Runic Cube"],"picked":"Cursed Key"}],"items_purged_floors":[3,13],"is_endless":false,"potions_floor_spawned":[1,2,7,12,16,24,28,31],"killed_by":"Automaton","ascension_level":20}