{"gold_per_floor":[111,131,131,131,143,172,172,229,278,298,329,4,15,15,15,92,92,92,32,32,32,32,32,32,32,32,32,32,32,32,32,32,32,32,32,32,32,32,32,32,32,32,32,32,32,32,0,0],"floor_reached":48,"playtime":1565,"items_purged":[],"score":1079,"play_id":"3ef6609d-ce81-4c10-b51f-deba4ebd0a3a","local_time":"20191019112518","is_ascension_mode":true,"campfire_choices":[{"data":"Carnage","floor":7.0,"key":"SMITH"},{"data":"Feed","floor":15.0,"key":"SMITH"},{"data":"Spot Weakness","floor":23.0,"key":"SMITH"},{"data":"Inflame","floor":27.0,"key":"SMITH"},{"floor":32.0,"key":"REST"},{"floor":40.0,"key":"REST"},{"data":"Spot Weakness","floor":42.0,"key":"SMITH"},{"data":"Offering","floor":46.0,"key":"SMITH"}],"neow_cost":"NONE","seed_source_timestamp":397995130957300,"circlet_count":0,"master_deck":["AscendersBane","Strike_R+1","Strike_R+1","Defend_R","Defend_R","Defend_R","Defend_R","Bash","Carnage+1","Metallicize","Feed+1","Shrug It Off","Ghostly Armor","Reaper","Fire Breathing","Brutality","Clothesline+1","Spot Weakness+1","Inflame+1","Shrug It Off","Heavy Blade+1","Offering+1","Spot Weakness+1","Corruption+1","Armaments+1"],"special_seed":0,"relics":["Burning Blood","NeowsBlessing","Ancient Tea Set","Tiny Chest","Bag of Marbles","Toy Ornithopter","Meat on the Bone","CultistMask","Ectoplasm","Oddly Smooth Stone","Pen Nib","Turnip","Empty Cage","Regal Pillow","Whetstone","Art of War","Red Mask"],"potions_floor_usage":[48],"damage_taken":[{"damage":0.0,"enemies":"Jaw Worm","floor":1.0,"turns":1.0},{"damage":0.0,"enemies":"Small Slimes","floor":2.0,"turns":1.0},{"damage":0.0,"enemies":"Cultist","floor":5.0,"turns":3.0},{"damage":29.0,"enemies":"Lagavulin","floor":6.0,"turns":7.0},{"damage":28.0,"enemies":"Gremlin Nob","floor":8.0,"turns":4.0},{"damage":16.0,"enemies":"3 Louse","floor":10.0,"turns":4.0},{"damage":24.0,"enemies":"Lagavulin","floor":11.0,"turns":6.0},{"damage":7.0,"enemies":"Lots of Slimes","floor":13.0,"turns":6.0},{"damage":31.0,"enemies":"Slime Boss","floor":16.0,"turns":8.0},{"damage":33.0,"enemies":"Shell Parasite","floor":18.0,"turns":6.0},{"damage":6.0,"enemies":"2 Thieves","floor":19.0,"turns":4.0},{"damage":38.0,"enemies":"Chosen and Byrds","floor":20.0,"turns":6.0},{"damage":31.0,"enemies":"Snecko","floor":22.0,"turns":6.0},{"damage":42.0,"enemies":"3 Cultists","floor":24.0,"turns":6.0},{"damage":4.0,"enemies":"Snake Plant","floor":29.0,"turns":4.0},{"damage":73.0,"enemies":"Gremlin Leader","floor":30.0,"turns":7.0},{"damage":8.0,"enemies":"Snecko","floor":31.0,"turns":4.0},{"damage":138.0,"enemies":"Collector","floor":33.0,"turns":11.0},{"damage":7.0,"enemies":"Orb Walker","floor":35.0,"turns":3.0},{"damage":58.0,"enemies":"3 Darklings","floor":37.0,"turns":10.0},{"damage":85.0,"enemies":"Spire Growth","floor":38.0,"turns":8.0},{"damage":53.0,"enemies":"Giant Head","floor":41.0,"turns":7.0},{"damage":56.0,"enemies":"Jaw Worm Horde","floor":44.0,"turns":7.0},{"damage":97,"enemies":"Reptomancer","floor":48,"turns":3}],"seed_played":"-6334453763614198676","potions_obtained":[{"floor":5.0,"key":"SkillPotion"},{"floor":6.0,"key":"PowerPotion"},{"floor":8.0,"key":"FearPotion"},{"floor":11.0,"key":"DistilledChaos"},{"floor":18.0,"key":"SkillPotion"},{"floor":30.0,"key":"FearPotion"},{"floor":31.0,"key":"ElixirPotion"},{"floor":35.0,"key":"DuplicationPotion"},{"floor":36.0,"key":"DuplicationPotion"},{"floor":44.0,"key":"Strength Potion"}],"is_trial":false,"path_per_floor":["M","M","?","?","M","E","R","E","T","M","E","$","M","?","R","B",null,"M","M","M","?","M","R","M","T","T","R","$","M","E","M","R","B",null,"M","?","M","M","T","R","E","R","T","M","?","R","?","E"],"character_chosen":"IRONCLAD","items_purchased":["Meat on the Bone","Weak Potion"],"campfire_rested":2,"item_purchase_floors":[12,12],"current_hp_per_floor":[74,75,68,68,77,54,54,32,32,25,7,7,33,33,33,33,71,56,64,58,58,45,45,41,41,41,41,41,55,36,50,80,26,82,81,81,100,51,51,97,108,108,108,75,75,75,75,0],"gold":0,"neow_bonus":"THREE_ENEMY_KILL","is_prod":false,"is_daily":false,"chose_seed":false,"campfire_upgraded":6,"win_rate":0,"timestamp":1571509518,"path_taken":["M","M","?","?","?","E","R","E","T","M","E","$","M","?","R","BOSS","M","?","M","?","M","R","?","?","T","R","?","M","E","M","R","BOSS","M","?","M","?","?","R","E","R","T","M","?","R","?","E"],"build_version":"2019-10-18","purchased_purges":0,"victory":false,"max_hp_per_floor":[75,75,75,75,78,78,78,78,78,81,81,81,84,84,84,84,84,84,88,92,92,92,92,96,96,96,96,96,96,96,100,100,100,100,100,100,100,104,104,104,108,108,108,108,108,108,108,108],"card_choices":[{"not_picked":["Clash","Iron Wave","Dual Wield"],"picked":"SKIP","floor":1.0},{"not_picked":["Warcry","Perfected Strike"],"picked":"Carnage","floor":2.0},{"not_picked":["Clash","Pommel Strike"],"picked":"Sword Boomerang","floor":5.0},{"not_picked":["Wild Strike","Heavy Blade","Burning Pact"],"picked":"SKIP","floor":6.0},{"not_picked":["Armaments","Body Slam"],"picked":"Shrug It Off","floor":8.0},{"not_picked":["Corruption","Wild Strike"],"picked":"Ghostly Armor","floor":10.0},{"not_picked":["Thunderclap","Ghostly Armor"],"picked":"Reaper","floor":11.0},{"not_picked":["Pummel","Sever Soul"],"picked":"Fire Breathing","floor":13.0},{"not_picked":["Juggernaut","Reaper"],"picked":"Brutality","floor":16.0},{"not_picked":["Headbutt","Pommel Strike"],"picked":"Clothesline+1","floor":18.0},{"not_picked":["Searing Blow","Shrug It Off+1"],"picked":"Spot Weakness","floor":19.0},{"not_picked":["Second Wind","Clothesline","Bludgeon"],"picked":"SKIP","floor":20.0},{"not_picked":["Twin Strike","Rampage","Pommel Strike"],"picked":"SKIP","floor":22.0},{"not_picked":["Warcry","Blood for Blood"],"picked":"Shrug It Off","floor":24.0},{"not_picked":["Clothesline","Clash","Pummel"],"picked":"SKIP","floor":29.0},{"not_picked":["Clothesline","Clash","Pummel"],"picked":"SKIP","floor":29.0},{"not_picked":["Clothesline","Havoc","Entrench"],"picked":"SKIP","floor":30.0},{"not_picked":["Iron Wave","Pommel Strike"],"picked":"Heavy Blade+1","floor":31.0},{"not_picked":["Barricade","Immolate"],"picked":"Offering","floor":33.0},{"not_picked":["Entrench","Combust","Havoc"],"picked":"SKIP","floor":35.0},{"not_picked":["Pummel","Burning Pact"],"picked":"Spot Weakness","floor":37.0},{"not_picked":["Anger","Cleave"],"picked":"Corruption+1","floor":38.0},{"not_picked":["Feed","Rampage"],"picked":"Armaments+1","floor":41.0},{"not_picked":["Fire Breathing+1","Clash+1","Burning Pact"],"picked":"SKIP","floor":44.0}],"player_experience":1652362,"relics_obtained":[{"floor":6.0,"key":"Ancient Tea Set"},{"floor":8.0,"key":"Tiny Chest"},{"floor":9.0,"key":"Bag of Marbles"},{"floor":11.0,"key":"Toy Ornithopter"},{"floor":25.0,"key":"Oddly Smooth Stone"},{"floor":26.0,"key":"Pen Nib"},{"floor":30.0,"key":"Turnip"},{"floor":39.0,"key":"Regal Pillow"},{"floor":41.0,"key":"Whetstone"},{"floor":43.0,"key":"Art of War"}],"event_choices":[{"cards_removed":["Strike_R"],"damage_healed":0.0,"max_hp_gain":0.0,"max_hp_loss":0.0,"gold_gain":0.0,"event_name":"Golden Wing","player_choice":"Card Removal","floor":3.0,"gold_loss":0.0,"damage_taken":7.0},{"damage_healed":0.0,"max_hp_gain":0.0,"max_hp_loss":0.0,"gold_gain":0.0,"event_name":"Match and Keep!","player_choice":"3 cards matched","floor":4.0,"gold_loss":0.0,"damage_taken":0.0,"cards_obtained":["Metallicize","Writhe","Feed"]},{"damage_healed":0.0,"max_hp_gain":0.0,"max_hp_loss":0.0,"gold_gain":0.0,"event_name":"FaceTrader","player_choice":"Trade","floor":14.0,"gold_loss":0.0,"damage_taken":0.0,"relics_obtained":["CultistMask"]},{"damage_healed":0.0,"max_hp_gain":0.0,"max_hp_loss":0.0,"gold_gain":0.0,"cards_transformed":["Strike_R"],"event_name":"Transmorgrifier","player_choice":"Transformed","floor":21.0,"gold_loss":0.0,"damage_taken":0.0,"cards_obtained":["Inflame"]},{"damage_healed":0.0,"max_hp_gain":0.0,"max_hp_loss":0.0,"gold_gain":0.0,"event_name":"Lab","player_choice":"Got Potions","floor":36.0,"gold_loss":0.0,"damage_taken":0.0},{"cards_removed":["Sword Boomerang"],"damage_healed":0.0,"max_hp_gain":0.0,"max_hp_loss":0.0,"gold_gain":0.0,"event_name":"Falling","player_choice":"Removed Attack","floor":45.0,"gold_loss":0.0,"damage_taken":0.0},{"damage_healed":0.0,"max_hp_gain":0.0,"max_hp_loss":0.0,"gold_gain":0.0,"event_name":"Tomb of Lord Red Mask","player_choice":"Paid","floor":47.0,"gold_loss":32.0,"damage_taken":0.0,"relics_obtained":["Red Mask"]}],"is_beta":true,"boss_relics":[{"not_picked":["Velvet Choker","Busted Crown"],"picked":"Ectoplasm"},{"not_picked":["Philosopher\u0027s Stone","Tiny House"],"picked":"Empty Cage"}],"items_purged_floors":[],"is_endless":false,"potions_floor_spawned":[5,6,8,11,18,30,31,35,44],"killed_by":"Reptomancer","ascension_level":20}