{"gold_per_floor":[113,126,126,76,46,77,94,129,175,206,206,217,235,247,247,348,348,361,377,377,133,133,133,166,184,184,202,219,252,252,280,280,377,377,388,488,488,505,520,520,540,540,565,565,596,610,610,622,622,622],"floor_reached":51,"playtime":3740,"items_purged":[],"score":1012,"play_id":"25c03466-b266-4fd7-9bf2-0cf289cb1570","local_time":"20191012130725","is_ascension_mode":true,"campfire_choices":[{"floor":15,"key":"REST"},{"data":"Footwork","floor":23,"key":"SMITH"},{"data":"Footwork","floor":30,"key":"SMITH"},{"data":"Caltrops","floor":32,"key":"SMITH"},{"floor":40,"key":"DIG"},{"floor":42,"key":"DIG"},{"floor":49,"key":"REST"}],"neow_cost":"NONE","seed_source_timestamp":128718026621600,"circlet_count":0,"master_deck":["Strike_G+1","Strike_G+1","Strike_G+1","Strike_G+1","Defend_G+1","Defend_G+1","Defend_G+1","Defend_G+1","Survivor","Neutralize","Footwork+1","Dagger Spray","Leg Sweep","PiercingWail","Predator","Caltrops+1","Backflip","Dagger Throw","Corpse Explosion","Dash","Riddle With Holes","Footwork+1","Predator","Malaise","Predator","Bouncing Flask+1","Backflip+1","Wraith Form v2","Backflip+1","Regret","Dodge and Roll+1","Footwork+1","Terror+1","Parasite","Metamorphosis+1","Dash","Madness+1","Madness+1","Parasite","Noxious Fumes"],"relics":["Ring of the Snake","Mercury Hourglass","Potion Belt","Bag of Preparation","Bird Faced Urn","Snecko Eye","Art of War","Smiling Mask","Question Card","Shuriken","Toxic Egg 2","Cursed Key","Shovel","Sundial","Ornamental Fan","Blue Candle","PreservedInsect","Centennial Puzzle"],"potions_floor_usage":[6,8,8,10,13,24,24,28,31,33,45,46,50,50,50,50,50,50,50,50,50],"damage_taken":[{"damage":0,"enemies":"2 Louse","floor":1,"turns":3},{"damage":0,"enemies":"Jaw Worm","floor":2,"turns":5},{"damage":9,"enemies":"3 Sentries","floor":6,"turns":8},{"damage":0,"enemies":"Cultist","floor":7,"turns":4},{"damage":20,"enemies":"Lagavulin","floor":8,"turns":8},{"damage":24,"enemies":"Gremlin Nob","floor":10,"turns":4},{"damage":3,"enemies":"Looter","floor":12,"turns":3},{"damage":4,"enemies":"Exordium Wildlife","floor":13,"turns":4},{"damage":0,"enemies":"Lots of Slimes","floor":14,"turns":2},{"damage":16,"enemies":"Slime Boss","floor":16,"turns":13},{"damage":12,"enemies":"2 Thieves","floor":18,"turns":4},{"damage":1,"enemies":"3 Byrds","floor":19,"turns":2},{"damage":0,"enemies":"Gremlin Leader","floor":24,"turns":5},{"damage":0,"enemies":"Snecko","floor":25,"turns":6},{"damage":0,"enemies":"Snake Plant","floor":27,"turns":5},{"damage":0,"enemies":"Cultist and Chosen","floor":28,"turns":4},{"damage":0,"enemies":"Slavers","floor":29,"turns":3},{"damage":1,"enemies":"Gremlin Leader","floor":31,"turns":6},{"damage":41,"enemies":"Collector","floor":33,"turns":9},{"damage":0,"enemies":"3 Shapes","floor":35,"turns":3},{"damage":0,"enemies":"Mind Bloom Boss Battle","floor":36,"turns":5},{"damage":0,"enemies":"Orb Walker","floor":38,"turns":3},{"damage":3,"enemies":"Maw","floor":39,"turns":7},{"damage":0,"enemies":"4 Shapes","floor":41,"turns":3},{"damage":31,"enemies":"Giant Head","floor":45,"turns":8},{"damage":1,"enemies":"3 Darklings","floor":46,"turns":3},{"damage":1,"enemies":"Writhing Mass","floor":48,"turns":6},{"damage":30,"enemies":"Awakened One","floor":50,"turns":15}],"seed_played":"-8087569730735669062","potions_obtained":[{"floor":1,"key":"Swift Potion"},{"floor":5,"key":"Fire Potion"},{"floor":5,"key":"FearPotion"},{"floor":7,"key":"Fire Potion"},{"floor":10,"key":"SneckoOil"},{"floor":18,"key":"FearPotion"},{"floor":22,"key":"EntropicBrew"},{"floor":22,"key":"GamblersBrew"},{"floor":22,"key":"SneckoOil"},{"floor":24,"key":"Dexterity Potion"},{"floor":27,"key":"AttackPotion"},{"floor":28,"key":"Fire Potion"},{"floor":38,"key":"Ancient Potion"},{"floor":41,"key":"SkillPotion"},{"floor":45,"key":"GhostInAJar"},{"floor":46,"key":"Fire Potion"}],"is_trial":false,"path_per_floor":["M","M","?","?","?","E","M","E","T","E","?","M","M","M","R","B",null,"M","M","?","$","?","R","E","M","T","M","M","E","R","E","R","B",null,"M","?","T","M","M","R","M","R","T","?","E","M","?","M","R","B",null],"character_chosen":"THE_SILENT","items_purchased":["Footwork","Art of War","Explosive Potion"],"campfire_rested":2,"item_purchase_floors":[21,21,21],"current_hp_per_floor":[70,70,63,63,63,54,54,34,34,10,10,9,9,11,34,22,63,55,56,56,56,56,56,62,68,68,72,72,74,74,77,77,36,67,73,77,77,77,76,76,77,77,77,77,51,50,40,45,68,48],"gold":622,"neow_bonus":"TEN_PERCENT_HP_BONUS","is_prod":false,"is_daily":false,"chose_seed":false,"campfire_upgraded":3,"win_rate":0,"timestamp":1570878445,"path_taken":["M","M","?","?","?","E","?","E","T","E","?","M","M","M","R","BOSS","M","M","?","$","?","R","E","M","T","?","?","E","R","E","R","BOSS","M","?","?","?","M","R","M","R","T","?","E","M","?","M","R","BOSS"],"build_version":"2019-07-17","purchased_purges":0,"victory":true,"max_hp_per_floor":[77,77,77,77,77,77,77,77,77,77,77,77,77,77,77,77,77,77,77,77,77,77,77,77,77,77,77,77,77,77,77,77,77,77,77,77,77,77,77,77,77,77,77,77,77,77,77,77,77,77],"card_choices":[{"not_picked":["Tactician","Deflect"],"picked":"Footwork","floor":1},{"not_picked":["Blade Dance","Underhanded Strike"],"picked":"Dagger Spray","floor":2},{"not_picked":["Acrobatics","Slice"],"picked":"Leg Sweep","floor":6},{"not_picked":["Skewer","Outmaneuver"],"picked":"PiercingWail","floor":7},{"not_picked":["Crippling Poison","Skewer"],"picked":"Predator","floor":8},{"not_picked":["Infinite Blades","Outmaneuver"],"picked":"Caltrops","floor":10},{"not_picked":["Sucker Punch","Poisoned Stab"],"picked":"Backflip","floor":12},{"not_picked":["Heel Hook","Bane","Dagger Spray"],"picked":"SKIP","floor":13},{"not_picked":["Slice","Envenom"],"picked":"Dagger Throw","floor":14},{"not_picked":["Die Die Die","Envenom"],"picked":"Corpse Explosion","floor":16},{"not_picked":["Poisoned Stab","Acrobatics"],"picked":"Dash","floor":18},{"not_picked":["Outmaneuver","Dagger Throw"],"picked":"Riddle With Holes","floor":19},{"not_picked":["Prepared","Dagger Spray"],"picked":"Predator","floor":24},{"not_picked":["Deflect","Crippling Poison+1"],"picked":"Malaise","floor":25},{"not_picked":["Poisoned Stab","Concentrate","Deflect+1"],"picked":"Predator","floor":27},{"not_picked":["Heel Hook","Poisoned Stab","Dagger Spray","Masterful Stab"],"picked":"SKIP","floor":28},{"not_picked":["Setup","Underhanded Strike","Adrenaline"],"picked":"Bouncing Flask+1","floor":29},{"not_picked":["Poisoned Stab","PiercingWail","Catalyst"],"picked":"Backflip+1","floor":31},{"not_picked":["Adrenaline+1","Die Die Die","Storm of Steel+1"],"picked":"Wraith Form v2","floor":33},{"not_picked":["Concentrate+1","Infinite Blades","Slice+1"],"picked":"Backflip+1","floor":35},{"not_picked":["Accuracy+1","Flying Knee+1","PiercingWail+1"],"picked":"Dodge and Roll+1","floor":38},{"not_picked":["Concentrate+1","Bouncing Flask+1","Blade Dance+1"],"picked":"Footwork+1","floor":39},{"not_picked":["Backflip+1","Quick Slash","Acrobatics+1"],"picked":"Terror+1","floor":41},{"not_picked":["Secret Weapon+1","Transmutation+1","Forethought+1"],"picked":"Metamorphosis+1","floor":44},{"not_picked":["Concentrate+1","Accuracy","Bane+1","Expertise+1"],"picked":"SKIP","floor":45},{"not_picked":["Escape Plan+1","Quick Slash+1","Cloak And Dagger+1"],"picked":"Dash","floor":46},{"not_picked":["All Out Attack","Calculated Gamble+1","Backstab+1"],"picked":"Noxious Fumes","floor":48}],"player_experience":332747,"relics_obtained":[{"floor":6,"key":"Mercury Hourglass"},{"floor":8,"key":"Potion Belt"},{"floor":9,"key":"Bag of Preparation"},{"floor":10,"key":"Bird Faced Urn"},{"floor":24,"key":"Smiling Mask"},{"floor":26,"key":"Question Card"},{"floor":29,"key":"Shuriken"},{"floor":31,"key":"Toxic Egg 2"},{"floor":36,"key":"Shovel"},{"floor":37,"key":"Sundial"},{"floor":40,"key":"Ornamental Fan"},{"floor":42,"key":"Blue Candle"},{"floor":43,"key":"PreservedInsect"},{"floor":45,"key":"Centennial Puzzle"}],"event_choices":[{"cards_removed":["Strike_G"],"damage_healed":0,"gold_gain":0,"player_choice":"Card Removal","damage_taken":7,"max_hp_gain":0,"max_hp_loss":0,"event_name":"Golden Wing","floor":3,"gold_loss":0},{"cards_removed":["Defend_G"],"damage_healed":0,"gold_gain":0,"player_choice":"Card Removal","damage_taken":0,"max_hp_gain":0,"max_hp_loss":0,"event_name":"The Cleric","floor":4,"gold_loss":50},{"damage_healed":0,"gold_gain":0,"player_choice":"Bought 2 Potions","damage_taken":0,"max_hp_gain":0,"max_hp_loss":0,"event_name":"The Woman in Blue","floor":5,"gold_loss":0},{"damage_healed":0,"gold_gain":0,"player_choice":"Ignored","damage_taken":0,"max_hp_gain":0,"max_hp_loss":0,"event_name":"Golden Idol","floor":11,"gold_loss":0},{"damage_healed":0,"gold_gain":0,"player_choice":"Simplicity","damage_taken":0,"max_hp_gain":0,"max_hp_loss":0,"event_name":"Back to Basics","floor":20,"gold_loss":0,"cards_upgraded":["Strike_G","Strike_G","Strike_G","Strike_G","Defend_G","Defend_G","Defend_G","Defend_G"]},{"damage_healed":0,"gold_gain":0,"player_choice":"Got Potions","damage_taken":0,"max_hp_gain":0,"max_hp_loss":0,"event_name":"Lab","floor":22,"gold_loss":0},{"damage_healed":0,"gold_gain":0,"player_choice":"Fight","damage_taken":0,"max_hp_gain":0,"max_hp_loss":0,"event_name":"MindBloom","floor":36,"gold_loss":0},{"damage_healed":0,"gold_gain":0,"player_choice":"Memory 1","damage_taken":0,"max_hp_gain":0,"max_hp_loss":0,"event_name":"SensoryStone","floor":44,"gold_loss":0},{"damage_healed":0,"gold_gain":0,"player_choice":"Embrace Madness","damage_taken":10,"max_hp_gain":0,"max_hp_loss":0,"event_name":"Winding Halls","floor":47,"gold_loss":0,"cards_obtained":["Madness","Madness"]}],"is_beta":false,"boss_relics":[{"not_picked":["Fusion Hammer","Coffee Dripper"],"picked":"Snecko Eye"},{"not_picked":["Philosopher\u0027s Stone","Sozu"],"picked":"Cursed Key"}],"items_purged_floors":[],"is_endless":false,"potions_floor_spawned":[1,7,10,18,24,27,28,38,41,45,46],"ascension_level":6}