{"gold_per_floor":[17,17,17,37,53,76,119,140,220,241,316,316,350,370,370,500,500,516,606,625,641,3,3,34,34,34,34,55,96,121,14,14,138,138,163,163,219,232,252,252,286,286,286,310,310,331,331,33,33,33],"floor_reached":51,"playtime":56660,"items_purged":[],"score":779,"play_id":"5503475e-2722-4a18-8f09-277c144c8308","local_time":"20191011034623","is_ascension_mode":false,"campfire_choices":[{"data":"Armaments","floor":12,"key":"SMITH"},{"floor":15,"key":"REST"},{"floor":23,"key":"REST"},{"data":"Apotheosis","floor":25,"key":"SMITH"},{"data":"Discovery","floor":27,"key":"SMITH"},{"floor":32,"key":"REST"},{"floor":40,"key":"REST"},{"floor":45,"key":"REST"},{"floor":47,"key":"REST"},{"floor":49,"key":"REST"}],"neow_cost":"NO_GOLD","seed_source_timestamp":2118699577415350,"circlet_count":0,"master_deck":["Strike_R","Strike_R","Strike_R","Defend_R","Defend_R","Bash","Uppercut","Limit Break","Perfected Strike","Heatsinks","Shrug It Off","Perfected Strike","Carnage","Shrug It Off","Pommel Strike","Demon Form","Burning Pact","Berserk","Shrug It Off+1","Panacea","Impatience","Discovery+1","Double Tap","Flame Barrier+1","Apotheosis+1","Cleave","Shrug It Off","Heavy Blade+1","Combust","Feel No Pain","Pommel Strike+1","Metallicize","Impervious","Headbutt+1","Good Instincts","Panache","Transmutation","Dual Wield","Iron Wave+1","Whirlwind+1","Ghostly Armor+1","Iron Wave+1","Inflame+1","Magnetism","Metallicize","Whirlwind+1"],"relics":["Burning Blood","Golden Idol","Pocketwatch","Shuriken","Torii","Mark of Pain","Molten Egg 2","Bag of Marbles","Blood Vial","Bottled Lightning","Mercury Hourglass","Empty Cage","FossilizedHelix","Lizard Tail","Red Skull"],"potions_floor_usage":[7,13,16,16,24,29,37,50],"damage_taken":[{"damage":3,"enemies":"Small Slimes","floor":1,"turns":3},{"damage":1,"enemies":"Jaw Worm","floor":4,"turns":3},{"damage":0,"enemies":"Cultist","floor":5,"turns":3},{"damage":20,"enemies":"Lots of Slimes","floor":6,"turns":6},{"damage":9,"enemies":"Gremlin Nob","floor":7,"turns":4},{"damage":9,"enemies":"Blue Slaver","floor":8,"turns":4},{"damage":2,"enemies":"3 Louse","floor":10,"turns":4},{"damage":26,"enemies":"3 Sentries","floor":13,"turns":6},{"damage":2,"enemies":"Lots of Slimes","floor":14,"turns":5},{"damage":38,"enemies":"Hexaghost","floor":16,"turns":16},{"damage":15,"enemies":"Shell Parasite","floor":18,"turns":5},{"damage":17,"enemies":"Spheric Guardian","floor":20,"turns":5},{"damage":4,"enemies":"Snake Plant","floor":21,"turns":5},{"damage":12,"enemies":"Book of Stabbing","floor":24,"turns":7},{"damage":0,"enemies":"3 Cultists","floor":28,"turns":6},{"damage":43,"enemies":"Slavers","floor":29,"turns":6},{"damage":17,"enemies":"Centurion and Healer","floor":30,"turns":6},{"damage":18,"enemies":"Collector","floor":33,"turns":7},{"damage":13,"enemies":"3 Shapes","floor":35,"turns":4},{"damage":32,"enemies":"2 Orb Walkers","floor":37,"turns":6},{"damage":21,"enemies":"3 Darklings","floor":38,"turns":4},{"damage":10,"enemies":"Jaw Worm Horde","floor":39,"turns":8},{"damage":32,"enemies":"Nemesis","floor":41,"turns":7},{"damage":11,"enemies":"Writhing Mass","floor":44,"turns":6},{"damage":13,"enemies":"Spire Growth","floor":46,"turns":6},{"damage":39,"enemies":"Time Eater","floor":50,"turns":10}],"seed_played":"5196405057853570706","potions_obtained":[{"floor":1,"key":"Regen Potion"},{"floor":7,"key":"Strength Potion"},{"floor":8,"key":"PowerPotion"},{"floor":10,"key":"SpeedPotion"},{"floor":16,"key":"Poison Potion"},{"floor":20,"key":"EssenceOfSteel"},{"floor":28,"key":"BloodPotion"},{"floor":39,"key":"SpeedPotion"},{"floor":41,"key":"Explosive Potion"}],"is_trial":false,"path_per_floor":["M","?","?","M","M","M","E","M","T","M","?","R","E","M","R","B",null,"M","?","M","M","$","R","E","R","T","R","M","E","M","$","R","B",null,"M","?","?","M","M","R","E","?","T","M","R","M","R","$","R","B",null],"character_chosen":"IRONCLAD","items_purchased":["Apotheosis","Cleave","Molten Egg 2","Bag of Marbles","Shrug It Off","Metallicize","Ancient Potion","Magnetism","Metallicize","Whirlwind+1"],"campfire_rested":7,"item_purchase_floors":[22,22,22,22,22,31,31,48,48,48],"current_hp_per_floor":[80,60,60,65,71,57,63,60,60,64,53,53,33,37,61,29,80,71,31,20,22,22,46,40,40,40,40,48,33,24,24,48,38,80,73,63,39,26,24,48,24,24,24,21,45,40,64,64,80,47],"gold":33,"neow_bonus":"TRANSFORM_TWO_CARDS","is_prod":false,"is_daily":false,"chose_seed":false,"campfire_upgraded":3,"win_rate":0,"timestamp":1570761983,"path_taken":["M","?","?","M","?","M","E","?","T","M","?","R","E","M","R","BOSS","M","?","?","M","$","R","E","R","T","R","M","E","M","$","R","BOSS","M","?","?","M","M","R","E","?","T","M","R","M","R","$","R","BOSS"],"build_version":"2019-09-09v2","purchased_purges":0,"victory":true,"max_hp_per_floor":[80,80,80,80,80,80,80,80,80,80,80,80,80,80,80,80,80,80,80,80,80,80,80,80,80,80,80,80,80,80,80,80,80,80,80,80,80,80,80,80,80,80,80,80,80,80,80,80,80,80],"card_choices":[{"not_picked":["Intimidate","Anger"],"picked":"Perfected Strike","floor":1},{"not_picked":["Heavy Blade","Carnage"],"picked":"Shrug It Off","floor":4},{"not_picked":["Thunderclap","Reckless Charge"],"picked":"Perfected Strike","floor":5},{"not_picked":["Warcry","Pommel Strike"],"picked":"Carnage","floor":6},{"not_picked":["Twin Strike","Heavy Blade"],"picked":"Shrug It Off","floor":7},{"not_picked":["Anger","Thunderclap"],"picked":"Armaments","floor":8},{"not_picked":["Spot Weakness","Shrug It Off"],"picked":"Pommel Strike","floor":10},{"not_picked":["Headbutt","Thunderclap"],"picked":"Demon Form","floor":13},{"not_picked":["Anger","Flex"],"picked":"Burning Pact","floor":14},{"not_picked":["Impervious","Demon Form"],"picked":"Berserk","floor":16},{"not_picked":["Second Wind","Rage"],"picked":"Shrug It Off+1","floor":18},{"not_picked":["Perfected Strike","Body Slam"],"picked":"Double Tap","floor":20},{"not_picked":["Headbutt","Perfected Strike"],"picked":"Flame Barrier+1","floor":21},{"not_picked":["Shrug It Off","Fire Breathing+1"],"picked":"Heavy Blade+1","floor":24},{"not_picked":["Shockwave","Reckless Charge+1"],"picked":"Combust","floor":28},{"not_picked":["Anger+1","Sword Boomerang+1"],"picked":"Feel No Pain","floor":29},{"not_picked":["Flex+1","Body Slam+1"],"picked":"Pommel Strike+1","floor":30},{"not_picked":["Double Tap","Offering"],"picked":"Impervious","floor":33},{"not_picked":["Corruption+1","Flex"],"picked":"Headbutt+1","floor":35},{"not_picked":["Trip","Forethought"],"picked":"Good Instincts","floor":36},{"not_picked":["Good Instincts","Madness"],"picked":"Panache","floor":36},{"not_picked":["Blind","Enlightenment"],"picked":"Transmutation","floor":36},{"not_picked":["Rupture","Shrug It Off"],"picked":"Dual Wield","floor":37},{"not_picked":["Thunderclap+1","Cleave+1"],"picked":"Iron Wave+1","floor":38},{"not_picked":["Rupture+1","Intimidate"],"picked":"Whirlwind+1","floor":39},{"not_picked":["Shrug It Off","Iron Wave+1"],"picked":"Ghostly Armor+1","floor":41},{"not_picked":["True Grit+1","Dropkick+1"],"picked":"Iron Wave+1","floor":44},{"not_picked":["Thunderclap+1","Blood for Blood+1"],"picked":"Inflame+1","floor":46}],"player_experience":20183,"relics_obtained":[{"floor":7,"key":"Pocketwatch"},{"floor":9,"key":"Shuriken"},{"floor":13,"key":"Torii"},{"floor":24,"key":"Blood Vial"},{"floor":26,"key":"Bottled Lightning"},{"floor":29,"key":"Mercury Hourglass"},{"floor":37,"key":"FossilizedHelix"},{"floor":41,"key":"Lizard Tail"},{"floor":43,"key":"Red Skull"}],"event_choices":[{"damage_healed":0,"gold_gain":0,"player_choice":"Take Damage","damage_taken":20,"relics_obtained":["Golden Idol"],"max_hp_gain":0,"max_hp_loss":0,"event_name":"Golden Idol","floor":2,"gold_loss":0},{"cards_removed":["Strike_R"],"damage_healed":0,"gold_gain":0,"player_choice":"Took Card","damage_taken":0,"max_hp_gain":0,"max_hp_loss":0,"event_name":"NoteForYourself","floor":3,"gold_loss":0,"cards_obtained":["Heatsinks"]},{"damage_healed":0,"gold_gain":75,"player_choice":"Gather Gold","damage_taken":11,"max_hp_gain":0,"max_hp_loss":0,"event_name":"World of Goop","floor":11,"gold_loss":0},{"damage_healed":0,"gold_gain":90,"player_choice":"CARD CARD GOLD CARD ","damage_taken":40,"max_hp_gain":0,"max_hp_loss":0,"event_name":"Knowing Skull","floor":19,"potions_obtained":[],"gold_loss":0,"cards_obtained":["Panacea","Impatience","Discovery"]},{"damage_healed":0,"gold_gain":0,"player_choice":"Memory 3","damage_taken":10,"max_hp_gain":0,"max_hp_loss":0,"event_name":"SensoryStone","floor":36,"gold_loss":0},{"damage_healed":0,"gold_gain":0,"player_choice":"Fight","damage_taken":0,"max_hp_gain":0,"max_hp_loss":0,"event_name":"Mysterious Sphere","floor":37,"gold_loss":0},{"damage_healed":0,"gold_gain":0,"player_choice":"Ignored","damage_taken":0,"max_hp_gain":0,"max_hp_loss":0,"event_name":"SecretPortal","floor":42,"gold_loss":0}],"is_beta":true,"boss_relics":[{"not_picked":["Cursed Key","Velvet Choker"],"picked":"Mark of Pain"},{"not_picked":["Calling Bell","Sozu"],"picked":"Empty Cage"}],"items_purged_floors":[],"is_endless":false,"potions_floor_spawned":[1,7,8,10,16,20,28,39,41,46],"ascension_level":0}