{"gold_per_floor":[366,3,17,292,303,303,331,98,123,123,143,143,173,189,189,285,285,304,304,333,134,150,179,179,211,211,228,243,278,278,293,293,392,392,412,4,14,64,84,84,84,184,184,197,209,209,226,260,260,260],"floor_reached":51,"playtime":4659,"items_purged":["Writhe","Regret","Strike_G","Strike_G"],"score":847,"play_id":"0382bdc4-cccc-466c-97ba-e79c042c1167","local_time":"20190915010904","is_ascension_mode":true,"campfire_choices":[{"data":"Bouncing Flask","floor":6,"key":"SMITH"},{"floor":12,"key":"REST"},{"floor":15,"key":"REST"},{"floor":24,"key":"REST"},{"floor":30,"key":"REST"},{"data":"Noxious Fumes","floor":32,"key":"SMITH"},{"floor":41,"key":"REST"},{"floor":49,"key":"REST"}],"neow_cost":"CURSE","seed_source_timestamp":217117958851900,"circlet_count":0,"master_deck":["Strike_G","Strike_G","Defend_G","Defend_G","Defend_G","Defend_G","Defend_G","Survivor","Neutralize","Bouncing Flask+1","Deflect","Footwork","Noxious Fumes+1","Deadly Poison","Die Die Die","Acrobatics","Wraith Form v2","PiercingWail","Footwork","Caltrops+1","Backstab","Leg Sweep+1","Prepared","Deflect+1","Poisoned Stab+1","Deflect+1","Leg Sweep+1","Acrobatics+1","Blur+1","PiercingWail+1","Footwork"],"relics":["Ring of the Snake","The Specimen","Blood Vial","Ancient Tea Set","Mercury Hourglass","Black Star","WingedGreaves","Red Mask","Lantern","Tough Bandages","Ninja Scroll","Happy Flower","Snake Skull","Molten Egg 2","Ginger","Fusion Hammer","Bottled Lightning","Mango","Pocketwatch","Meat on the Bone","Anchor","Bag of Marbles"],"potions_floor_usage":[11,11,16,20,28,29,33,33,50,50],"damage_taken":[{"damage":8,"enemies":"Small Slimes","floor":1,"turns":5},{"damage":1,"enemies":"Cultist","floor":3,"turns":4},{"damage":7,"enemies":"Jaw Worm","floor":5,"turns":4},{"damage":49,"enemies":"3 Sentries","floor":7,"turns":13},{"damage":1,"enemies":"3 Louse","floor":11,"turns":3},{"damage":12,"enemies":"Lagavulin","floor":13,"turns":6},{"damage":3,"enemies":"Blue Slaver","floor":14,"turns":5},{"damage":33,"enemies":"Slime Boss","floor":16,"turns":10},{"damage":14,"enemies":"Shell Parasite","floor":18,"turns":5},{"damage":4,"enemies":"Masked Bandits","floor":20,"turns":3},{"damage":3,"enemies":"3 Byrds","floor":22,"turns":4},{"damage":24,"enemies":"Slavers","floor":23,"turns":5},{"damage":19,"enemies":"Book of Stabbing","floor":25,"turns":5},{"damage":19,"enemies":"3 Cultists","floor":27,"turns":5},{"damage":0,"enemies":"Cultist and Chosen","floor":28,"turns":4},{"damage":1,"enemies":"Slavers","floor":29,"turns":5},{"damage":6,"enemies":"Snake Plant","floor":31,"turns":5},{"damage":34,"enemies":"Automaton","floor":33,"turns":10},{"damage":8,"enemies":"Orb Walker","floor":35,"turns":4},{"damage":6,"enemies":"3 Darklings","floor":37,"turns":11},{"damage":23,"enemies":"2 Orb Walkers","floor":38,"turns":5},{"damage":8,"enemies":"Maw","floor":39,"turns":7},{"damage":0,"enemies":"Mind Bloom Boss Battle","floor":42,"turns":6},{"damage":7,"enemies":"Spire Growth","floor":44,"turns":5},{"damage":8,"enemies":"3 Darklings","floor":45,"turns":6},{"damage":2,"enemies":"Maw","floor":47,"turns":7},{"damage":0,"enemies":"Reptomancer","floor":48,"turns":5},{"damage":17,"enemies":"Donu and Deca","floor":50,"turns":7}],"seed_played":"6294253412118234182","potions_obtained":[{"floor":1,"key":"SteroidPotion"},{"floor":7,"key":"AttackPotion"},{"floor":14,"key":"Strength Potion"},{"floor":18,"key":"SkillPotion"},{"floor":22,"key":"SteroidPotion"},{"floor":27,"key":"Swift Potion"},{"floor":29,"key":"Weak Potion"},{"floor":33,"key":"Strength Potion"},{"floor":39,"key":"Poison Potion"},{"floor":42,"key":"SkillPotion"},{"floor":48,"key":"FairyPotion"}],"is_trial":false,"path_per_floor":["M","$","M","?","M","R","E","$","T","$","M","R","E","M","R","B",null,"M","T","?","$","M","E","R","E","T","M","M","E","R","M","R","B",null,"M","$","M","?","M","?","R","?","T","M","M","?","M","E","R","B",null],"character_chosen":"THE_SILENT","items_purchased":["The Specimen","Regen Potion","Deadly Poison","Footwork","Bottled Lightning"],"campfire_rested":6,"item_purchase_floors":[2,8,8,21,36],"current_hp_per_floor":[62,62,61,61,54,54,5,5,5,5,18,39,29,28,49,18,70,56,56,54,54,53,31,52,35,35,18,20,21,42,38,38,6,70,62,62,58,51,45,45,70,72,72,67,61,61,61,63,84,67],"gold":260,"neow_bonus":"TWO_FIFTY_GOLD","is_prod":false,"is_daily":false,"chose_seed":false,"campfire_upgraded":2,"win_rate":0,"timestamp":1568502544,"path_taken":["M","$","M","?","M","R","E","$","T","$","?","R","E","M","R","BOSS","M","?","?","$","M","E","R","E","T","?","M","E","R","M","R","BOSS","M","$","M","?","M","?","R","?","T","M","M","?","?","E","R","BOSS"],"build_version":"2019-07-17","purchased_purges":4,"victory":true,"max_hp_per_floor":[70,70,70,70,70,70,70,70,70,70,70,70,70,70,70,70,70,70,70,70,70,70,70,70,70,70,70,70,70,70,70,70,70,70,70,70,70,84,84,84,84,84,84,84,84,84,84,84,84,84],"card_choices":[{"not_picked":["Quick Slash","Sucker Punch"],"picked":"Bouncing Flask","floor":1},{"not_picked":["Riddle With Holes","Outmaneuver"],"picked":"Deflect","floor":3},{"not_picked":["Blade Dance","PiercingWail"],"picked":"Footwork","floor":5},{"not_picked":["Bullet Time","Backflip"],"picked":"Noxious Fumes","floor":7},{"not_picked":["Outmaneuver","Dagger Spray","Predator"],"picked":"SKIP","floor":11},{"not_picked":["Terror","Dash"],"picked":"Die Die Die","floor":13},{"not_picked":["Cloak And Dagger","Dagger Spray"],"picked":"Acrobatics","floor":14},{"not_picked":["Unload","Storm of Steel"],"picked":"Wraith Form v2","floor":16},{"not_picked":["Dagger Spray+1","Predator","Infinite Blades+1"],"picked":"SKIP","floor":18},{"not_picked":["Riddle With Holes+1","Blade Dance+1"],"picked":"PiercingWail","floor":20},{"not_picked":["Slice","Reflex+1"],"picked":"Caltrops+1","floor":22},{"not_picked":["Poisoned Stab+1","Calculated Gamble"],"picked":"Backstab","floor":23},{"not_picked":["PiercingWail","Doppelganger"],"picked":"Leg Sweep+1","floor":25},{"not_picked":["Flying Knee+1","Expertise"],"picked":"Prepared","floor":27},{"not_picked":["Slice","Sucker Punch"],"picked":"Deflect+1","floor":28},{"not_picked":["Skewer","Deflect","Crippling Poison"],"picked":"SKIP","floor":29},{"not_picked":["Sucker Punch+1","Underhanded Strike+1"],"picked":"Poisoned Stab+1","floor":31},{"not_picked":["Quick Slash+1","Escape Plan+1"],"picked":"Deflect+1","floor":35},{"not_picked":["Terror+1","Endless Agony+1","Underhanded Strike+1"],"picked":"SKIP","floor":37},{"not_picked":["Underhanded Strike+1","Outmaneuver+1"],"picked":"Leg Sweep+1","floor":38},{"not_picked":["Slice+1","Finisher+1"],"picked":"Acrobatics+1","floor":39},{"not_picked":["Flying Knee+1","Prepared"],"picked":"Blur+1","floor":42},{"not_picked":["Crippling Poison","Flying Knee+1"],"picked":"PiercingWail+1","floor":44},{"not_picked":["Acrobatics+1","Dodge and Roll"],"picked":"Footwork","floor":45},{"not_picked":["Riddle With Holes+1","Outmaneuver","Tools of the Trade"],"picked":"SKIP","floor":47},{"not_picked":["Slice+1","Bane+1","Dagger Spray+1"],"picked":"SKIP","floor":48}],"player_experience":136879,"relics_obtained":[{"floor":7,"key":"Blood Vial"},{"floor":9,"key":"Ancient Tea Set"},{"floor":13,"key":"Mercury Hourglass"},{"floor":19,"key":"WingedGreaves"},{"floor":20,"key":"Red Mask"},{"floor":23,"key":"Lantern"},{"floor":23,"key":"Tough Bandages"},{"floor":25,"key":"Ninja Scroll"},{"floor":25,"key":"Happy Flower"},{"floor":26,"key":"Snake Skull"},{"floor":29,"key":"Molten Egg 2"},{"floor":29,"key":"Ginger"},{"floor":38,"key":"Mango"},{"floor":42,"key":"Pocketwatch"},{"floor":43,"key":"Meat on the Bone"},{"floor":48,"key":"Anchor"},{"floor":48,"key":"Bag of Marbles"}],"event_choices":[{"damage_healed":0,"gold_gain":275,"player_choice":"Desecrate","damage_taken":0,"max_hp_gain":0,"max_hp_loss":0,"event_name":"Golden Shrine","floor":4,"gold_loss":0,"cards_obtained":["Regret"]},{"damage_healed":0,"gold_gain":0,"player_choice":"Fought Bandits","damage_taken":0,"max_hp_gain":0,"max_hp_loss":0,"event_name":"Masked Bandits","floor":20,"gold_loss":0},{"damage_healed":0,"gold_gain":0,"player_choice":"Fight","damage_taken":0,"max_hp_gain":0,"max_hp_loss":0,"event_name":"Mysterious Sphere","floor":38,"gold_loss":0},{"cards_removed":["Strike_G"],"damage_healed":0,"gold_gain":0,"player_choice":"Removed Attack","damage_taken":0,"max_hp_gain":0,"max_hp_loss":0,"event_name":"Falling","floor":40,"gold_loss":0},{"damage_healed":0,"gold_gain":0,"player_choice":"Fight","damage_taken":0,"max_hp_gain":0,"max_hp_loss":0,"event_name":"MindBloom","floor":42,"gold_loss":0},{"damage_healed":0,"gold_gain":0,"player_choice":"Bought 0 Potions","damage_taken":0,"max_hp_gain":0,"max_hp_loss":0,"event_name":"The Woman in Blue","floor":46,"gold_loss":0}],"is_beta":false,"boss_relics":[{"not_picked":["Empty Cage","Snecko Eye"],"picked":"Black Star"},{"not_picked":["Coffee Dripper","Lizard Tail"],"picked":"Fusion Hammer"}],"items_purged_floors":[2,8,21,36],"is_endless":false,"potions_floor_spawned":[1,7,14,18,22,27,29,33,39,42,45,48],"ascension_level":2}