{"gold_per_floor":[210,230,245,68,79,79,94,19,71,71,21,21,39,70,70,147,147,165,165,165,179,179,179,207,207,207,218,218,228,241,241,241,241],"floor_reached":33,"playtime":2206,"items_purged":["Strike_R"],"score":479,"play_id":"5d2ebc22-c0c2-4e23-94e8-c56f8da4b3fc","local_time":"20190914104829","is_ascension_mode":true,"campfire_choices":[{"data":"Armaments","floor":6.0,"key":"SMITH"},{"data":"Secret Technique","floor":10.0,"key":"SMITH"},{"data":"Shrug It Off","floor":12.0,"key":"SMITH"},{"data":"Whirlwind","floor":15.0,"key":"SMITH"},{"data":"Flame Barrier","floor":23.0,"key":"SMITH"},{"data":"True Grit","floor":25.0,"key":"SMITH"},{"data":"Feed","floor":28.0,"key":"SMITH"},{"data":"Clothesline","floor":32,"key":"SMITH"}],"neow_cost":"NONE","seed_source_timestamp":515978920029036,"circlet_count":0,"master_deck":["AscendersBane","Strike_R+1","Strike_R+1","Strike_R+1","Strike_R+1","Defend_R+1","Defend_R+1","Defend_R+1","Bash","Shrug It Off+1","Battle Trance","Secret Technique+1","Armaments+1","Feed+1","Flame Barrier+1","Whirlwind+1","Reaper","Clothesline+1","True Grit+1"],"special_seed":0,"relics":["Burning Blood","Boot","Ornamental Fan","Cursed Key","PreservedInsect"],"potions_floor_usage":[33],"damage_taken":[{"damage":1.0,"enemies":"Cultist","floor":1.0,"turns":3.0},{"damage":0.0,"enemies":"Small Slimes","floor":2.0,"turns":4.0},{"damage":6.0,"enemies":"Jaw Worm","floor":3.0,"turns":4.0},{"damage":4.0,"enemies":"Blue Slaver","floor":5.0,"turns":5.0},{"damage":0.0,"enemies":"Large Slime","floor":7.0,"turns":8.0},{"damage":0.0,"enemies":"2 Fungi Beasts","floor":13.0,"turns":5.0},{"damage":38.0,"enemies":"Lagavulin","floor":14.0,"turns":10.0},{"damage":32.0,"enemies":"Slime Boss","floor":16.0,"turns":9.0},{"damage":21.0,"enemies":"Chosen","floor":18.0,"turns":8.0},{"damage":12.0,"enemies":"Shell Parasite","floor":21.0,"turns":10.0},{"damage":24.0,"enemies":"Book of Stabbing","floor":24.0,"turns":5.0},{"damage":9.0,"enemies":"3 Cultists","floor":27.0,"turns":5.0},{"damage":2,"enemies":"Snake Plant","floor":29,"turns":4},{"damage":12,"enemies":"Shelled Parasite and Fungi","floor":30,"turns":9},{"damage":98,"enemies":"Collector","floor":33,"turns":7}],"seed_played":"-1399303371710332684","potions_obtained":[{"floor":1.0,"key":"GamblersBrew"},{"floor":3.0,"key":"EssenceOfSteel"},{"floor":14.0,"key":"Energy Potion"},{"floor":18.0,"key":"Fire Potion"},{"floor":21.0,"key":"Weak Potion"},{"floor":24.0,"key":"Poison Potion"},{"floor":29,"key":"Strength Potion"}],"is_trial":false,"path_per_floor":["M","M","M","$","M","R","M","$","T","R","?","R","M","E","R","B",null,"M","?","?","M","?","R","E","R","T","M","R","M","M","?","R","B"],"character_chosen":"IRONCLAD","items_purchased":["Secret Technique"],"campfire_rested":0,"item_purchase_floors":[4],"current_hp_per_floor":[73,75,75,75,75,75,75,75,75,75,75,75,78,46,46,23,67,59,81,66,69,69,69,55,55,55,65,65,73,76,76,76,0],"gold":241,"neow_bonus":"HUNDRED_GOLD","is_prod":false,"is_daily":false,"chose_seed":false,"campfire_upgraded":8,"win_rate":0,"timestamp":1568483309,"path_taken":["M","M","?","$","M","R","M","$","T","R","?","R","M","E","R","BOSS","M","?","?","M","?","R","E","R","T","M","R","M","?","?","R","BOSS"],"build_version":"2019-07-17","purchased_purges":1,"victory":false,"max_hp_per_floor":[75,75,75,75,75,75,75,75,75,75,75,75,78,78,78,81,81,81,81,86,90,90,90,94,94,94,97,97,101,105,105,105,105],"card_choices":[{"not_picked":["Disarm","Headbutt"],"picked":"Shrug It Off","floor":1.0},{"not_picked":["Thunderclap","Feel No Pain"],"picked":"Battle Trance","floor":2.0},{"not_picked":["Heavy Blade","Power Through","Seeing Red"],"picked":"SKIP","floor":3.0},{"not_picked":["Havoc","Second Wind"],"picked":"Armaments","floor":5.0},{"not_picked":["Hemokinesis","Disarm"],"picked":"Feed","floor":7.0},{"not_picked":["Headbutt","Anger"],"picked":"Flame Barrier","floor":13.0},{"not_picked":["Armaments","Ghostly Armor"],"picked":"Whirlwind","floor":14.0},{"not_picked":["Brutality","Limit Break"],"picked":"Reaper","floor":16.0},{"not_picked":["Hemokinesis","Reckless Charge","Cleave"],"picked":"SKIP","floor":18.0},{"not_picked":["Battle Trance+1","Clash"],"picked":"Clothesline","floor":21.0},{"not_picked":["Exhume","Dropkick+1"],"picked":"True Grit","floor":24.0},{"not_picked":["Havoc+1","Rampage+1","Shrug It Off"],"picked":"SKIP","floor":27.0},{"not_picked":["Heavy Blade","Sword Boomerang","Iron Wave"],"picked":"SKIP","floor":29},{"not_picked":["Bloodletting+1","True Grit","Entrench"],"picked":"SKIP","floor":30}],"player_experience":312884,"relics_obtained":[{"floor":9.0,"key":"Boot"},{"floor":14.0,"key":"Ornamental Fan"},{"floor":24.0,"key":"PreservedInsect"}],"event_choices":[{"cards_removed":["Defend_R"],"damage_healed":0.0,"max_hp_gain":0.0,"max_hp_loss":0.0,"gold_gain":0.0,"event_name":"The Cleric","player_choice":"Card Removal","floor":11.0,"gold_loss":50.0,"damage_taken":0.0},{"damage_healed":27.0,"max_hp_gain":0.0,"max_hp_loss":0.0,"gold_gain":0.0,"event_name":"The Library","player_choice":"Heal","floor":19.0,"gold_loss":0.0,"damage_taken":0.0},{"damage_healed":0.0,"max_hp_gain":5.0,"max_hp_loss":0.0,"gold_gain":0.0,"event_name":"Forgotten Altar","player_choice":"Shed Blood","floor":20.0,"gold_loss":0.0,"damage_taken":20.0},{"damage_healed":0.0,"max_hp_gain":0.0,"max_hp_loss":0.0,"gold_gain":0.0,"event_name":"Back to Basics","player_choice":"Simplicity","floor":22.0,"gold_loss":0.0,"damage_taken":0.0,"cards_upgraded":["Strike_R","Strike_R","Strike_R","Strike_R","Defend_R","Defend_R","Defend_R"]},{"damage_healed":0,"gold_gain":0,"player_choice":"Ignored","damage_taken":0,"max_hp_gain":0,"max_hp_loss":0,"event_name":"Ghosts","floor":31,"gold_loss":0}],"is_beta":false,"boss_relics":[{"not_picked":["Black Star","Black Blood"],"picked":"Cursed Key"}],"items_purged_floors":[8],"is_endless":false,"potions_floor_spawned":[1,3,14,18,21,24,29],"killed_by":"Collector","ascension_level":14}