{"gold_per_floor":[119,44,44,56,76,104,124,155,155,155,155,155,155,181,181,277,277,295,295,295,295,220,246,246,264,287,287,298,309,309],"floor_reached":30,"playtime":1514,"items_purged":["Strike_B"],"score":427,"play_id":"4980db71-3c36-44bb-8b4a-9f7dc5590ea6","local_time":"20190924002112","is_ascension_mode":true,"campfire_choices":[{"data":"Defragment","floor":11,"key":"SMITH"},{"floor":15,"key":"REST"},{"floor":24,"key":"REST"},{"floor":27,"key":"REST"}],"neow_cost":"TEN_PERCENT_HP_LOSS","seed_source_timestamp":317471829824100,"circlet_count":0,"master_deck":["Strike_B","Strike_B+1","Defend_B","Defend_B+1","Defend_B","Zap","Dualcast","Gash","FTL","Gash","Glacier","Cold Snap","Defragment+1","Skim","Electrodynamics","Genetic Algorithm+1","Rebound","Defragment+1","Echo Form","White Noise","Stack","Writhe","Coolheaded+1","Steam"],"relics":["Cracked Core","Oddly Smooth Stone","Pantograph","Prayer Wheel","Dodecahedron","Symbiotic Virus","Juzu Bracelet","Cursed Key","MutagenicStrength","Nilry\u0027s Codex","Bottled Tornado","Lantern"],"potions_floor_usage":[6,14,23,30,30],"damage_taken":[{"damage":0,"enemies":"2 Louse","floor":1,"turns":2},{"damage":0,"enemies":"Cultist","floor":4,"turns":3},{"damage":0,"enemies":"Small Slimes","floor":5,"turns":2},{"damage":10,"enemies":"3 Sentries","floor":6,"turns":5},{"damage":0,"enemies":"Blue Slaver","floor":7,"turns":3},{"damage":12,"enemies":"Lagavulin","floor":8,"turns":9},{"damage":4,"enemies":"Gremlin Nob","floor":14,"turns":3},{"damage":0,"enemies":"The Guardian","floor":16,"turns":9},{"damage":0,"enemies":"Spheric Guardian","floor":18,"turns":3},{"damage":38,"enemies":"Book of Stabbing","floor":23,"turns":4},{"damage":18,"enemies":"Chosen","floor":25,"turns":4},{"damage":18,"enemies":"Snecko","floor":28,"turns":4},{"damage":14,"enemies":"Sentry and Sphere","floor":29,"turns":5},{"damage":10,"enemies":"Slavers","floor":30,"turns":1}],"seed_played":"4878087735676401927","potions_obtained":[{"floor":1,"key":"Ancient Potion"},{"floor":4,"key":"Explosive Potion"},{"floor":6,"key":"Fire Potion"},{"floor":14,"key":"Poison Potion"},{"floor":23,"key":"SkillPotion"},{"floor":29,"key":"Ancient Potion"}],"is_trial":false,"path_per_floor":["M","$","?","M","M","E","M","E","T","?","R","?","T","E","R","B",null,"M","?","?","?","$","E","R","M","T","R","M","M","E"],"character_chosen":"DEFECT","items_purchased":["FTL"],"campfire_rested":3,"item_purchase_floors":[2],"current_hp_per_floor":[68,68,68,68,68,58,58,46,46,32,32,32,32,28,48,68,68,68,68,68,52,52,14,34,16,16,36,18,4,0],"gold":309,"neow_bonus":"REMOVE_TWO","is_prod":false,"is_daily":false,"chose_seed":false,"campfire_upgraded":1,"win_rate":0,"timestamp":1569277272,"path_taken":["M","$","?","?","M","E","M","E","T","?","R","?","?","E","R","BOSS","M","?","?","?","$","E","R","M","T","R","M","M","E"],"build_version":"2019-07-17","purchased_purges":1,"victory":false,"max_hp_per_floor":[68,68,68,68,68,68,68,68,68,68,68,68,68,68,68,68,68,68,68,68,68,68,68,68,68,68,68,68,68,68],"card_choices":[{"not_picked":["Undo","Stack"],"picked":"Gash","floor":1},{"not_picked":["Barrage","Turbo"],"picked":"Gash","floor":4},{"not_picked":["Fusion","Aggregate"],"picked":"Glacier","floor":5},{"not_picked":["Meteor Strike","Recycle"],"picked":"Cold Snap","floor":6},{"not_picked":["Gash","Turbo"],"picked":"Defragment","floor":7},{"not_picked":["Static Discharge","Meteor Strike","Double Energy"],"picked":"SKIP","floor":8},{"not_picked":["Sweeping Beam","Redo"],"picked":"Skim","floor":14},{"not_picked":["Echo Form","Hyperbeam"],"picked":"Electrodynamics","floor":16},{"not_picked":["Scrape","Go for the Eyes"],"picked":"Genetic Algorithm+1","floor":18},{"not_picked":["Auto Shields","Turbo"],"picked":"Rebound","floor":18},{"not_picked":["Rebound+1","Cold Snap"],"picked":"Echo Form","floor":23},{"not_picked":["Barrage+1","Steam Power"],"picked":"White Noise","floor":25},{"not_picked":["Storm","Rebound+1"],"picked":"Stack","floor":25},{"not_picked":["Stack+1","Consume","Fusion"],"picked":"SKIP","floor":28},{"not_picked":["Hologram","Sweeping Beam","Force Field"],"picked":"SKIP","floor":28},{"not_picked":["Streamline","Ball Lightning"],"picked":"Coolheaded+1","floor":29},{"not_picked":["Compile Driver","Force Field"],"picked":"Steam","floor":29}],"player_experience":239546,"relics_obtained":[{"floor":6,"key":"Pantograph"},{"floor":8,"key":"Prayer Wheel"},{"floor":9,"key":"Dodecahedron"},{"floor":13,"key":"Symbiotic Virus"},{"floor":14,"key":"Juzu Bracelet"},{"floor":21,"key":"Nilry\u0027s Codex"},{"floor":23,"key":"Bottled Tornado"},{"floor":26,"key":"Lantern"}],"event_choices":[{"damage_healed":0,"gold_gain":0,"player_choice":"Gave Potion","damage_taken":0,"relics_obtained":["Oddly Smooth Stone"],"max_hp_gain":0,"max_hp_loss":0,"event_name":"WeMeetAgain","floor":3,"gold_loss":0},{"damage_healed":0,"gold_gain":0,"player_choice":"Entered Light","damage_taken":14,"max_hp_gain":0,"max_hp_loss":0,"event_name":"Shining Light","floor":10,"gold_loss":0,"cards_upgraded":["Defend_B","Strike_B"]},{"damage_healed":0,"gold_gain":0,"player_choice":"Ignored","damage_taken":0,"max_hp_gain":0,"max_hp_loss":0,"event_name":"Liars Game","floor":12,"gold_loss":0},{"damage_healed":0,"gold_gain":0,"player_choice":"Inject Mutagens","damage_taken":0,"relics_obtained":["MutagenicStrength"],"max_hp_gain":0,"max_hp_loss":0,"event_name":"Drug Dealer","floor":19,"gold_loss":0},{"damage_healed":0,"gold_gain":0,"player_choice":"Copied","damage_taken":0,"max_hp_gain":0,"max_hp_loss":0,"event_name":"Duplicator","floor":20,"gold_loss":0,"cards_obtained":["Defragment"]},{"damage_healed":0,"gold_gain":0,"player_choice":"Obtained Book","damage_taken":16,"max_hp_gain":0,"max_hp_loss":0,"event_name":"Cursed Tome","floor":21,"gold_loss":0}],"is_beta":false,"boss_relics":[{"not_picked":["Astrolabe","Black Star"],"picked":"Cursed Key"}],"items_purged_floors":[22],"is_endless":false,"potions_floor_spawned":[1,4,6,14,23,29],"killed_by":"Slavers","ascension_level":7}