{"gold_per_floor":[110,126,142,157,169,169,179,191,191,191,224,299,299,309,309,408,408,397,397,397,397,11,11,39,51,130,130,130,84,116,135,135,230,230,246,346,400,417,59,93,93,108,155,171,171,171,171,24,24,24],"floor_reached":51,"playtime":4308,"items_purged":["Strike_R+1"],"score":1001,"play_id":"b0283192-0930-43c0-a8f6-a8c30b6f3bee","local_time":"20190907173204","is_ascension_mode":true,"campfire_choices":[{"data":"Armaments","floor":6.0,"key":"SMITH"},{"floor":10.0,"key":"REST"},{"floor":15.0,"key":"REST"},{"floor":23,"key":"REST"},{"floor":27,"key":"REST"},{"floor":32,"key":"REST"},{"floor":41,"key":"REST"},{"floor":45,"key":"REST"},{"floor":49,"key":"REST"}],"neow_cost":"PERCENT_DAMAGE","seed_source_timestamp":254184147469210,"circlet_count":0,"master_deck":["Strike_R+1","Strike_R+1","Defend_R+1","Defend_R+1","Defend_R+1","Defend_R+1","Bash","Pummel","Thunderclap","Metallicize","Armaments+1","Headbutt","Iron Wave","Fiend Fire","Inflame","Shrug It Off","Ghostly Armor","Metallicize","Shrug It Off","Impervious","Pommel Strike+1","Inflame","True Grit+1","Thinking Ahead","Madness","Madness"],"special_seed":0,"relics":["Burning Blood","Ancient Tea Set","Self Forming Clay","Busted Crown","Nilry\u0027s Codex","Bottled Lightning","Question Card","Pantograph","Bronze Scales","Velvet Choker","Unceasing Top","Du-Vu Doll","Frozen Eye","Matryoshka","Centennial Puzzle","Happy Flower","Art of War"],"potions_floor_usage":[30,30,37,37,40,50],"damage_taken":[{"damage":1.0,"enemies":"Cultist","floor":1.0,"turns":4.0},{"damage":1.0,"enemies":"2 Louse","floor":2.0,"turns":3.0},{"damage":8.0,"enemies":"Small Slimes","floor":3.0,"turns":6.0},{"damage":5.0,"enemies":"2 Fungi Beasts","floor":4.0,"turns":8.0},{"damage":10.0,"enemies":"3 Louse","floor":5.0,"turns":5.0},{"damage":2.0,"enemies":"Large Slime","floor":7.0,"turns":12.0},{"damage":9.0,"enemies":"Exordium Thugs","floor":8.0,"turns":6.0},{"damage":16.0,"enemies":"Gremlin Nob","floor":11.0,"turns":5.0},{"damage":13.0,"enemies":"Lots of Slimes","floor":14.0,"turns":6.0},{"damage":68.0,"enemies":"Hexaghost","floor":16.0,"turns":13.0},{"damage":19,"enemies":"2 Thieves","floor":18,"turns":4},{"damage":30,"enemies":"Book of Stabbing","floor":24,"turns":7},{"damage":2,"enemies":"3 Byrds","floor":25,"turns":6},{"damage":12,"enemies":"Slavers","floor":30,"turns":7},{"damage":7,"enemies":"3 Cultists","floor":31,"turns":6},{"damage":72,"enemies":"Collector","floor":33,"turns":13},{"damage":4,"enemies":"3 Darklings","floor":35,"turns":6},{"damage":0,"enemies":"Mind Bloom Boss Battle","floor":36,"turns":7},{"damage":20,"enemies":"2 Orb Walkers","floor":37,"turns":5},{"damage":0,"enemies":"Orb Walker","floor":38,"turns":3},{"damage":49,"enemies":"Giant Head","floor":40,"turns":9},{"damage":11,"enemies":"4 Shapes","floor":42,"turns":7},{"damage":3,"enemies":"Writhing Mass","floor":44,"turns":9},{"damage":53,"enemies":"Awakened One","floor":50,"turns":19}],"seed_played":"-1639465748035872552","potions_obtained":[{"floor":1.0,"key":"EssenceOfSteel"},{"floor":2.0,"key":"FairyPotion"},{"floor":4.0,"key":"Swift Potion"},{"floor":11.0,"key":"Ancient Potion"},{"floor":14.0,"key":"Ancient Potion"},{"floor":24,"key":"AttackPotion"},{"floor":30,"key":"GamblersBrew"},{"floor":36,"key":"SteroidPotion"},{"floor":37,"key":"Regen Potion"},{"floor":38,"key":"AttackPotion"}],"is_trial":false,"path_per_floor":["M","M","M","M","M","R","M","M","T","R","E","?","?","M","R","B",null,"M","?","?","?","$","R","E","M","T","R","?","$","E","M","R","B",null,"M","?","?","M","$","E","R","M","T","M","R","?","?","?","R","B",null],"character_chosen":"IRONCLAD","items_purchased":["Bottled Lightning","Inflame","Shrug It Off","Shrug It Off","Frozen Eye","Inflame"],"campfire_rested":8,"item_purchase_floors":[22,22,22,29,39,39],"current_hp_per_floor":[56,61,59,60,56,56,60,57,57,80,70,59,59,52,76,14,64,51,35,35,35,35,59,35,39,39,63,63,63,57,56,80,14,64,66,80,66,72,72,29,53,48,48,51,75,75,65,65,80,48],"gold":24,"neow_bonus":"REMOVE_TWO","is_prod":false,"is_daily":false,"chose_seed":false,"campfire_upgraded":1,"win_rate":0,"timestamp":1567902724,"path_taken":["M","M","M","M","?","R","M","M","T","R","E","?","?","M","R","BOSS","M","?","?","?","$","R","E","M","T","R","?","?","E","M","R","BOSS","M","?","?","M","$","E","R","M","T","M","R","?","?","?","R","BOSS"],"build_version":"2019-07-17","purchased_purges":1,"victory":true,"max_hp_per_floor":[80,80,80,80,80,80,80,80,80,80,80,80,80,80,80,80,80,80,80,80,80,80,80,80,80,80,80,80,80,80,80,80,80,80,80,80,80,80,80,80,80,80,80,80,80,80,80,80,80,80],"card_choices":[{"not_picked":["Spot Weakness","Sever Soul"],"picked":"Pummel","floor":1.0},{"not_picked":["Cleave","Sword Boomerang"],"picked":"Thunderclap","floor":2.0},{"not_picked":["Wild Strike","Shrug It Off"],"picked":"Metallicize","floor":3.0},{"not_picked":["Anger","Sword Boomerang","Heavy Blade"],"picked":"SKIP","floor":4.0},{"not_picked":["Headbutt","Disarm"],"picked":"Armaments","floor":5.0},{"not_picked":["Cleave","Clash","Disarm"],"picked":"SKIP","floor":7.0},{"not_picked":["Pommel Strike","Heavy Blade","Body Slam"],"picked":"SKIP","floor":8.0},{"not_picked":["Body Slam","Limit Break"],"picked":"Headbutt","floor":11.0},{"not_picked":["Perfected Strike","Entrench","Cleave"],"picked":"SKIP","floor":14.0},{"not_picked":["Dark Embrace","Barricade"],"picked":"Fiend Fire","floor":16.0},{"not_picked":["Infernal Blade"],"picked":"SKIP","floor":18},{"not_picked":[],"picked":"Ghostly Armor","floor":24},{"not_picked":["Perfected Strike","Clash"],"picked":"SKIP","floor":25},{"not_picked":["Reckless Charge","Wild Strike+1"],"picked":"SKIP","floor":30},{"not_picked":["Pommel Strike","Flex+1"],"picked":"SKIP","floor":31},{"not_picked":["Fiend Fire"],"picked":"Impervious","floor":33},{"not_picked":["Reckless Charge","Cleave"],"picked":"SKIP","floor":35},{"not_picked":["True Grit"],"picked":"Pommel Strike+1","floor":38},{"not_picked":["Perfected Strike+1","Brutality"],"picked":"SKIP","floor":40},{"not_picked":["Shrug It Off"],"picked":"True Grit+1","floor":42},{"not_picked":["Rampage","Sword Boomerang"],"picked":"SKIP","floor":44},{"not_picked":["Discovery"],"picked":"Thinking Ahead","floor":46}],"player_experience":283053,"relics_obtained":[{"floor":9.0,"key":"Ancient Tea Set"},{"floor":11.0,"key":"Self Forming Clay"},{"floor":19,"key":"Nilry\u0027s Codex"},{"floor":24,"key":"Question Card"},{"floor":26,"key":"Pantograph"},{"floor":30,"key":"Bronze Scales"},{"floor":36,"key":"Unceasing Top"},{"floor":37,"key":"Du-Vu Doll"},{"floor":40,"key":"Matryoshka"},{"floor":43,"key":"Centennial Puzzle"},{"floor":43,"key":"Happy Flower"}],"event_choices":[{"damage_healed":0.0,"max_hp_gain":0.0,"max_hp_loss":0.0,"gold_gain":75.0,"event_name":"World of Goop","player_choice":"Gather Gold","floor":12.0,"gold_loss":0.0,"damage_taken":11.0},{"damage_healed":0.0,"max_hp_gain":0.0,"max_hp_loss":0.0,"gold_gain":0.0,"event_name":"Match and Keep!","player_choice":"1 cards matched","floor":13.0,"gold_loss":0.0,"damage_taken":0.0,"cards_obtained":["Iron Wave"]},{"damage_healed":0,"gold_gain":0,"player_choice":"Obtained Book","damage_taken":16,"max_hp_gain":0,"max_hp_loss":0,"event_name":"Cursed Tome","floor":19,"gold_loss":0},{"damage_healed":0,"gold_gain":0,"player_choice":"Ignored","damage_taken":0,"max_hp_gain":0,"max_hp_loss":0,"event_name":"Beggar","floor":20,"gold_loss":0},{"damage_healed":0,"gold_gain":0,"player_choice":"Simplicity","damage_taken":0,"max_hp_gain":0,"max_hp_loss":0,"event_name":"Back to Basics","floor":21,"gold_loss":0,"cards_upgraded":["Strike_R","Strike_R","Strike_R","Defend_R","Defend_R","Defend_R","Defend_R"]},{"damage_healed":0,"gold_gain":0,"player_choice":"Read","damage_taken":0,"max_hp_gain":0,"max_hp_loss":0,"event_name":"The Library","floor":28,"gold_loss":0,"cards_obtained":["Metallicize"]},{"damage_healed":0,"gold_gain":0,"player_choice":"Fight","damage_taken":0,"max_hp_gain":0,"max_hp_loss":0,"event_name":"MindBloom","floor":36,"gold_loss":0},{"damage_healed":0,"gold_gain":0,"player_choice":"Fight","damage_taken":0,"max_hp_gain":0,"max_hp_loss":0,"event_name":"Mysterious Sphere","floor":37,"gold_loss":0},{"damage_healed":0,"gold_gain":0,"player_choice":"Memory 1","damage_taken":0,"max_hp_gain":0,"max_hp_loss":0,"event_name":"SensoryStone","floor":46,"gold_loss":0},{"damage_healed":0,"gold_gain":0,"player_choice":"Embrace Madness","damage_taken":10,"max_hp_gain":0,"max_hp_loss":0,"event_name":"Winding Halls","floor":47,"gold_loss":0,"cards_obtained":["Madness","Madness"]},{"damage_healed":0,"gold_gain":0,"player_choice":"Paid Gold","damage_taken":0,"relics_obtained":["Art of War"],"max_hp_gain":0,"max_hp_loss":0,"event_name":"WeMeetAgain","floor":48,"gold_loss":147}],"is_beta":false,"boss_relics":[{"not_picked":["Astrolabe","Black Blood"],"picked":"Busted Crown"},{"not_picked":["Runic Dome","Eternal Feather"],"picked":"Velvet Choker"}],"items_purged_floors":[39],"is_endless":false,"potions_floor_spawned":[1,2,4,11,14,24,30,36,37,38],"ascension_level":9}