{"gold_per_floor":[116,134,84,102,102,102,102,131,131,131,157,170,68,82,82,82],"floor_reached":16,"playtime":912,"items_purged":["Parasite"],"score":182,"play_id":"8ae57861-70a6-42dd-8a06-31acbde5d1b8","local_time":"20190730085905","is_ascension_mode":true,"campfire_choices":[{"floor":6.0,"key":"REST"},{"data":"Footwork","floor":15.0,"key":"SMITH"}],"neow_cost":"NONE","seed_source_timestamp":1349934456809992,"circlet_count":0,"master_deck":["AscendersBane","Strike_G","Strike_G","Strike_G+1","Strike_G","Defend_G","Defend_G","Defend_G","Defend_G","Defend_G+1","Survivor","Neutralize","Bouncing Flask","Footwork+1","Catalyst","Backflip","Blur","Backflip","Dodge and Roll"],"special_seed":0,"relics":["Cursed Key","Bag of Marbles","Molten Egg 2"],"potions_floor_usage":[],"damage_taken":[{"damage":7.0,"enemies":"Jaw Worm","floor":1.0,"turns":5.0},{"damage":0.0,"enemies":"2 Louse","floor":2.0,"turns":3.0},{"damage":0.0,"enemies":"Small Slimes","floor":4.0,"turns":3.0},{"damage":17.0,"enemies":"3 Sentries","floor":8.0,"turns":6.0},{"damage":16.0,"enemies":"Lagavulin","floor":11.0,"turns":6.0},{"damage":0.0,"enemies":"Exordium Wildlife","floor":12.0,"turns":4.0},{"damage":4.0,"enemies":"Looter","floor":14.0,"turns":3.0},{"damage":66,"enemies":"Slime Boss","floor":16,"turns":17}],"seed_played":"754139663854148644","potions_obtained":[{"floor":4.0,"key":"PowerPotion"},{"floor":8.0,"key":"FairyPotion"},{"floor":12.0,"key":"Block Potion"}],"is_trial":false,"path_per_floor":["M","M","?","M","?","R","?","E","T","?","E","M","$","M","R","B"],"character_chosen":"THE_SILENT","items_purchased":["Backflip"],"campfire_rested":1,"item_purchase_floors":[13],"current_hp_per_floor":[56,56,56,56,42,63,68,51,51,69,53,53,53,49,49,0],"gold":82,"neow_bonus":"BOSS_RELIC","is_prod":false,"is_daily":false,"chose_seed":false,"campfire_upgraded":1,"win_rate":0,"timestamp":1564502345,"path_taken":["M","M","?","M","?","R","?","E","T","?","E","M","$","?","R","BOSS"],"build_version":"2019-07-17","purchased_purges":1,"victory":false,"max_hp_per_floor":[70,70,70,70,70,70,75,75,75,75,75,75,72,72,72,72],"card_choices":[{"not_picked":["PiercingWail","Blade Dance"],"picked":"Bouncing Flask","floor":1.0},{"not_picked":["Outmaneuver","Eviscerate"],"picked":"Footwork","floor":2.0},{"not_picked":["Blade Dance","Sucker Punch"],"picked":"Catalyst","floor":4.0},{"not_picked":["Cloak And Dagger","Quick Slash"],"picked":"Backflip","floor":8.0},{"not_picked":["A Thousand Cuts","Cloak And Dagger"],"picked":"Blur","floor":11.0},{"not_picked":["Sucker Punch+1","Slice+1","Deadly Poison"],"picked":"SKIP","floor":12.0},{"not_picked":["Blade Dance","Deflect"],"picked":"Dodge and Roll","floor":14.0}],"player_experience":141977,"relics_obtained":[{"floor":8.0,"key":"Bag of Marbles"},{"floor":11.0,"key":"Molten Egg 2"}],"event_choices":[{"cards_removed":["Strike_G"],"damage_healed":0.0,"max_hp_gain":0.0,"max_hp_loss":0.0,"gold_gain":0.0,"event_name":"The Cleric","player_choice":"Card Removal","floor":3.0,"gold_loss":50.0,"damage_taken":0.0},{"damage_healed":0.0,"max_hp_gain":0.0,"max_hp_loss":0.0,"gold_gain":0.0,"event_name":"Shining Light","player_choice":"Entered Light","floor":5.0,"gold_loss":0.0,"damage_taken":14.0,"cards_upgraded":["Strike_G","Defend_G"]},{"damage_healed":0.0,"max_hp_gain":5.0,"max_hp_loss":0.0,"gold_gain":0.0,"event_name":"Big Fish","player_choice":"Donut","floor":7.0,"gold_loss":0.0,"damage_taken":0.0},{"damage_healed":18.0,"max_hp_gain":0.0,"max_hp_loss":0.0,"gold_gain":0.0,"event_name":"Mushrooms","player_choice":"Healed and dodged fight","floor":10.0,"gold_loss":0.0,"damage_taken":0.0,"cards_obtained":["Parasite"]}],"is_beta":false,"boss_relics":[],"items_purged_floors":[13],"is_endless":false,"potions_floor_spawned":[4,8,12],"killed_by":"Slime Boss","ascension_level":13}