{"gold_per_floor":[109,121,139,152,166,191,208,236,290,331,356,368,397,439,451,540,552,576,605,35,45,59,59,84,102,127,42,102,134,134,144,144,144],"floor_reached":33,"playtime":2730,"items_purged":["Rage"],"score":532,"play_id":"1e3737e4-1b5a-400b-abd7-fca444922897","local_time":"20190915180408","is_ascension_mode":true,"campfire_choices":[{"data":"Armaments","floor":15.0,"key":"SMITH"},{"floor":23.0,"key":"REST"},{"data":"Metallicize","floor":30.0,"key":"SMITH"},{"floor":32.0,"key":"REST"}],"neow_cost":"NONE","seed_source_timestamp":0,"circlet_count":0,"master_deck":["AscendersBane","Bash","Reaper","Shrug It Off","Shockwave","Inflame","Metallicize+1","Ghostly Armor","Whirlwind","Armaments+1","Heavy Blade","Feed","Sever Soul","Pommel Strike","Juggernaut","Sever Soul","Anger","Flame Barrier","Thunderclap","Reaper","Offering","Clothesline+1"],"special_seed":0,"relics":["Burning Blood","Turnip","Bronze Scales","MawBank","Odd Mushroom","Kunai","Pandora\u0027s Box","Gremlin Horn","Mercury Hourglass","Pantograph","PreservedInsect","Potion Belt","Tiny Chest","Red Mask"],"potions_floor_usage":[],"damage_taken":[{"damage":1.0,"enemies":"Cultist","floor":1.0,"turns":4.0},{"damage":6.0,"enemies":"Jaw Worm","floor":2.0,"turns":5.0},{"damage":0.0,"enemies":"Small Slimes","floor":3.0,"turns":4.0},{"damage":12.0,"enemies":"2 Fungi Beasts","floor":4.0,"turns":5.0},{"damage":4.0,"enemies":"Blue Slaver","floor":5.0,"turns":5.0},{"damage":28.0,"enemies":"3 Sentries","floor":6.0,"turns":10.0},{"damage":17.0,"enemies":"Exordium Thugs","floor":7.0,"turns":5.0},{"damage":13.0,"enemies":"Gremlin Nob","floor":8.0,"turns":5.0},{"damage":36.0,"enemies":"The Mushroom Lair","floor":10.0,"turns":3.0},{"damage":8.0,"enemies":"Looter","floor":11.0,"turns":4.0},{"damage":18.0,"enemies":"Gremlin Gang","floor":13.0,"turns":3.0},{"damage":31.0,"enemies":"Lagavulin","floor":14.0,"turns":7.0},{"damage":19.0,"enemies":"Slime Boss","floor":16.0,"turns":10.0},{"damage":19.0,"enemies":"Spheric Guardian","floor":18.0,"turns":5.0},{"damage":0.0,"enemies":"3 Byrds","floor":19.0,"turns":1.0},{"damage":30.0,"enemies":"Snake Plant","floor":21.0,"turns":5.0},{"damage":11.0,"enemies":"Centurion and Healer","floor":22.0,"turns":9.0},{"damage":19.0,"enemies":"Gremlin Leader","floor":24.0,"turns":5.0},{"damage":8.0,"enemies":"Shelled Parasite and Fungi","floor":25.0,"turns":5.0},{"damage":28.0,"enemies":"Book of Stabbing","floor":28.0,"turns":4.0},{"damage":33.0,"enemies":"Masked Bandits","floor":29.0,"turns":4.0},{"damage":16.0,"enemies":"Sentry and Sphere","floor":31.0,"turns":3.0},{"damage":117,"enemies":"Automaton","floor":33,"turns":10}],"seed_played":"3213906486943183738","potions_obtained":[{"floor":1.0,"key":"Regen Potion"},{"floor":3.0,"key":"Energy Potion"},{"floor":6.0,"key":"SteroidPotion"},{"floor":10.0,"key":"SpeedPotion"},{"floor":13.0,"key":"EntropicBrew"},{"floor":16.0,"key":"Dexterity Potion"},{"floor":19.0,"key":"Weak Potion"},{"floor":22.0,"key":"EssenceOfSteel"},{"floor":25.0,"key":"SkillPotion"}],"is_trial":false,"path_per_floor":["M","M","M","M","M","E","M","E","T","?","M","?","M","E","R","B",null,"M","M","$","M","M","R","E","M","T","?","E","?","R","M","R","B"],"character_chosen":"IRONCLAD","items_purchased":["Gremlin Horn","Mercury Hourglass"],"campfire_rested":2,"item_purchase_floors":[20,20],"current_hp_per_floor":[73,75,75,75,75,65,54,61,61,51,52,45,41,25,25,12,59,46,52,52,34,41,65,73,74,74,74,55,45,45,35,61,0],"gold":144,"neow_bonus":"ONE_RANDOM_RARE_CARD","is_prod":false,"is_daily":false,"chose_seed":false,"campfire_upgraded":2,"win_rate":0,"timestamp":1568595848,"path_taken":["M","M","M","M","M","E","M","E","T","?","M","?","M","E","R","BOSS","M","M","$","M","M","R","E","M","T","?","E","?","R","M","R","BOSS"],"build_version":"2019-07-17","purchased_purges":1,"victory":false,"max_hp_per_floor":[75,75,75,75,75,75,75,75,75,75,75,75,75,75,75,75,75,75,75,75,78,82,82,82,85,85,85,88,88,88,88,88,88],"card_choices":[{"not_picked":["Fire Breathing","Rampage"],"picked":"Shrug It Off","floor":1.0},{"not_picked":["Sentinel","Thunderclap"],"picked":"Shockwave","floor":2.0},{"not_picked":["Entrench","Pommel Strike"],"picked":"Inflame","floor":3.0},{"not_picked":["Pommel Strike","Battle Trance"],"picked":"Metallicize","floor":4.0},{"not_picked":["Twin Strike","Clothesline","Clash"],"picked":"SKIP","floor":5.0},{"not_picked":["Power Through","Shockwave","Cleave"],"picked":"SKIP","floor":6.0},{"not_picked":["Intimidate","Anger","Thunderclap"],"picked":"SKIP","floor":7.0},{"not_picked":["Rampage","Blood for Blood"],"picked":"Ghostly Armor","floor":8.0},{"not_picked":["Fiend Fire","Searing Blow"],"picked":"Whirlwind","floor":11.0},{"not_picked":["Havoc","Rage"],"picked":"Armaments","floor":13.0},{"not_picked":["Disarm","Rupture"],"picked":"Heavy Blade","floor":14.0},{"not_picked":["Bludgeon","Juggernaut"],"picked":"Feed","floor":16.0},{"not_picked":["Wild Strike","Uppercut","Thunderclap+1"],"picked":"SKIP","floor":18.0},{"not_picked":["True Grit","Dropkick+1","Clothesline"],"picked":"SKIP","floor":19.0},{"not_picked":["Feel No Pain","Dual Wield","Pommel Strike"],"picked":"SKIP","floor":21.0},{"not_picked":["Feel No Pain","Flex","Havoc"],"picked":"SKIP","floor":22.0},{"not_picked":["Carnage+1","Seeing Red"],"picked":"Reaper","floor":24.0},{"not_picked":["Heavy Blade","Iron Wave","Clash"],"picked":"SKIP","floor":25.0},{"not_picked":["Sentinel","Armaments"],"picked":"Offering","floor":28.0},{"not_picked":["Flex+1","Pummel"],"picked":"Clothesline+1","floor":31.0}],"player_experience":324725,"relics_obtained":[{"floor":6.0,"key":"Turnip"},{"floor":8.0,"key":"Bronze Scales"},{"floor":9.0,"key":"MawBank"},{"floor":10.0,"key":"Odd Mushroom"},{"floor":14.0,"key":"Kunai"},{"floor":24.0,"key":"Pantograph"},{"floor":26.0,"key":"PreservedInsect"},{"floor":28.0,"key":"Tiny Chest"},{"floor":29.0,"key":"Red Mask"}],"event_choices":[{"damage_healed":0.0,"max_hp_gain":0.0,"max_hp_loss":0.0,"gold_gain":0.0,"event_name":"Mushrooms","player_choice":"Fought Mushrooms","floor":10.0,"gold_loss":0.0,"damage_taken":0.0},{"cards_removed":["Strike_R"],"damage_healed":0.0,"max_hp_gain":0.0,"max_hp_loss":0.0,"gold_gain":0.0,"event_name":"Golden Wing","player_choice":"Card Removal","floor":12.0,"gold_loss":0.0,"damage_taken":7.0},{"damage_healed":0.0,"max_hp_gain":0.0,"max_hp_loss":0.0,"gold_gain":0.0,"event_name":"Addict","player_choice":"Obtained Relic","floor":27.0,"gold_loss":85.0,"damage_taken":0.0,"relics_obtained":["Potion Belt"]},{"damage_healed":0.0,"max_hp_gain":0.0,"max_hp_loss":0.0,"gold_gain":0.0,"event_name":"Masked Bandits","player_choice":"Fought Bandits","floor":29.0,"gold_loss":0.0,"damage_taken":0.0}],"is_beta":false,"boss_relics":[{"not_picked":["Lizard Tail","Black Star"],"picked":"Pandora\u0027s Box"}],"items_purged_floors":[20],"is_endless":false,"potions_floor_spawned":[1,3,4,6,10,13,16,19,22,25],"killed_by":"Automaton","ascension_level":14}