{"gold_per_floor":[111,125,140,140,153,153,188,188,188,198,210,243,243,269,269,373,373,393,247,236,250,250],"floor_reached":22,"playtime":1413,"items_purged":[],"score":229,"play_id":"28d1e2f6-8ef5-4320-a618-909602b38863","local_time":"20190901211547","is_ascension_mode":true,"campfire_choices":[{"floor":6.0,"key":"REST"},{"data":"Anger","floor":8.0,"key":"SMITH"},{"data":"Armaments","floor":15.0,"key":"SMITH"}],"neow_cost":"PERCENT_DAMAGE","seed_source_timestamp":169918975398989,"circlet_count":0,"master_deck":["Strike_R","Strike_R","Strike_R","Defend_R","Defend_R","Defend_R","Defend_R+1","Bash","Anger+1","Impervious","Metallicize","Armaments+1","Barricade"],"special_seed":0,"relics":["Burning Blood","Champion Belt","Pantograph","Shuriken","Nunchaku","Regal Pillow","Black Star","Vajra"],"potions_floor_usage":[],"damage_taken":[{"damage":4.0,"enemies":"Small Slimes","floor":1.0,"turns":4.0},{"damage":6.0,"enemies":"2 Louse","floor":2.0,"turns":3.0},{"damage":0.0,"enemies":"Cultist","floor":3.0,"turns":3.0},{"damage":5.0,"enemies":"Exordium Wildlife","floor":5.0,"turns":6.0},{"damage":16.0,"enemies":"3 Sentries","floor":7.0,"turns":8.0},{"damage":9.0,"enemies":"Blue Slaver","floor":10.0,"turns":4.0},{"damage":30.0,"enemies":"Exordium Thugs","floor":11.0,"turns":7.0},{"damage":16.0,"enemies":"Gremlin Nob","floor":12.0,"turns":4.0},{"damage":10.0,"enemies":"Lagavulin","floor":14.0,"turns":6.0},{"damage":53.0,"enemies":"The Guardian","floor":16.0,"turns":11.0},{"damage":17.0,"enemies":"3 Byrds","floor":18.0,"turns":8.0},{"damage":23.0,"enemies":"2 Thieves","floor":20.0,"turns":4.0},{"damage":30,"enemies":"Snake Plant","floor":21,"turns":6},{"damage":38,"enemies":"Cultist and Chosen","floor":22,"turns":8}],"seed_played":"8432777349756362133","potions_obtained":[{"floor":1.0,"key":"SkillPotion"},{"floor":7.0,"key":"BloodPotion"},{"floor":11.0,"key":"Fire Potion"},{"floor":12.0,"key":"Strength Potion"},{"floor":20.0,"key":"FearPotion"}],"is_trial":false,"path_per_floor":["M","M","M","?","M","R","E","R","T","M","M","E","?","E","R","B",null,"M","$","M","M","M"],"character_chosen":"IRONCLAD","items_purchased":["Vajra"],"campfire_rested":1,"item_purchase_floors":[19],"current_hp_per_floor":[58,58,64,57,58,80,70,70,70,67,43,33,33,49,49,27,80,69,69,52,28,0],"gold":250,"neow_bonus":"REMOVE_TWO","is_prod":false,"is_daily":false,"chose_seed":false,"campfire_upgraded":2,"win_rate":0,"timestamp":1567397747,"path_taken":["M","M","M","?","M","R","E","R","T","M","M","E","?","E","R","BOSS","M","$","M","M","?"],"build_version":"2019-07-17","purchased_purges":0,"victory":false,"max_hp_per_floor":[80,80,80,80,80,80,80,80,80,80,80,80,80,80,80,80,80,80,80,80,80,80],"card_choices":[{"not_picked":["Power Through","Rupture","Body Slam"],"picked":"SKIP","floor":1.0},{"not_picked":["Twin Strike","Flex"],"picked":"Anger","floor":2.0},{"not_picked":["Flex","Clothesline","Disarm"],"picked":"SKIP","floor":3.0},{"not_picked":["Carnage","Hemokinesis","Flex"],"picked":"SKIP","floor":5.0},{"not_picked":["Clash","Reckless Charge"],"picked":"Impervious","floor":7.0},{"not_picked":["Anger","Intimidate","Dual Wield"],"picked":"SKIP","floor":10.0},{"not_picked":["Wild Strike","Rupture"],"picked":"Metallicize","floor":11.0},{"not_picked":["Thunderclap","Carnage","Flex"],"picked":"SKIP","floor":12.0},{"not_picked":["Whirlwind","True Grit"],"picked":"Armaments","floor":14.0},{"not_picked":["Immolate","Feed"],"picked":"Barricade","floor":16.0},{"not_picked":["Iron Wave","Warcry","Armaments"],"picked":"SKIP","floor":18.0},{"not_picked":["Body Slam","Headbutt","Iron Wave"],"picked":"SKIP","floor":20.0},{"not_picked":["Inflame","Barricade","Twin Strike"],"picked":"SKIP","floor":21}],"player_experience":240892,"relics_obtained":[{"floor":7.0,"key":"Pantograph"},{"floor":9.0,"key":"Shuriken"},{"floor":12.0,"key":"Nunchaku"},{"floor":14.0,"key":"Regal Pillow"}],"event_choices":[{"damage_healed":0.0,"max_hp_gain":0.0,"max_hp_loss":0.0,"gold_gain":0.0,"event_name":"Scrap Ooze","player_choice":"Success","floor":4.0,"gold_loss":0.0,"damage_taken":7.0,"relics_obtained":["Champion Belt"]},{"damage_healed":0.0,"max_hp_gain":0.0,"max_hp_loss":0.0,"gold_gain":0.0,"event_name":"Upgrade Shrine","player_choice":"Upgraded","floor":13.0,"gold_loss":0.0,"damage_taken":0.0,"cards_upgraded":["Defend_R"]}],"is_beta":false,"boss_relics":[{"not_picked":["Mark of Pain","Empty Cage"],"picked":"Black Star"}],"items_purged_floors":[],"is_endless":false,"potions_floor_spawned":[1,7,11,12,20],"killed_by":"Cultist and Chosen","ascension_level":2}