{"gold_per_floor":[119,48,223,148,167,193,193,143,143,178,194,194,194],"floor_reached":13,"playtime":427,"items_purged":["Doubt"],"score":100,"play_id":"4a2d3be5-3e70-44f1-b535-c18731123466","local_time":"20190913223824","is_ascension_mode":true,"campfire_choices":[{"floor":7,"key":"REST"}],"neow_cost":"NONE","seed_source_timestamp":125923114991000,"circlet_count":0,"master_deck":["Strike_B","Strike_B","Strike_B","Defend_B","Defend_B","Defend_B","Defend_B","Zap","Dualcast","BootSequence","FTL","Static Discharge","Streamline","Conserve Battery","Cold Snap+1"],"relics":["Cracked Core","Mercury Hourglass","Nunchaku","Molten Egg 2"],"potions_floor_usage":[10,13],"damage_taken":[{"damage":11,"enemies":"Jaw Worm","floor":1,"turns":4},{"damage":0,"enemies":"Small Slimes","floor":5,"turns":2},{"damage":63,"enemies":"Gremlin Nob","floor":6,"turns":6},{"damage":26,"enemies":"Lagavulin","floor":10,"turns":5},{"damage":0,"enemies":"2 Louse","floor":11,"turns":2},{"damage":0,"enemies":"Gremlin Nob","floor":13,"turns":2}],"seed_played":"-923008654016972429","potions_obtained":[{"floor":1,"key":"Swift Potion"},{"floor":6,"key":"FocusPotion"},{"floor":10,"key":"PowerPotion"}],"is_trial":false,"path_per_floor":["M","$","?","$","M","E","R","?","T","E","M","?","E"],"character_chosen":"DEFECT","items_purchased":["FTL"],"campfire_rested":1,"item_purchase_floors":[2],"current_hp_per_floor":[71,71,71,71,71,8,32,32,32,6,6,6,6],"gold":194,"neow_bonus":"TEN_PERCENT_HP_BONUS","is_prod":false,"is_daily":false,"chose_seed":false,"campfire_upgraded":0,"win_rate":0,"timestamp":1568407104,"path_taken":["M","$","?","$","M","E","R","?","T","E","M","?","E"],"build_version":"2019-07-17","purchased_purges":1,"victory":false,"max_hp_per_floor":[82,82,82,82,82,82,82,82,82,82,82,82,82],"card_choices":[{"not_picked":["Blizzard","Steam"],"picked":"BootSequence","floor":1},{"not_picked":["Leap","Compile Driver"],"picked":"Static Discharge","floor":5},{"not_picked":["Chaos","Coolheaded"],"picked":"Streamline","floor":6},{"not_picked":["Redo","Double Energy"],"picked":"Conserve Battery","floor":10},{"not_picked":["Hologram","Barrage+1"],"picked":"Cold Snap+1","floor":11}],"player_experience":102427,"relics_obtained":[{"floor":6,"key":"Mercury Hourglass"},{"floor":9,"key":"Nunchaku"},{"floor":10,"key":"Molten Egg 2"}],"event_choices":[{"damage_healed":0,"gold_gain":175,"player_choice":"AGREE","damage_taken":0,"max_hp_gain":0,"max_hp_loss":0,"event_name":"Liars Game","floor":3,"gold_loss":0,"cards_obtained":["Doubt"]},{"cards_removed":["Strike_B"],"damage_healed":0,"gold_gain":0,"player_choice":"Card Removal","damage_taken":0,"max_hp_gain":0,"max_hp_loss":0,"event_name":"The Cleric","floor":8,"gold_loss":50},{"damage_healed":0,"gold_gain":0,"player_choice":"Ignored","damage_taken":0,"max_hp_gain":0,"max_hp_loss":0,"event_name":"Shining Light","floor":12,"gold_loss":0}],"is_beta":false,"boss_relics":[],"items_purged_floors":[4],"is_endless":false,"potions_floor_spawned":[1,6,10],"killed_by":"Gremlin Nob","ascension_level":2}