{"gold_per_floor":[116,71,86,86,86,86,127,139,151,188,215,251,263],"floor_reached":13,"playtime":733,"items_purged":[],"score":138,"play_id":"7d2bc2a4-44bd-4afc-bdec-f6e1299d03d3","local_time":"20190629171047","is_ascension_mode":true,"campfire_choices":[{"data":"Neutralize","floor":6,"key":"SMITH"},{"data":"Acrobatics","floor":8,"key":"SMITH"}],"neow_cost":"NONE","seed_source_timestamp":375167917498050,"circlet_count":0,"master_deck":["Defend_G","Defend_G","Defend_G","Defend_G","Defend_G","Strike_G","Strike_G","Strike_G","Strike_G","Survivor","Neutralize+1","Acrobatics+1","Dodge and Roll","Calculated Gamble","Blur","Backflip"],"relics":["Ring of the Snake","NeowsBlessing","Golden Idol","MawBank","Tough Bandages"],"potions_floor_usage":[11,13,13],"damage_taken":[{"damage":0,"enemies":"2 Louse","floor":1,"turns":1},{"damage":0,"enemies":"Small Slimes","floor":3,"turns":1},{"damage":0,"enemies":"Gremlin Nob","floor":7,"turns":1},{"damage":0,"enemies":"Cultist","floor":10,"turns":5},{"damage":1,"enemies":"Lots of Slimes","floor":11,"turns":8},{"damage":18,"enemies":"Exordium Thugs","floor":12,"turns":11},{"damage":39,"enemies":"Lagavulin","floor":13,"turns":14}],"seed_played":"1361644217502955645","potions_obtained":[{"floor":3,"key":"SpeedPotion"},{"floor":7,"key":"EssenceOfSteel"},{"floor":12,"key":"SkillPotion"}],"is_trial":false,"path_per_floor":["M","$","M","?","?","R","E","R","T","M","M","M","E"],"character_chosen":"THE_SILENT","items_purchased":["Dodge and Roll"],"campfire_rested":0,"item_purchase_floors":[2],"current_hp_per_floor":[70,70,70,53,53,53,53,53,53,53,52,34,0],"gold":263,"neow_bonus":"THREE_ENEMY_KILL","is_prod":false,"is_daily":false,"chose_seed":false,"campfire_upgraded":2,"win_rate":0,"timestamp":1561853447,"path_taken":["M","$","M","?","?","R","E","R","T","?","M","M","E"],"build_version":"2019-01-23","purchased_purges":0,"victory":false,"max_hp_per_floor":[70,70,70,70,70,70,70,70,70,70,70,70,70],"card_choices":[{"not_picked":["Bane","Concentrate"],"picked":"Acrobatics","floor":1},{"not_picked":["Accuracy","Catalyst"],"picked":"Calculated Gamble","floor":3},{"not_picked":["Slice","Dagger Throw","Tactician"],"picked":"SKIP","floor":7},{"not_picked":["Setup","Distraction"],"picked":"Blur","floor":10},{"not_picked":["Underhanded Strike","Flying Knee"],"picked":"Backflip","floor":11},{"not_picked":["Underhanded Strike","Flying Knee","Distraction"],"picked":"SKIP","floor":12}],"player_experience":90142,"relics_obtained":[{"floor":7,"key":"MawBank"},{"floor":9,"key":"Tough Bandages"}],"event_choices":[{"damage_healed":0,"gold_gain":0,"player_choice":"Take Damage","damage_taken":17,"relics_obtained":["Golden Idol"],"max_hp_gain":0,"max_hp_loss":0,"event_name":"Golden Idol","floor":4,"gold_loss":0},{"cards_removed":["Strike_G"],"damage_healed":0,"gold_gain":0,"player_choice":"Offered Basic","damage_taken":0,"max_hp_gain":0,"max_hp_loss":0,"event_name":"Bonfire Elementals","floor":5,"gold_loss":0}],"is_beta":false,"boss_relics":[],"items_purged_floors":[],"is_endless":false,"potions_floor_spawned":[3,7,12],"killed_by":"Lagavulin","ascension_level":5}