{"gold_per_floor":[114,114,289,0,14,49,49,83,83,83,93,111,111,123,123,226,226,166,166,37,55,73,73,128,128,152,169,185,236,248,259,259,259],"floor_reached":33,"playtime":1791,"items_purged":["Doubt"],"score":413,"play_id":"b956cdf9-7f90-4f30-a833-d97d7b8d77cf","local_time":"20190727204409","is_ascension_mode":true,"campfire_choices":[{"floor":7.0,"key":"REST"},{"floor":10.0,"key":"REST"},{"data":"Noxious Fumes","floor":13.0,"key":"SMITH"},{"data":"Wraith Form v2","floor":15.0,"key":"SMITH"},{"floor":23.0,"key":"REST"},{"floor":25.0,"key":"REST"},{"floor":32.0,"key":"REST"}],"neow_cost":"NONE","seed_source_timestamp":1131875114555920,"circlet_count":0,"master_deck":["Defend_G","Defend_G","Defend_G","Defend_G","Defend_G","Survivor","Neutralize+1","Noxious Fumes+1","PiercingWail","Caltrops","Deadly Poison","Escape Plan","Wraith Form v2+1","Dodge and Roll","Deadly Poison","Bite","Bite","Bite","Bite","Bite","Acrobatics","Adrenaline","Catalyst","Blur"],"special_seed":0,"relics":["White Beast Statue","Ice Cream","Pantograph","Juzu Bracelet","Tiny Chest","Bag of Marbles","Bronze Scales"],"potions_floor_usage":[],"damage_taken":[{"damage":2.0,"enemies":"2 Louse","floor":1.0,"turns":4.0},{"damage":8.0,"enemies":"Jaw Worm","floor":5.0,"turns":4.0},{"damage":22.0,"enemies":"Lagavulin","floor":6.0,"turns":9.0},{"damage":24.0,"enemies":"3 Sentries","floor":8.0,"turns":9.0},{"damage":0.0,"enemies":"Small Slimes","floor":11.0,"turns":3.0},{"damage":6.0,"enemies":"3 Louse","floor":12.0,"turns":3.0},{"damage":0.0,"enemies":"Looter","floor":14.0,"turns":4.0},{"damage":3.0,"enemies":"The Guardian","floor":16.0,"turns":10.0},{"damage":18.0,"enemies":"2 Thieves","floor":18.0,"turns":4.0},{"damage":11.0,"enemies":"Shell Parasite","floor":21.0,"turns":7.0},{"damage":17.0,"enemies":"Snake Plant","floor":22.0,"turns":6.0},{"damage":50.0,"enemies":"Slavers","floor":24.0,"turns":7.0},{"damage":16.0,"enemies":"Centurion and Healer","floor":27.0,"turns":8.0},{"damage":33.0,"enemies":"3 Cultists","floor":28.0,"turns":7.0},{"damage":10.0,"enemies":"Chosen and Byrds","floor":30.0,"turns":7.0},{"damage":28.0,"enemies":"Cultist and Chosen","floor":31.0,"turns":8.0},{"damage":0,"enemies":"Champ","floor":33,"turns":1}],"seed_played":"6292040092886226523","potions_obtained":[{"floor":1.0,"key":"Strength Potion"},{"floor":5.0,"key":"GamblersBrew"},{"floor":6.0,"key":"SteroidPotion"},{"floor":8.0,"key":"Poison Potion"},{"floor":11.0,"key":"SneckoOil"},{"floor":12.0,"key":"Block Potion"},{"floor":14.0,"key":"Swift Potion"},{"floor":16.0,"key":"Ancient Potion"},{"floor":18.0,"key":"Dexterity Potion"},{"floor":21.0,"key":"AttackPotion"},{"floor":22.0,"key":"SpeedPotion"},{"floor":24.0,"key":"Weak Potion"},{"floor":27.0,"key":"Block Potion"},{"floor":28.0,"key":"Ancient Potion"},{"floor":30.0,"key":"SmokeBomb"},{"floor":31.0,"key":"Ancient Potion"}],"is_trial":false,"path_per_floor":["M","?","?","$","M","E","R","E","T","R","M","M","R","M","R","B",null,"M","?","$","M","M","R","E","R","T","M","M","T","M","M","R","B"],"character_chosen":"THE_SILENT","items_purchased":["Ice Cream","Acrobatics"],"campfire_rested":5,"item_purchase_floors":[4,20],"current_hp_per_floor":[61,61,61,61,53,31,52,28,28,49,51,47,47,49,49,67,69,52,52,52,47,38,59,19,40,40,40,19,19,25,13,34,59],"gold":259,"neow_bonus":"BOSS_RELIC","is_prod":false,"is_daily":false,"chose_seed":false,"campfire_upgraded":2,"win_rate":0,"timestamp":1564285449,"path_taken":["M","?","?","$","M","E","R","E","T","R","M","M","R","M","R","BOSS","M","?","$","M","M","R","E","R","T","M","M","?","M","M","R","BOSS"],"build_version":"2019-07-17","purchased_purges":1,"victory":false,"max_hp_per_floor":[70,70,70,70,70,70,70,70,70,70,70,70,70,70,70,70,70,70,70,70,70,70,70,70,70,70,70,70,70,70,70,70,70],"card_choices":[{"not_picked":["Well Laid Plans","Endless Agony"],"picked":"Noxious Fumes","floor":1.0},{"not_picked":["Deflect","Dagger Spray"],"picked":"PiercingWail","floor":5.0},{"not_picked":["Outmaneuver","Accuracy"],"picked":"Caltrops","floor":6.0},{"not_picked":["Riddle With Holes","Infinite Blades"],"picked":"Deadly Poison","floor":8.0},{"not_picked":["Reflex","Infinite Blades"],"picked":"Escape Plan","floor":11.0},{"not_picked":["Underhanded Strike","Dodge and Roll"],"picked":"Wraith Form v2","floor":12.0},{"not_picked":["PiercingWail","Quick Slash"],"picked":"Dodge and Roll","floor":14.0},{"not_picked":["Bane","Calculated Gamble"],"picked":"Deadly Poison","floor":18.0},{"not_picked":["Underhanded Strike","Skewer+1","PiercingWail"],"picked":"SKIP","floor":21.0},{"not_picked":["Dagger Throw","Prepared","Riddle With Holes"],"picked":"SKIP","floor":22.0},{"not_picked":["Sucker Punch+1","Concentrate"],"picked":"Adrenaline","floor":24.0},{"not_picked":["Underhanded Strike","Poisoned Stab+1","Slice"],"picked":"SKIP","floor":27.0},{"not_picked":["Underhanded Strike","Acrobatics","Accuracy"],"picked":"SKIP","floor":28.0},{"not_picked":["Dagger Throw","Quick Slash"],"picked":"Catalyst","floor":30.0},{"not_picked":["Underhanded Strike","Terror"],"picked":"Blur","floor":31.0}],"player_experience":118000,"relics_obtained":[{"floor":6.0,"key":"Pantograph"},{"floor":8.0,"key":"Juzu Bracelet"},{"floor":9.0,"key":"Blood Vial"},{"floor":24.0,"key":"Tiny Chest"},{"floor":26.0,"key":"Bag of Marbles"},{"floor":29.0,"key":"Bronze Scales"}],"event_choices":[{"damage_healed":0.0,"max_hp_gain":0.0,"max_hp_loss":0.0,"gold_gain":0.0,"event_name":"Living Wall","player_choice":"Grow","floor":2.0,"gold_loss":0.0,"damage_taken":0.0,"cards_upgraded":["Neutralize"]},{"damage_healed":0.0,"max_hp_gain":0.0,"max_hp_loss":0.0,"gold_gain":175.0,"event_name":"Liars Game","player_choice":"AGREE","floor":3.0,"gold_loss":0.0,"damage_taken":0.0,"cards_obtained":["Doubt"]},{"damage_healed":0.0,"max_hp_gain":0.0,"max_hp_loss":0.0,"gold_gain":0.0,"event_name":"Vampires","player_choice":"Became a vampire (Vial)","floor":19.0,"relics_lost":["Blood Vial"],"gold_loss":0.0,"damage_taken":0.0,"cards_obtained":["Bite","Bite","Bite","Bite","Bite"]}],"is_beta":false,"boss_relics":[{"not_picked":["Runic Pyramid","HoveringKite","Sozu"]}],"items_purged_floors":[20],"is_endless":false,"potions_floor_spawned":[1,5,6,8,11,12,14,16,18,21,22,24,27,28,30,31],"killed_by":"Champ","ascension_level":8}