{"gold_per_floor":[12,12,29,29,29,64,64,78,128,403,403,428,603,36,36,36],"floor_reached":16,"playtime":331,"items_purged":[],"score":103,"play_id":"77a7df80-309c-4de9-b819-734a6432ffd4","local_time":"20191016115634","is_ascension_mode":true,"campfire_choices":[{"floor":7,"key":"REST"},{"data":"Hologram","floor":11,"key":"SMITH"},{"data":"Echo Form","floor":15,"key":"SMITH"}],"neow_cost":"NO_GOLD","seed_source_timestamp":2637055701339310,"circlet_count":0,"master_deck":["Strike_B","Strike_B","Strike_B","Strike_B","Defend_B","Defend_B","Defend_B","Zap","Dualcast","Hologram+1","Skim","Steam Power","Go for the Eyes","Regret","Rebound","Doubt","Echo Form+1","Go for the Eyes"],"relics":["Cracked Core","Turnip","Golden Idol","TungstenRod","Matryoshka","PrismaticShard"],"potions_floor_usage":[6],"damage_taken":[{"damage":0,"enemies":"Small Slimes","floor":1,"turns":2},{"damage":1,"enemies":"Cultist","floor":3,"turns":3},{"damage":39,"enemies":"Lagavulin","floor":6,"turns":6},{"damage":1,"enemies":"2 Louse","floor":8,"turns":2},{"damage":7,"enemies":"2 Fungi Beasts","floor":12,"turns":3},{"damage":36,"enemies":"The Guardian","floor":16,"turns":4}],"seed_played":"1470919843813157066","potions_obtained":[{"floor":1,"key":"PowerPotion"}],"is_trial":false,"path_per_floor":["M","?","M","$","?","E","R","M","T","?","R","M","?","$","R","B"],"character_chosen":"DEFECT","items_purchased":["Echo Form","Matryoshka","Go for the Eyes","PrismaticShard"],"campfire_rested":1,"item_purchase_floors":[14,14,14,14],"current_hp_per_floor":[75,75,74,74,56,17,39,38,38,38,38,31,31,31,31,0],"gold":36,"neow_bonus":"ONE_RARE_RELIC","is_prod":false,"is_daily":false,"chose_seed":false,"campfire_upgraded":2,"win_rate":0,"timestamp":1571223394,"path_taken":["M","?","M","?","?","E","R","M","T","?","R","?","?","$","R","BOSS"],"build_version":"2019-09-09v2","purchased_purges":0,"victory":false,"max_hp_per_floor":[75,75,75,75,75,75,75,75,75,75,75,75,75,75,75,75],"card_choices":[{"not_picked":["Lockon","Redo"],"picked":"Hologram","floor":1},{"not_picked":["Tempest","Rip and Tear"],"picked":"Skim","floor":3},{"not_picked":["Beam Cell","Cold Snap"],"picked":"Steam Power","floor":6},{"not_picked":["Static Discharge","Genetic Algorithm"],"picked":"Go for the Eyes","floor":8},{"not_picked":["Hello World","Beam Cell"],"picked":"Rebound","floor":12}],"player_experience":238630,"relics_obtained":[{"floor":6,"key":"TungstenRod"}],"event_choices":[{"cards_removed":["Defend_B"],"damage_healed":0,"gold_gain":0,"player_choice":"Purged","damage_taken":0,"max_hp_gain":0,"max_hp_loss":0,"event_name":"Purifier","floor":2,"gold_loss":0},{"damage_healed":0,"gold_gain":0,"player_choice":"Take Damage","damage_taken":18,"relics_obtained":["Golden Idol"],"max_hp_gain":0,"max_hp_loss":0,"event_name":"Golden Idol","floor":5,"gold_loss":0},{"damage_healed":0,"gold_gain":275,"player_choice":"Desecrate","damage_taken":0,"max_hp_gain":0,"max_hp_loss":0,"event_name":"Golden Shrine","floor":10,"gold_loss":0,"cards_obtained":["Regret"]},{"damage_healed":0,"gold_gain":175,"player_choice":"AGREE","damage_taken":0,"max_hp_gain":0,"max_hp_loss":0,"event_name":"Liars Game","floor":13,"gold_loss":0,"cards_obtained":["Doubt"]}],"is_beta":true,"boss_relics":[],"items_purged_floors":[],"is_endless":false,"potions_floor_spawned":[1],"killed_by":"The Guardian","ascension_level":1}