{"gold_per_floor":[115,142,158,171,189,189,201,226,249,249,276,276,296,315,315,418,418,387,406,18,37,50,50,109,24,24,24,58,58,84,84,84,184,184,196,215,215,94,4,39,0,19,19,37,54,54,82,82,82,82],"floor_reached":51,"playtime":4236,"items_purged":[],"score":1283,"play_id":"091413e5-55c0-40f1-868d-483edbb12ff0","local_time":"20191013010208","is_ascension_mode":true,"campfire_choices":[{"floor":6,"key":"REST"},{"data":"Evolve","floor":10,"key":"SMITH"},{"data":"Metallicize","floor":12,"key":"SMITH"},{"data":"Warcry","floor":15,"key":"SMITH"},{"data":"Warcry","floor":23,"key":"SMITH"},{"data":"Metallicize","floor":29,"key":"SMITH"},{"data":"Exhume","floor":32,"key":"SMITH"},{"data":"Disarm","floor":46,"key":"SMITH"},{"data":"Demon Form","floor":49,"key":"SMITH"}],"neow_cost":"PERCENT_DAMAGE","seed_source_timestamp":171109335059200,"circlet_count":0,"master_deck":["AscendersBane","Strike_R+1","Strike_R","Strike_R","Strike_R","Defend_R","Defend_R+1","Defend_R","Defend_R+1","Bash","Body Slam+1","Metallicize+1","Evolve+1","Power Through","Seeing Red+1","Power Through","Warcry+1","Warcry+1","Exhume+1","Inflame+1","Metallicize+1","Sever Soul","Impervious","Intimidate","Shrug It Off","Shrug It Off","Power Through","Armaments+1","Metallicize+1","Demon Form+1","Disarm+1","Feel No Pain+1","Demon Form+1","Reckless Charge"],"relics":["Burning Blood","Charon\u0027s Ashes","Blood Vial","War Paint","Whetstone","Magic Flower","Mark of Pain","Mummified Hand","Tiny Chest","Ornamental Fan","Mango","MutagenicStrength","Art of War","Lantern","Runic Cube","Frozen Egg 2","Juzu Bracelet","Red Mask","Bag of Marbles","Omamori","Mercury Hourglass"],"potions_floor_usage":[5,8,11,28,33,33,50,50],"damage_taken":[{"damage":1,"enemies":"Cultist","floor":1,"turns":4},{"damage":4,"enemies":"Small Slimes","floor":3,"turns":3},{"damage":0,"enemies":"2 Louse","floor":4,"turns":3},{"damage":45,"enemies":"Exordium Thugs","floor":5,"turns":7},{"damage":6,"enemies":"2 Fungi Beasts","floor":7,"turns":4},{"damage":19,"enemies":"3 Sentries","floor":8,"turns":6},{"damage":16,"enemies":"Gremlin Nob","floor":11,"turns":3},{"damage":4,"enemies":"Red Slaver","floor":13,"turns":5},{"damage":4,"enemies":"Blue Slaver","floor":14,"turns":4},{"damage":36,"enemies":"The Guardian","floor":16,"turns":17},{"damage":8,"enemies":"2 Thieves","floor":18,"turns":5},{"damage":0,"enemies":"Chosen","floor":19,"turns":4},{"damage":11,"enemies":"Snake Plant","floor":21,"turns":5},{"damage":9,"enemies":"Centurion and Healer","floor":22,"turns":6},{"damage":0,"enemies":"Gremlin Leader","floor":24,"turns":5},{"damage":0,"enemies":"Book of Stabbing","floor":28,"turns":5},{"damage":4,"enemies":"Slavers","floor":30,"turns":7},{"damage":30,"enemies":"Collector","floor":33,"turns":12},{"damage":0,"enemies":"3 Darklings","floor":35,"turns":8},{"damage":0,"enemies":"3 Shapes","floor":36,"turns":8},{"damage":8,"enemies":"Nemesis","floor":40,"turns":9},{"damage":2,"enemies":"Spire Growth","floor":42,"turns":5},{"damage":9,"enemies":"Jaw Worm Horde","floor":44,"turns":6},{"damage":0,"enemies":"Sphere and 2 Shapes","floor":45,"turns":6},{"damage":12,"enemies":"Giant Head","floor":47,"turns":8},{"damage":31,"enemies":"Donu and Deca","floor":50,"turns":8}],"seed_played":"8420533652320931928","potions_obtained":[{"floor":3,"key":"Fire Potion"},{"floor":5,"key":"Regen Potion"},{"floor":8,"key":"SteroidPotion"},{"floor":14,"key":"Energy Potion"},{"floor":19,"key":"LiquidBronze"},{"floor":28,"key":"Swift Potion"},{"floor":33,"key":"Explosive Potion"},{"floor":42,"key":"Regen Potion"},{"floor":44,"key":"Regen Potion"},{"floor":45,"key":"Dexterity Potion"}],"is_trial":false,"path_per_floor":["M","T","M","M","M","R","M","E","T","R","E","R","M","M","R","B",null,"M","M","$","M","M","R","E","?","T","?","E","R","E","?","R","B",null,"M","M","T","$","?","E","?","M","T","M","M","R","E","T","R","B",null],"character_chosen":"IRONCLAD","items_purchased":["Mummified Hand","Sever Soul","Impervious","Disarm","Feel No Pain+1"],"campfire_rested":1,"item_purchase_floors":[20,20,20,38,38],"current_hp_per_floor":[56,56,60,68,31,55,57,61,61,61,53,53,61,69,69,45,71,75,80,80,78,80,80,80,80,94,94,94,94,94,94,94,73,89,94,94,94,94,94,94,94,94,94,94,94,94,91,91,91,94],"gold":82,"neow_bonus":"ONE_RARE_RELIC","is_prod":false,"is_daily":false,"chose_seed":false,"campfire_upgraded":8,"win_rate":0,"timestamp":1570921328,"path_taken":["M","?","M","M","M","R","M","E","T","R","E","R","M","?","R","BOSS","M","M","$","M","M","R","E","?","T","?","E","R","E","?","R","BOSS","M","M","?","$","?","E","?","M","T","M","M","R","E","?","R","BOSS"],"build_version":"2019-07-17","purchased_purges":0,"victory":true,"max_hp_per_floor":[80,80,80,80,80,80,80,80,80,80,80,80,80,80,80,80,80,80,80,80,80,80,80,80,80,94,94,94,94,94,94,94,94,94,94,94,94,94,94,94,94,94,94,94,94,94,94,94,94,94],"card_choices":[{"not_picked":["Sword Boomerang","Wild Strike"],"picked":"Body Slam","floor":1},{"not_picked":["Iron Wave","Clothesline"],"picked":"Metallicize","floor":3},{"not_picked":["Shockwave","Heavy Blade"],"picked":"Evolve","floor":4},{"not_picked":["Shrug It Off","Clothesline"],"picked":"Power Through","floor":5},{"not_picked":["Perfected Strike","Thunderclap"],"picked":"Seeing Red","floor":7},{"not_picked":["Heavy Blade","Perfected Strike","Searing Blow"],"picked":"SKIP","floor":8},{"not_picked":["Hemokinesis","Twin Strike"],"picked":"Power Through","floor":11},{"not_picked":["Iron Wave","Entrench"],"picked":"Warcry","floor":13},{"not_picked":["Burning Pact","Anger"],"picked":"Warcry","floor":14},{"not_picked":["Berserk","Limit Break"],"picked":"Exhume","floor":16},{"not_picked":["Shrug It Off+1","Burning Pact"],"picked":"Inflame+1","floor":18},{"not_picked":["True Grit","Wild Strike"],"picked":"Metallicize","floor":19},{"not_picked":["Pummel","Twin Strike"],"picked":"Intimidate","floor":21},{"not_picked":["Pommel Strike","Sentinel"],"picked":"Shrug It Off","floor":22},{"not_picked":["Sword Boomerang","Berserk"],"picked":"Shrug It Off","floor":24},{"not_picked":["Headbutt","Havoc+1"],"picked":"Power Through","floor":28},{"not_picked":["Sentinel+1","Clash"],"picked":"Armaments+1","floor":30},{"not_picked":["Limit Break","Reaper"],"picked":"Demon Form","floor":33},{"not_picked":["Bloodletting","Clash+1","True Grit"],"picked":"SKIP","floor":35},{"not_picked":["Spot Weakness","Corruption","True Grit+1"],"picked":"SKIP","floor":36},{"not_picked":["Iron Wave","Wild Strike"],"picked":"Demon Form+1","floor":40},{"not_picked":["Whirlwind","Heavy Blade","Iron Wave"],"picked":"SKIP","floor":42},{"not_picked":["Thunderclap","Dual Wield"],"picked":"Reckless Charge","floor":44},{"not_picked":["Blood for Blood","Ghostly Armor","Fire Breathing+1"],"picked":"SKIP","floor":45},{"not_picked":["Infernal Blade","Flex","Bloodletting"],"picked":"SKIP","floor":47}],"player_experience":342837,"relics_obtained":[{"floor":2,"key":"Blood Vial"},{"floor":8,"key":"War Paint"},{"floor":9,"key":"Whetstone"},{"floor":11,"key":"Magic Flower"},{"floor":24,"key":"Tiny Chest"},{"floor":26,"key":"Mango"},{"floor":28,"key":"Art of War"},{"floor":30,"key":"Lantern"},{"floor":37,"key":"Frozen Egg 2"},{"floor":40,"key":"Juzu Bracelet"},{"floor":43,"key":"Bag of Marbles"},{"floor":47,"key":"Omamori"},{"floor":48,"key":"Mercury Hourglass"}],"event_choices":[{"damage_healed":0,"gold_gain":0,"player_choice":"Obtained Relic","damage_taken":0,"relics_obtained":["Ornamental Fan"],"max_hp_gain":0,"max_hp_loss":0,"event_name":"Addict","floor":25,"gold_loss":85},{"damage_healed":0,"gold_gain":0,"player_choice":"Inject Mutagens","damage_taken":0,"relics_obtained":["MutagenicStrength"],"max_hp_gain":0,"max_hp_loss":0,"event_name":"Drug Dealer","floor":27,"gold_loss":0},{"damage_healed":0,"gold_gain":0,"player_choice":"Copied","damage_taken":0,"max_hp_gain":0,"max_hp_loss":0,"event_name":"Duplicator","floor":31,"gold_loss":0,"cards_obtained":["Metallicize"]},{"cards_removed":["Strike_R"],"damage_healed":0,"gold_gain":0,"player_choice":"Upgrade and Remove","damage_taken":0,"max_hp_gain":0,"max_hp_loss":0,"event_name":"Designer","floor":39,"gold_loss":90,"cards_upgraded":["Seeing Red"]},{"damage_healed":0,"gold_gain":0,"player_choice":"Paid","damage_taken":0,"relics_obtained":["Red Mask"],"max_hp_gain":0,"max_hp_loss":0,"event_name":"Tomb of Lord Red Mask","floor":41,"gold_loss":39}],"is_beta":false,"boss_relics":[{"not_picked":["Cursed Key","Orrery"],"picked":"Mark of Pain"},{"not_picked":["White Beast Statue","Lizard Tail"],"picked":"Runic Cube"}],"items_purged_floors":[],"is_endless":false,"potions_floor_spawned":[3,5,8,14,19,24,28,33,42,44,45],"ascension_level":12}