{"gold_per_floor":[366,331,331,23,38,63,138,138,189,202,45,45,0,34,34,108,108,119,34,34,46,46,46,57,86,86,86,100,132,149,149,149,221,221,232,246,196,209,228,228,261,55,79,79,94,0,100,134,134,134,134],"floor_reached":52,"playtime":2106,"items_purged":[],"score":1987,"play_id":"cbe1004a-6408-4f60-884f-2058894c1ad6","local_time":"20191001114601","is_ascension_mode":true,"campfire_choices":[{"data":"Spot Weakness","floor":8.0,"key":"SMITH"},{"data":"True Grit","floor":12.0,"key":"SMITH"},{"data":"Limit Break","floor":15.0,"key":"SMITH"},{"floor":23.0,"key":"REST"},{"floor":27.0,"key":"REST"},{"floor":32.0,"key":"REST"},{"data":"Limit Break","floor":40,"key":"SMITH"},{"data":"Metallicize","floor":44,"key":"SMITH"},{"data":"Strike_R","floor":49,"key":"PURGE"}],"neow_cost":"PERCENT_DAMAGE","seed_source_timestamp":1249368920500600,"circlet_count":0,"master_deck":["AscendersBane","Strike_R+1","Strike_R","Strike_R","Defend_R","Defend_R","Defend_R","Defend_R","Bash+1","Spot Weakness+1","Feed","Metallicize+1","Pommel Strike","Sword Boomerang","True Grit+1","Limit Break+1","Fire Breathing","Impervious","Reaper","True Grit","Immolate","Heavy Blade+1","Spot Weakness","Demon Form+1","Limit Break+1","Evolve+1","Shockwave+1","Apotheosis","Demon Form+1","Power Through"],"special_seed":0,"relics":["Burning Blood","Bird Faced Urn","Toy Ornithopter","Meat on the Bone","Snecko Eye","Dodecahedron","Pear","Frozen Egg 2","Question Card","Mark of Pain","Letter Opener","Blood Vial","Red Mask","Peace Pipe","Oddly Smooth Stone"],"potions_floor_usage":[39,41,51],"damage_taken":[{"damage":4.0,"enemies":"Jaw Worm","floor":1.0,"turns":5.0},{"damage":6.0,"enemies":"2 Louse","floor":5.0,"turns":4.0},{"damage":48.0,"enemies":"Gremlin Nob","floor":6.0,"turns":5.0},{"damage":7.0,"enemies":"Small Slimes","floor":10.0,"turns":3.0},{"damage":4.0,"enemies":"Looter","floor":13.0,"turns":5.0},{"damage":14.0,"enemies":"3 Sentries","floor":14.0,"turns":6.0},{"damage":39.0,"enemies":"Hexaghost","floor":16.0,"turns":11.0},{"damage":47.0,"enemies":"Shell Parasite","floor":18.0,"turns":5.0},{"damage":68.0,"enemies":"3 Byrds","floor":21.0,"turns":7.0},{"damage":33.0,"enemies":"Snake Plant","floor":24.0,"turns":5.0},{"damage":64.0,"enemies":"Slavers","floor":25.0,"turns":6.0},{"damage":66.0,"enemies":"Shelled Parasite and Fungi","floor":28.0,"turns":6.0},{"damage":37.0,"enemies":"Book of Stabbing","floor":29.0,"turns":5.0},{"damage":44.0,"enemies":"Cultist and Chosen","floor":30.0,"turns":7.0},{"damage":35.0,"enemies":"Champ","floor":33.0,"turns":15.0},{"damage":12,"enemies":"Orb Walker","floor":35,"turns":3},{"damage":41,"enemies":"3 Darklings","floor":36,"turns":5},{"damage":101,"enemies":"Sphere and 2 Shapes","floor":38,"turns":9},{"damage":6,"enemies":"Transient","floor":39,"turns":6},{"damage":96,"enemies":"Giant Head","floor":41,"turns":7},{"damage":39,"enemies":"3 Darklings","floor":45,"turns":4},{"damage":58,"enemies":"Mind Bloom Boss Battle","floor":47,"turns":5},{"damage":64,"enemies":"Nemesis","floor":48,"turns":7},{"damage":50,"enemies":"Time Eater","floor":50,"turns":6},{"damage":55,"enemies":"Donu and Deca","floor":51,"turns":6}],"seed_played":"7145407691684797552","potions_obtained":[{"floor":6.0,"key":"FairyPotion"},{"floor":16.0,"key":"SteroidPotion"},{"floor":24.0,"key":"FearPotion"},{"floor":28.0,"key":"AttackPotion"},{"floor":29.0,"key":"HeartOfIron"},{"floor":30.0,"key":"BloodPotion"},{"floor":31.0,"key":"Dexterity Potion"},{"floor":33.0,"key":"Fruit Juice"},{"floor":35,"key":"Strength Potion"},{"floor":39,"key":"Swift Potion"},{"floor":47,"key":"Swift Potion"}],"is_trial":false,"path_per_floor":["M","?","?","$","M","E","?","R","T","M","$","R","M","E","R","B",null,"M","?","?","M","$","R","M","E","T","R","M","E","M","?","R","B",null,"M","M","?","M","M","R","E","$","T","R","M","?","?","E","R","B","B",null],"character_chosen":"IRONCLAD","items_purchased":["Feed","Metallicize","Block Potion","Limit Break","Apotheosis"],"campfire_rested":3,"item_purchase_floors":[4,4,4,11,42],"current_hp_per_floor":[52,70,63,63,66,24,13,13,13,17,17,17,21,17,17,24,67,60,60,60,43,43,69,61,32,32,62,39,29,27,27,58,114,114,113,117,117,83,113,113,101,101,101,101,123,123,123,119,119,123,107],"gold":134,"neow_bonus":"TWO_FIFTY_GOLD","is_prod":false,"is_daily":false,"chose_seed":false,"campfire_upgraded":5,"win_rate":0,"timestamp":1569955561,"path_taken":["M","?","?","$","M","E","?","R","T","M","$","R","M","E","R","BOSS","M","?","?","M","$","R","M","E","T","R","M","E","M","?","R","BOSS","M","M","?","?","M","R","E","$","T","R","M","?","?","E","R","BOSS","BOSS"],"build_version":"2019-09-27","purchased_purges":0,"victory":true,"max_hp_per_floor":[75,75,75,75,78,78,78,78,78,81,81,81,81,81,81,81,81,84,84,84,87,87,87,90,100,100,100,103,103,106,106,106,114,114,117,120,120,120,120,120,123,123,123,123,123,123,123,123,123,123,127],"card_choices":[{"not_picked":["Heavy Blade","Rampage"],"picked":"Spot Weakness","floor":1.0},{"not_picked":["Corruption","True Grit"],"picked":"Pommel Strike","floor":5.0},{"not_picked":["Cleave","Armaments"],"picked":"Sword Boomerang","floor":6.0},{"not_picked":["Thunderclap","Clash"],"picked":"True Grit","floor":10.0},{"not_picked":["Clash","Body Slam"],"picked":"Fire Breathing","floor":13.0},{"not_picked":["Pommel Strike","Combust"],"picked":"Impervious","floor":14.0},{"not_picked":["Limit Break","Double Tap"],"picked":"Reaper","floor":16.0},{"not_picked":["Wild Strike","Flex","Perfected Strike"],"picked":"SKIP","floor":18.0},{"not_picked":["Body Slam+1","Perfected Strike","Clothesline"],"picked":"SKIP","floor":21.0},{"not_picked":["Thunderclap","Searing Blow"],"picked":"True Grit","floor":24.0},{"not_picked":["Twin Strike","Havoc"],"picked":"Immolate","floor":25.0},{"not_picked":["Combust+1","True Grit","Clash"],"picked":"SKIP","floor":28.0},{"not_picked":["Havoc","Dark Embrace+1"],"picked":"Heavy Blade+1","floor":29.0},{"not_picked":["Havoc","Wild Strike","Ghostly Armor+1"],"picked":"Spot Weakness","floor":30.0},{"not_picked":["Barricade+1","Offering","Immolate"],"picked":"Demon Form+1","floor":33.0},{"not_picked":["Sever Soul","Rampage","Burning Pact","Wild Strike"],"picked":"SKIP","floor":35},{"not_picked":["Sever Soul","Rampage","Burning Pact","Wild Strike"],"picked":"SKIP","floor":35},{"not_picked":["Perfected Strike+1","Shrug It Off+1","Flex"],"picked":"Limit Break","floor":36},{"not_picked":["Burning Pact","Sever Soul","Thunderclap","Anger+1"],"picked":"SKIP","floor":38},{"not_picked":["Wild Strike","True Grit","Heavy Blade"],"picked":"Evolve+1","floor":39},{"not_picked":["Metallicize+1","Dropkick","Pommel Strike"],"picked":"Shockwave+1","floor":41},{"not_picked":["Second Wind+1","Shrug It Off","Perfected Strike","Carnage"],"picked":"SKIP","floor":45},{"not_picked":["Heavy Blade","Dropkick","Body Slam+1"],"picked":"Demon Form+1","floor":47},{"not_picked":["Carnage","Pummel+1","Perfected Strike"],"picked":"Power Through","floor":48}],"player_experience":1178759,"relics_obtained":[{"floor":6.0,"key":"Bird Faced Urn"},{"floor":9.0,"key":"Toy Ornithopter"},{"floor":14.0,"key":"Meat on the Bone"},{"floor":25.0,"key":"Pear"},{"floor":26.0,"key":"Frozen Egg 2"},{"floor":29.0,"key":"Question Card"},{"floor":41,"key":"Letter Opener"},{"floor":43,"key":"Blood Vial"},{"floor":47,"key":"Peace Pipe"},{"floor":48,"key":"Oddly Smooth Stone"}],"event_choices":[{"damage_healed":18.0,"max_hp_gain":0.0,"max_hp_loss":0.0,"gold_gain":0.0,"event_name":"The Cleric","player_choice":"Healed","floor":2.0,"gold_loss":35.0,"damage_taken":0.0},{"cards_removed":["Strike_R"],"damage_healed":0.0,"max_hp_gain":0.0,"max_hp_loss":0.0,"gold_gain":0.0,"event_name":"Golden Wing","player_choice":"Card Removal","floor":3.0,"gold_loss":0.0,"damage_taken":7.0},{"damage_healed":0.0,"max_hp_gain":0.0,"max_hp_loss":0.0,"gold_gain":75.0,"event_name":"World of Goop","player_choice":"Gather Gold","floor":7.0,"gold_loss":0.0,"damage_taken":11.0},{"damage_healed":0.0,"max_hp_gain":0.0,"max_hp_loss":0.0,"gold_gain":0.0,"event_name":"Addict","player_choice":"Obtained Relic","floor":19.0,"gold_loss":85.0,"damage_taken":0.0,"relics_obtained":["Dodecahedron"]},{"damage_healed":0.0,"max_hp_gain":0.0,"max_hp_loss":0.0,"gold_gain":0.0,"event_name":"Ghosts","player_choice":"Ignored","floor":20.0,"gold_loss":0.0,"damage_taken":0.0},{"damage_healed":0.0,"max_hp_gain":0.0,"max_hp_loss":0.0,"gold_gain":0.0,"event_name":"Lab","player_choice":"Got Potions","floor":31.0,"gold_loss":0.0,"damage_taken":0.0},{"damage_healed":0,"gold_gain":0,"player_choice":"Upgraded Two","damage_taken":0,"max_hp_gain":0,"max_hp_loss":0,"event_name":"Designer","floor":37,"gold_loss":50,"cards_upgraded":["Bash","Strike_R"]},{"damage_healed":0,"gold_gain":0,"player_choice":"Paid","damage_taken":0,"relics_obtained":["Red Mask"],"max_hp_gain":0,"max_hp_loss":0,"event_name":"Tomb of Lord Red Mask","floor":46,"gold_loss":94},{"damage_healed":0,"gold_gain":0,"player_choice":"Fight","damage_taken":0,"max_hp_gain":0,"max_hp_loss":0,"event_name":"MindBloom","floor":47,"gold_loss":0}],"is_beta":true,"boss_relics":[{"not_picked":["Tiny House","Calling Bell"],"picked":"Snecko Eye"},{"not_picked":["Runic Dome","SlaversCollar"],"picked":"Mark of Pain"}],"items_purged_floors":[],"is_endless":false,"potions_floor_spawned":[6,16,24,28,29,30,33,35,39,47],"ascension_level":20}