{"gold_per_floor":[16,30,41,58,77,103,103,129,211,211,161,161,161,161],"floor_reached":14,"playtime":1026,"items_purged":[],"score":100,"play_id":"129222f3-ea1b-4e13-a33d-f1527cab9196","local_time":"20190615201213","is_ascension_mode":false,"campfire_choices":[{"data":"Seeing Red","floor":7,"key":"SMITH"},{"data":"Burning Pact","floor":10,"key":"SMITH"}],"neow_cost":"NO_GOLD","seed_source_timestamp":267756876631429,"circlet_count":0,"master_deck":["Strike_R","Strike_R","Strike_R","Strike_R","Defend_R","Defend_R","Defend_R","Defend_R","Bash","Pommel Strike+1","Warcry","Inflame","Seeing Red+1","Burning Pact+1","Anger","Fire Breathing"],"relics":["Burning Blood","Incense Burner","Dodecahedron","Meat on the Bone","Kunai"],"potions_floor_usage":[],"damage_taken":[{"damage":0,"enemies":"Small Slimes","floor":1,"turns":3},{"damage":8,"enemies":"Jaw Worm","floor":2,"turns":3},{"damage":1,"enemies":"Cultist","floor":3,"turns":3},{"damage":11,"enemies":"Red Slaver","floor":4,"turns":3},{"damage":10,"enemies":"Looter","floor":5,"turns":2},{"damage":23,"enemies":"Gremlin Nob","floor":6,"turns":5},{"damage":35,"enemies":"3 Sentries","floor":8,"turns":7},{"damage":32,"enemies":"Exordium Thugs","floor":14,"turns":3}],"seed_played":"8561938208147284581","potions_obtained":[{"floor":3,"key":"Swift Potion"},{"floor":4,"key":"Explosive Potion"},{"floor":5,"key":"FearPotion"},{"floor":8,"key":"SpeedPotion"}],"is_trial":false,"path_per_floor":["M","M","M","M","M","E","R","E","T","R","?","?","?","M"],"character_chosen":"IRONCLAD","items_purchased":[],"campfire_rested":0,"item_purchase_floors":[],"current_hp_per_floor":[80,78,80,75,71,54,54,25,25,25,25,25,25,0],"gold":161,"neow_bonus":"ONE_RARE_RELIC","is_prod":false,"is_daily":false,"chose_seed":false,"campfire_upgraded":2,"win_rate":0.0,"timestamp":1560654733,"path_taken":["M","M","M","M","M","E","R","E","T","R","?","?","?","?"],"build_version":"2019-01-23","purchased_purges":0,"victory":false,"max_hp_per_floor":[80,80,80,80,80,80,80,80,80,80,80,80,80,80],"card_choices":[{"not_picked":["Blood for Blood","Headbutt"],"picked":"Pommel Strike","floor":1},{"not_picked":["Ghostly Armor","Perfected Strike"],"picked":"Warcry","floor":2},{"not_picked":["Infernal Blade","Sword Boomerang"],"picked":"Inflame","floor":3},{"not_picked":["True Grit","Shrug It Off"],"picked":"Seeing Red","floor":4},{"not_picked":["Sword Boomerang","Iron Wave"],"picked":"Burning Pact","floor":5},{"not_picked":["Blood for Blood","Dual Wield"],"picked":"Anger","floor":6},{"not_picked":["Pommel Strike","Twin Strike"],"picked":"Fire Breathing","floor":8}],"player_experience":4464,"relics_obtained":[{"floor":6,"key":"Dodecahedron"},{"floor":8,"key":"Meat on the Bone"},{"floor":9,"key":"Kunai"}],"event_choices":[{"cards_removed":["Strike_R"],"damage_healed":0,"gold_gain":0,"player_choice":"Card Removal","damage_taken":0,"max_hp_gain":0,"max_hp_loss":0,"event_name":"The Cleric","floor":11,"gold_loss":50},{"damage_healed":0,"gold_gain":0,"player_choice":"Ignored","damage_taken":0,"max_hp_gain":0,"max_hp_loss":0,"event_name":"Shining Light","floor":12,"gold_loss":0},{"damage_healed":0,"gold_gain":0,"player_choice":"Forge","damage_taken":0,"max_hp_gain":0,"max_hp_loss":0,"event_name":"Accursed Blacksmith","floor":13,"gold_loss":0,"cards_upgraded":["Pommel Strike"]}],"is_beta":false,"boss_relics":[],"items_purged_floors":[],"is_endless":false,"potions_floor_spawned":[3,4,5,8],"killed_by":"Exordium Thugs","ascension_level":0}