{"gold_per_floor":[110,35,53,53,53,53,70,70,70,70,83,100,134,153,153,257,257,267,267,21,39,74,74,74,93,93,93,110,130,61,111,111,111],"floor_reached":33,"playtime":2012,"items_purged":["Defend_B"],"score":272,"play_id":"8fb7bc8f-0aec-4846-88ad-2e03a56dc3f6","local_time":"20190911202813","is_ascension_mode":false,"campfire_choices":[{"data":"Turbo","floor":6,"key":"SMITH"},{"data":"Dualcast","floor":8,"key":"SMITH"},{"data":"Electrodynamics","floor":15,"key":"SMITH"},{"floor":23,"key":"REST"},{"data":"Defragment","floor":27,"key":"SMITH"},{"data":"Biased Cognition","floor":32,"key":"SMITH"}],"neow_cost":"NONE","seed_source_timestamp":64806473251600,"circlet_count":0,"master_deck":["Defend_B","Defend_B","Zap","Dualcast+1","Reboot","Conserve Battery","Turbo+1","Ball Lightning","Biased Cognition+1","Defragment+1","Streamline","Electrodynamics+1","Beam Cell","Biased Cognition","Bite","Bite","Bite","Bite","Bite","Electrodynamics+1","Steam+1","Reprogram+1","Doom and Gloom"],"relics":["Cracked Core","Sundial","Bird Faced Urn","Busted Crown","Gremlin Horn","Red Mask","Question Card"],"potions_floor_usage":[33,33],"damage_taken":[{"damage":3,"enemies":"Small Slimes","floor":1,"turns":3},{"damage":0,"enemies":"2 Louse","floor":3,"turns":2},{"damage":0,"enemies":"Cultist","floor":7,"turns":3},{"damage":0,"enemies":"2 Fungi Beasts","floor":11,"turns":3},{"damage":5,"enemies":"Looter","floor":12,"turns":2},{"damage":1,"enemies":"Lagavulin","floor":13,"turns":3},{"damage":0,"enemies":"Gremlin Gang","floor":14,"turns":1},{"damage":34,"enemies":"The Guardian","floor":16,"turns":8},{"damage":0,"enemies":"Chosen","floor":18,"turns":2},{"damage":0,"enemies":"3 Byrds","floor":21,"turns":2},{"damage":47,"enemies":"Masked Bandits","floor":22,"turns":4},{"damage":6,"enemies":"Centurion and Healer","floor":25,"turns":2},{"damage":15,"enemies":"Snake Plant","floor":28,"turns":2},{"damage":17,"enemies":"Snecko","floor":29,"turns":4},{"damage":48,"enemies":"Champ","floor":33,"turns":5}],"seed_played":"-7461839922999442190","potions_obtained":[{"floor":3,"key":"Strength Potion"},{"floor":7,"key":"Weak Potion"},{"floor":11,"key":"AttackPotion"},{"floor":22,"key":"Swift Potion"}],"is_trial":false,"path_per_floor":["M","$","M","?","$","R","M","R","T","?","M","M","E","M","R","B",null,"M","?","$","M","?","R","?","M","T","R","M","M","$","?","R","B"],"character_chosen":"DEFECT","items_purchased":["Gremlin Horn","Doom and Gloom"],"campfire_rested":1,"item_purchase_floors":[20,30],"current_hp_per_floor":[72,72,72,65,65,65,65,65,65,65,65,60,59,61,61,33,75,75,52,52,52,15,30,30,34,34,34,29,22,22,22,22,0],"gold":111,"neow_bonus":"TRANSFORM_CARD","is_prod":false,"is_daily":false,"chose_seed":false,"campfire_upgraded":5,"win_rate":0.0,"timestamp":1568226493,"path_taken":["M","$","M","?","$","R","M","R","T","?","M","M","E","M","R","BOSS","M","?","$","M","?","R","?","M","T","R","M","?","$","?","R","BOSS"],"build_version":"2019-07-17","purchased_purges":1,"victory":false,"max_hp_per_floor":[75,75,75,75,75,75,75,75,75,75,75,75,75,75,75,75,75,75,52,52,52,52,52,52,52,52,52,52,52,52,52,52,52],"card_choices":[{"not_picked":["Steam","Doom and Gloom"],"picked":"Conserve Battery","floor":1},{"not_picked":["Cold Snap","Auto Shields"],"picked":"Turbo","floor":3},{"not_picked":["Sweeping Beam","Aggregate"],"picked":"Ball Lightning","floor":7},{"not_picked":["Gash","Compile Driver"],"picked":"Defragment","floor":11},{"not_picked":["Scrape","Turbo"],"picked":"Streamline","floor":12},{"not_picked":["Stack","Compile Driver"],"picked":"Electrodynamics","floor":13},{"not_picked":["Reprogram","Conserve Battery"],"picked":"Beam Cell","floor":14},{"not_picked":["Creative AI","Meteor Strike"],"picked":"Biased Cognition","floor":16},{"not_picked":["Capacitor"],"picked":"SKIP","floor":18},{"not_picked":["Cold Snap"],"picked":"SKIP","floor":21},{"not_picked":["Gash"],"picked":"SKIP","floor":25},{"not_picked":["Reprogram"],"picked":"Steam+1","floor":28},{"not_picked":["Darkness"],"picked":"Reprogram+1","floor":29}],"player_experience":42070,"relics_obtained":[{"floor":9,"key":"Sundial"},{"floor":13,"key":"Bird Faced Urn"},{"floor":22,"key":"Red Mask"},{"floor":26,"key":"Question Card"}],"event_choices":[{"cards_removed":["Strike_B"],"damage_healed":0,"gold_gain":0,"player_choice":"Card Removal","damage_taken":7,"max_hp_gain":0,"max_hp_loss":0,"event_name":"Golden Wing","floor":4,"gold_loss":0},{"damage_healed":0,"gold_gain":0,"cards_transformed":["Defend_B"],"player_choice":"Transformed","damage_taken":0,"max_hp_gain":0,"max_hp_loss":0,"event_name":"Transmorgrifier","floor":10,"gold_loss":0,"cards_obtained":["Biased Cognition"]},{"damage_healed":0,"gold_gain":0,"player_choice":"Became a vampire","damage_taken":0,"max_hp_gain":0,"max_hp_loss":23,"event_name":"Vampires","floor":19,"gold_loss":0,"cards_obtained":["Bite","Bite","Bite","Bite","Bite"]},{"damage_healed":0,"gold_gain":0,"player_choice":"Fought Bandits","damage_taken":0,"max_hp_gain":0,"max_hp_loss":0,"event_name":"Masked Bandits","floor":22,"gold_loss":0},{"damage_healed":0,"gold_gain":0,"player_choice":"Copied","damage_taken":0,"max_hp_gain":0,"max_hp_loss":0,"event_name":"Duplicator","floor":24,"gold_loss":0,"cards_obtained":["Electrodynamics"]},{"damage_healed":0,"gold_gain":100,"player_choice":"Bet on Murderer","damage_taken":0,"max_hp_gain":0,"max_hp_loss":0,"event_name":"The Joust","floor":31,"gold_loss":50}],"is_beta":false,"boss_relics":[{"not_picked":["Runic Pyramid","Ectoplasm"],"picked":"Busted Crown"}],"items_purged_floors":[2],"is_endless":false,"potions_floor_spawned":[3,7,11,13,14,18,22,29],"killed_by":"Champ","ascension_level":0}