{"gold_per_floor":[113,131,17,17,17,46,46,57,57,57,67,67,77,88,88,88],"floor_reached":16,"playtime":688,"items_purged":["Defend_B"],"score":112,"play_id":"3a58363d-ea2e-4e22-b640-f7c051dd29e9","local_time":"20190913222826","is_ascension_mode":true,"campfire_choices":[{"floor":7,"key":"REST"},{"data":"Melter","floor":10,"key":"SMITH"},{"data":"Coolheaded","floor":15,"key":"SMITH"}],"neow_cost":"NONE","seed_source_timestamp":125063962469400,"circlet_count":0,"master_deck":["Strike_B","Strike_B","Strike_B","Defend_B+1","Defend_B","Zap","Dualcast","Compile Driver","Double Energy+1","Melter+1","Coolheaded+1","Double Energy","Self Repair+1"],"relics":["Cracked Core","Frozen Egg 2","Orichalcum"],"potions_floor_usage":[16],"damage_taken":[{"damage":7,"enemies":"Small Slimes","floor":1,"turns":2},{"damage":1,"enemies":"Jaw Worm","floor":2,"turns":4},{"damage":32,"enemies":"Gremlin Nob","floor":6,"turns":4},{"damage":0,"enemies":"2 Louse","floor":8,"turns":2},{"damage":4,"enemies":"Gremlin Gang","floor":11,"turns":3},{"damage":9,"enemies":"Red Slaver","floor":13,"turns":3},{"damage":10,"enemies":"3 Louse","floor":14,"turns":3},{"damage":29,"enemies":"Slime Boss","floor":16,"turns":5}],"seed_played":"-1090768600236517423","potions_obtained":[{"floor":6,"key":"Strength Potion"},{"floor":8,"key":"GamblersBrew"},{"floor":14,"key":"PowerPotion"}],"is_trial":false,"path_per_floor":["M","M","$","?","?","E","R","M","T","R","M","$","M","M","R","B"],"character_chosen":"DEFECT","items_purchased":["Melter"],"campfire_rested":1,"item_purchase_floors":[3],"current_hp_per_floor":[68,67,67,60,45,13,35,35,35,35,31,31,22,22,22,0],"gold":88,"neow_bonus":"REMOVE_CARD","is_prod":false,"is_daily":false,"chose_seed":false,"campfire_upgraded":2,"win_rate":0,"timestamp":1568406506,"path_taken":["M","M","$","?","?","E","R","M","T","R","M","$","M","M","R","BOSS"],"build_version":"2019-07-17","purchased_purges":1,"victory":false,"max_hp_per_floor":[75,75,75,75,75,75,75,75,75,75,75,75,75,75,75,75],"card_choices":[{"not_picked":["Blizzard","Scrape"],"picked":"Compile Driver","floor":1},{"not_picked":["Steam Power","Conserve Battery"],"picked":"Double Energy","floor":2},{"not_picked":["Gash","Chaos","Capacitor"],"picked":"SKIP","floor":6},{"not_picked":["Consume","Reinforced Body"],"picked":"Coolheaded","floor":8},{"not_picked":["Meteor Strike","Stack"],"picked":"Double Energy","floor":11},{"not_picked":["Redo","Rebound"],"picked":"Self Repair+1","floor":13},{"not_picked":["Redo","Ball Lightning","Stack"],"picked":"SKIP","floor":14}],"player_experience":101595,"relics_obtained":[{"floor":6,"key":"Frozen Egg 2"},{"floor":9,"key":"Orichalcum"}],"event_choices":[{"cards_removed":["Defend_B"],"damage_healed":0,"gold_gain":0,"player_choice":"Card Removal","damage_taken":7,"max_hp_gain":0,"max_hp_loss":0,"event_name":"Golden Wing","floor":4,"gold_loss":0},{"damage_healed":0,"gold_gain":0,"player_choice":"Entered Light","damage_taken":15,"max_hp_gain":0,"max_hp_loss":0,"event_name":"Shining Light","floor":5,"gold_loss":0,"cards_upgraded":["Double Energy","Defend_B"]}],"is_beta":false,"boss_relics":[],"items_purged_floors":[3],"is_endless":false,"potions_floor_spawned":[6,8,14],"killed_by":"Slime Boss","ascension_level":2}