{"gold_per_floor":[112,130,147,147,147,147,185,241,241,30,30,46,46,77,77,173,173,198,198,213,128,128,128,167,167,193,217,217,15,50,70,70,166,166,191,33,366,89,108,138,138,138],"floor_reached":42,"playtime":9635,"items_purged":["Writhe"],"score":867,"play_id":"cfed3476-8b9f-4bee-9e61-71420f20f731","local_time":"20190915082501","is_ascension_mode":true,"campfire_choices":[{"floor":6.0,"key":"REST"},{"floor":11.0,"key":"REST"},{"data":"Armaments","floor":15.0,"key":"SMITH"},{"data":"True Grit","floor":23.0,"key":"SMITH"},{"floor":25.0,"key":"REST"},{"data":"Metallicize","floor":32.0,"key":"SMITH"},{"floor":41,"key":"REST"}],"neow_cost":"NONE","seed_source_timestamp":0,"circlet_count":0,"master_deck":["AscendersBane","Strike_R","Strike_R","Strike_R","Strike_R","Strike_R","Defend_R","Defend_R","Defend_R","Defend_R+1","Bash+1","Spot Weakness+1","Pommel Strike","Juggernaut","Armaments+1","Metallicize+1","Ghostly Armor","True Grit+1","Bludgeon","Ghostly Armor+1","Burning Pact+1","Second Wind","Heavy Blade","Limit Break","Demon Form","Pummel+1","Shrug It Off","Metallicize","Heavy Blade+1"],"special_seed":0,"relics":["Burning Blood","Question Card","Shuriken","Torii","Mark of Pain","Ice Cream","MutagenicStrength","Dream Catcher","Vajra","Red Skull","Molten Egg 2","Cursed Key","Bronze Scales","War Paint"],"potions_floor_usage":[36,39,40],"damage_taken":[{"damage":16.0,"enemies":"Jaw Worm","floor":1.0,"turns":4.0},{"damage":9.0,"enemies":"2 Louse","floor":2.0,"turns":4.0},{"damage":15.0,"enemies":"Small Slimes","floor":3.0,"turns":4.0},{"damage":35.0,"enemies":"3 Sentries","floor":7.0,"turns":7.0},{"damage":10.0,"enemies":"Blue Slaver","floor":12.0,"turns":4.0},{"damage":21.0,"enemies":"Lagavulin","floor":14.0,"turns":7.0},{"damage":34.0,"enemies":"Slime Boss","floor":16.0,"turns":11.0},{"damage":19.0,"enemies":"3 Byrds","floor":18.0,"turns":6.0},{"damage":19.0,"enemies":"2 Thieves","floor":20.0,"turns":4.0},{"damage":48.0,"enemies":"Book of Stabbing","floor":24.0,"turns":7.0},{"damage":13.0,"enemies":"Sentry and Sphere","floor":27.0,"turns":5.0},{"damage":7.0,"enemies":"Slavers","floor":30.0,"turns":4.0},{"damage":2.0,"enemies":"Centurion and Healer","floor":31.0,"turns":4.0},{"damage":42.0,"enemies":"Champ","floor":33.0,"turns":8.0},{"damage":17,"enemies":"3 Darklings","floor":35,"turns":6},{"damage":1,"enemies":"Orb Walker","floor":39,"turns":3},{"damage":62,"enemies":"Reptomancer","floor":40,"turns":6},{"damage":84,"enemies":"Giant Head","floor":42,"turns":7}],"seed_played":"-6004799617041464153","potions_obtained":[{"floor":1.0,"key":"Poison Potion"},{"floor":14.0,"key":"Block Potion"},{"floor":16.0,"key":"Weak Potion"},{"floor":20.0,"key":"EssenceOfSteel"},{"floor":30.0,"key":"AttackPotion"},{"floor":33.0,"key":"BloodPotion"},{"floor":35,"key":"SkillPotion"}],"is_trial":false,"path_per_floor":["M","M","M","?","?","R","E","?","T","$","R","M","$","E","R","B",null,"M","?","M","?","?","R","E","R","T","M","?","$","E","M","R","B",null,"M","$","?","$","M","E","R","E"],"character_chosen":"IRONCLAD","items_purchased":["Armaments","Metallicize","BloodPotion","EssenceOfSteel","SteroidPotion","Fruit Juice","Shrug It Off","Bronze Scales","Weak Potion","Metallicize"],"campfire_rested":4,"item_purchase_floors":[10,10,10,29,29,36,36,38,38,38],"current_hp_per_floor":[65,62,53,33,33,57,28,28,28,28,52,48,48,33,33,25,68,55,82,69,69,69,69,27,51,51,44,44,44,43,47,47,11,64,53,58,58,58,84,28,54,0],"gold":138,"neow_bonus":"TEN_PERCENT_HP_BONUS","is_prod":false,"is_daily":false,"chose_seed":false,"campfire_upgraded":3,"win_rate":0,"timestamp":1568561101,"path_taken":["M","M","M","?","?","R","E","?","T","?","R","M","$","E","R","BOSS","M","?","M","?","?","R","E","R","T","M","?","$","E","M","R","BOSS","M","$","?","$","M","E","R","E"],"build_version":"2019-07-17","purchased_purges":1,"victory":false,"max_hp_per_floor":[82,82,82,82,82,82,82,82,82,82,82,82,82,82,82,82,82,82,82,82,82,82,82,82,82,82,82,82,82,82,82,82,82,82,82,87,87,87,87,87,87,87],"card_choices":[{"not_picked":["Rage","Combust","Clash"],"picked":"SKIP","floor":1.0},{"not_picked":["Pummel","Warcry"],"picked":"Spot Weakness","floor":2.0},{"not_picked":["Headbutt","Clash"],"picked":"Pommel Strike","floor":3.0},{"not_picked":["Disarm","Combust"],"picked":"Juggernaut","floor":7.0},{"not_picked":["Twin Strike","Havoc","True Grit"],"picked":"Ghostly Armor","floor":12.0},{"not_picked":["Infernal Blade","Warcry","Rampage"],"picked":"True Grit","floor":14.0},{"not_picked":["Fiend Fire","Brutality","Immolate"],"picked":"Bludgeon","floor":16.0},{"not_picked":["Rupture+1","Iron Wave","Rage+1"],"picked":"Ghostly Armor+1","floor":18.0},{"not_picked":["Pommel Strike+1","Twin Strike","Warcry"],"picked":"Burning Pact+1","floor":20.0},{"not_picked":["Clash","True Grit","Burning Pact"],"picked":"Second Wind","floor":24.0},{"not_picked":["Disarm","True Grit","Iron Wave"],"picked":"Heavy Blade","floor":25.0},{"not_picked":["Pommel Strike+1","Wild Strike+1","Flex+1"],"picked":"Limit Break","floor":27.0},{"not_picked":["Reckless Charge+1","True Grit+1","Clash","Iron Wave"],"picked":"SKIP","floor":30.0},{"not_picked":["Infernal Blade","Armaments","Combust","Perfected Strike+1"],"picked":"SKIP","floor":31.0},{"not_picked":["Brutality","Barricade","Juggernaut"],"picked":"Demon Form","floor":33.0},{"not_picked":["Havoc","Shrug It Off","Armaments"],"picked":"Pummel+1","floor":35},{"not_picked":["True Grit","Combust","Clash+1","Armaments"],"picked":"SKIP","floor":39},{"not_picked":["Thunderclap+1","Rupture","Dual Wield","Infernal Blade"],"picked":"SKIP","floor":40},{"not_picked":["Rage+1","Armaments","Wild Strike+1"],"picked":"Heavy Blade+1","floor":41}],"player_experience":315090,"relics_obtained":[{"floor":7.0,"key":"Question Card"},{"floor":9.0,"key":"Shuriken"},{"floor":14.0,"key":"Torii"},{"floor":24.0,"key":"Dream Catcher"},{"floor":26.0,"key":"Vajra"},{"floor":30.0,"key":"Molten Egg 2"},{"floor":40,"key":"War Paint"}],"event_choices":[{"damage_healed":0.0,"max_hp_gain":0.0,"max_hp_loss":0.0,"gold_gain":0.0,"event_name":"Golden Idol","player_choice":"Take Damage","floor":4.0,"gold_loss":0.0,"damage_taken":20.0,"relics_obtained":["Golden Idol"]},{"damage_healed":0.0,"max_hp_gain":0.0,"max_hp_loss":0.0,"gold_gain":0.0,"event_name":"Living Wall","player_choice":"Grow","floor":5.0,"gold_loss":0.0,"damage_taken":0.0,"cards_upgraded":["Bash"]},{"damage_healed":0.0,"max_hp_gain":0.0,"max_hp_loss":0.0,"gold_gain":56.0,"event_name":"Golden Wing","player_choice":"Gained Gold","floor":8.0,"gold_loss":0.0,"damage_taken":0.0},{"damage_healed":27.0,"max_hp_gain":0.0,"max_hp_loss":0.0,"gold_gain":0.0,"event_name":"The Library","player_choice":"Heal","floor":19.0,"gold_loss":0.0,"damage_taken":0.0},{"damage_healed":0.0,"max_hp_gain":0.0,"max_hp_loss":0.0,"gold_gain":0.0,"event_name":"Addict","player_choice":"Obtained Relic","floor":21.0,"gold_loss":85.0,"damage_taken":0.0,"relics_obtained":["Ice Cream"]},{"damage_healed":0.0,"max_hp_gain":0.0,"max_hp_loss":0.0,"gold_gain":0.0,"event_name":"Drug Dealer","player_choice":"Inject Mutagens","floor":22.0,"gold_loss":0.0,"damage_taken":0.0,"relics_obtained":["MutagenicStrength"]},{"damage_healed":0.0,"max_hp_gain":0.0,"max_hp_loss":0.0,"gold_gain":0.0,"event_name":"The Mausoleum","player_choice":"Opened","floor":28.0,"gold_loss":0.0,"damage_taken":0.0,"relics_obtained":["Red Skull"],"cards_obtained":["Writhe"]},{"damage_healed":0,"gold_gain":333,"player_choice":"Gave Idol","damage_taken":0,"max_hp_gain":0,"max_hp_loss":0,"event_name":"The Moai Head","floor":37,"relics_lost":["Golden Idol"],"gold_loss":0}],"is_beta":false,"boss_relics":[{"not_picked":["Astrolabe","White Beast Statue"],"picked":"Mark of Pain"},{"not_picked":["Empty Cage","Eternal Feather"],"picked":"Cursed Key"}],"items_purged_floors":[29],"is_endless":false,"potions_floor_spawned":[1,14,16,20,30,33,35],"killed_by":"Giant Head","ascension_level":14}