{"gold_per_floor":[13,33,51,71,87,113,113,143,222,235,255,255],"floor_reached":12,"playtime":418,"items_purged":[],"score":184,"play_id":"ee8815c9-a079-40bd-83ac-96d80fae70e3","local_time":"20191018105246","is_ascension_mode":true,"campfire_choices":[{"floor":7,"key":"REST"}],"neow_cost":"NO_GOLD","seed_source_timestamp":310827450198400,"circlet_count":0,"master_deck":["AscendersBane","Strike_R","Strike_R","Strike_R","Strike_R","Strike_R","Defend_R","Defend_R","Defend_R","Defend_R","Bash","Apotheosis","Rampage","Clothesline","Carnage","Headbutt","Metallicize","Disarm","Shrug It Off"],"relics":["Burning Blood","Unceasing Top","Pantograph","InkBottle","Odd Mushroom"],"potions_floor_usage":[6,8,12],"damage_taken":[{"damage":17,"enemies":"2 Louse","floor":1,"turns":5},{"damage":4,"enemies":"Small Slimes","floor":2,"turns":4},{"damage":12,"enemies":"Jaw Worm","floor":3,"turns":4},{"damage":10,"enemies":"Looter","floor":4,"turns":4},{"damage":21,"enemies":"Lots of Slimes","floor":5,"turns":6},{"damage":27,"enemies":"Gremlin Nob","floor":6,"turns":4},{"damage":14,"enemies":"Lagavulin","floor":8,"turns":8},{"damage":6,"enemies":"Large Slime","floor":10,"turns":7},{"damage":32,"enemies":"The Mushroom Lair","floor":11,"turns":6},{"damage":28,"enemies":"Gremlin Nob","floor":12,"turns":3}],"seed_played":"-6335496335958977379","potions_obtained":[{"floor":1,"key":"Weak Potion"},{"floor":3,"key":"ElixirPotion"},{"floor":6,"key":"Regen Potion"},{"floor":11,"key":"SkillPotion"}],"is_trial":false,"path_per_floor":["M","M","M","M","M","E","R","E","T","M","?","E"],"character_chosen":"IRONCLAD","items_purchased":[],"campfire_rested":1,"item_purchase_floors":[],"current_hp_per_floor":[57,59,53,49,34,13,35,42,42,42,16,0],"gold":255,"neow_bonus":"RANDOM_COLORLESS_2","is_prod":false,"is_daily":false,"chose_seed":false,"campfire_upgraded":0,"win_rate":0,"timestamp":1571421166,"path_taken":["M","M","M","M","M","E","R","E","T","M","?","E"],"build_version":"2019-10-17","purchased_purges":0,"victory":false,"max_hp_per_floor":[75,75,75,75,75,75,75,75,75,75,75,75],"card_choices":[{"not_picked":["Transmutation","Master of Strategy"],"picked":"Apotheosis","floor":0},{"not_picked":["Intimidate","Flex"],"picked":"Rampage","floor":1},{"not_picked":["Armaments","Twin Strike","Thunderclap"],"picked":"SKIP","floor":2},{"not_picked":["Thunderclap","Twin Strike"],"picked":"Clothesline","floor":3},{"not_picked":["Havoc","Flex"],"picked":"Carnage","floor":4},{"not_picked":["Perfected Strike","True Grit"],"picked":"Headbutt","floor":5},{"not_picked":["Intimidate","Sever Soul"],"picked":"Metallicize","floor":6},{"not_picked":["Combust","Warcry"],"picked":"Disarm","floor":8},{"not_picked":["Armaments","Body Slam","Uppercut"],"picked":"SKIP","floor":10},{"not_picked":["True Grit","Metallicize"],"picked":"Shrug It Off","floor":11}],"player_experience":1626598,"relics_obtained":[{"floor":6,"key":"Unceasing Top"},{"floor":8,"key":"Pantograph"},{"floor":9,"key":"InkBottle"},{"floor":11,"key":"Odd Mushroom"}],"event_choices":[{"damage_healed":0,"gold_gain":0,"player_choice":"Fought Mushrooms","damage_taken":0,"max_hp_gain":0,"max_hp_loss":0,"event_name":"Mushrooms","floor":11,"gold_loss":0}],"is_beta":true,"boss_relics":[],"items_purged_floors":[],"is_endless":false,"potions_floor_spawned":[1,3,6,11],"killed_by":"Gremlin Nob","ascension_level":20}