{"gold_per_floor":[113,113,129,147,74,74,102,102,102,102,115,149,60,60,60,159,159,171,117,151,151,163,163,189,189,189,200,200,220,220,249,249,351,351,371,101,101,112,112,145,145,172,172,172,5,18,29,48,48,48],"floor_reached":51,"playtime":2845,"items_purged":[],"score":995,"play_id":"709f679a-eb18-4ef6-865d-42a1ba9da3ca","local_time":"20190921154150","is_ascension_mode":true,"campfire_choices":[{"data":"Defragment","floor":6,"key":"SMITH"},{"data":"Zap","floor":10,"key":"SMITH"},{"data":"Go for the Eyes","floor":15,"key":"SMITH"},{"data":"Dualcast","floor":23,"key":"SMITH"},{"data":"Chaos","floor":25,"key":"SMITH"},{"data":"Turbo","floor":28,"key":"SMITH"},{"floor":30,"key":"REST"},{"floor":32,"key":"REST"},{"floor":41,"key":"REST"},{"floor":44,"key":"REST"},{"floor":49,"key":"REST"}],"neow_cost":"NONE","seed_source_timestamp":112171322725000,"circlet_count":0,"master_deck":["Zap+1","Dualcast+1","Ball Lightning","Go for the Eyes+1","Conserve Battery","Defragment+1","Steam","Sunder+1","FTL+1","Dramatic Entrance+1","All For One+1","Reinforced Body","Steam","Chaos+1","Loop","Heatsinks+1","Rebound+1","Darkness+1","Beam Cell+1","Compile Driver+1","Chill","White Noise+1","Turbo+1","Leap","Compile Driver+1","Echo Form","Lockon+1","Cold Snap+1","Conserve Battery+1","Streamline+1","Go for the Eyes+1"],"relics":["Cracked Core","NeowsBlessing","Kunai","Matryoshka","Molten Egg 2","DataDisk","Ancient Tea Set","Pandora\u0027s Box","Red Mask","The Courier","Sundial","Ornamental Fan","Vajra","Busted Crown","Chemical X","PreservedInsect","Thread and Needle","Mercury Hourglass","Turnip","Strange Spoon"],"potions_floor_usage":[16,24,31,33,42,50,50],"damage_taken":[{"damage":0,"enemies":"Jaw Worm","floor":1,"turns":1},{"damage":0,"enemies":"Cultist","floor":3,"turns":1},{"damage":0,"enemies":"Small Slimes","floor":4,"turns":1},{"damage":13,"enemies":"Lagavulin","floor":7,"turns":6},{"damage":3,"enemies":"Blue Slaver","floor":11,"turns":3},{"damage":2,"enemies":"Gremlin Nob","floor":12,"turns":3},{"damage":8,"enemies":"Hexaghost","floor":16,"turns":8},{"damage":5,"enemies":"Shell Parasite","floor":18,"turns":4},{"damage":18,"enemies":"Masked Bandits","floor":20,"turns":3},{"damage":0,"enemies":"3 Byrds","floor":22,"turns":4},{"damage":0,"enemies":"Slavers","floor":24,"turns":3},{"damage":2,"enemies":"Cultist and Chosen","floor":27,"turns":6},{"damage":10,"enemies":"Shelled Parasite and Fungi","floor":29,"turns":4},{"damage":13,"enemies":"Gremlin Leader","floor":31,"turns":3},{"damage":4,"enemies":"Collector","floor":33,"turns":5},{"damage":9,"enemies":"3 Darklings","floor":35,"turns":4},{"damage":4,"enemies":"3 Shapes","floor":38,"turns":4},{"damage":39,"enemies":"Nemesis","floor":40,"turns":3},{"damage":17,"enemies":"Reptomancer","floor":42,"turns":5},{"damage":0,"enemies":"Transient","floor":46,"turns":5},{"damage":0,"enemies":"Maw","floor":47,"turns":5},{"damage":0,"enemies":"3 Darklings","floor":48,"turns":3},{"damage":0,"enemies":"Donu and Deca","floor":50,"turns":8}],"seed_played":"-3053083854057323906","potions_obtained":[{"floor":3,"key":"SpeedPotion"},{"floor":4,"key":"Swift Potion"},{"floor":16,"key":"Swift Potion"},{"floor":18,"key":"Fire Potion"},{"floor":20,"key":"FairyPotion"},{"floor":21,"key":"AttackPotion"},{"floor":27,"key":"SkillPotion"},{"floor":33,"key":"Energy Potion"},{"floor":35,"key":"Energy Potion"},{"floor":42,"key":"EssenceOfSteel"},{"floor":47,"key":"SkillPotion"}],"is_trial":false,"path_per_floor":["M","?","M","M","$","R","E","?","T","R","M","E","$","?","R","B",null,"M","$","?","?","M","R","E","R","T","M","R","M","R","E","R","B",null,"M","$","?","M","?","E","R","E","T","R","$","M","M","M","R","B",null],"character_chosen":"DEFECT","items_purchased":["Defragment","Dramatic Entrance+1","Beam Cell+1","Chemical X","PreservedInsect","Strange Spoon"],"campfire_rested":5,"item_purchase_floors":[5,13,19,36,36,45],"current_hp_per_floor":[75,75,75,75,75,75,62,59,59,59,56,54,54,39,39,31,64,59,59,41,41,41,41,41,41,41,39,39,29,51,38,60,56,70,61,61,61,57,57,18,40,23,23,45,45,45,45,45,67,67],"gold":48,"neow_bonus":"THREE_ENEMY_KILL","is_prod":false,"is_daily":false,"chose_seed":false,"campfire_upgraded":6,"win_rate":0,"timestamp":1569073310,"path_taken":["M","?","?","M","$","R","E","?","T","R","M","E","$","?","R","BOSS","M","$","?","?","M","R","E","R","T","M","R","M","R","E","R","BOSS","M","?","?","?","?","E","R","E","T","R","$","M","M","M","R","BOSS"],"build_version":"2019-07-17","purchased_purges":0,"victory":true,"max_hp_per_floor":[75,75,75,75,75,75,75,75,75,75,75,75,75,75,75,75,75,75,75,75,75,75,75,75,75,75,75,75,75,75,75,75,75,75,75,75,75,75,75,75,75,75,75,75,75,75,75,75,75,75],"card_choices":[{"not_picked":["Leap","Barrage"],"picked":"Ball Lightning","floor":1},{"not_picked":["Rebound","Hello World"],"picked":"Go for the Eyes","floor":3},{"not_picked":["Stack","Reboot"],"picked":"Conserve Battery","floor":4},{"not_picked":["Blizzard","Cold Snap"],"picked":"Steam","floor":7},{"not_picked":["Redo","Hologram"],"picked":"Sunder+1","floor":11},{"not_picked":["Streamline+1","Steam"],"picked":"FTL+1","floor":12},{"not_picked":["Reboot","Rainbow"],"picked":"All For One+1","floor":16},{"not_picked":["Barrage+1","Blizzard+1"],"picked":"Darkness+1","floor":18},{"not_picked":["Barrage+1","Tempest"],"picked":"Compile Driver+1","floor":20},{"not_picked":["Hologram","Leap"],"picked":"Chill","floor":22},{"not_picked":["Auto Shields","Reprogram"],"picked":"White Noise+1","floor":24},{"not_picked":["Undo","Gash+1"],"picked":"Turbo","floor":27},{"not_picked":["Hyperbeam+1","Tempest"],"picked":"Leap","floor":29},{"not_picked":["Streamline+1","Go for the Eyes+1"],"picked":"Compile Driver+1","floor":31},{"not_picked":["Creative AI","Biased Cognition"],"picked":"Echo Form","floor":33},{"not_picked":[],"picked":"Lockon+1","floor":35},{"not_picked":[],"picked":"Cold Snap+1","floor":38},{"not_picked":["BootSequence"],"picked":"SKIP","floor":40},{"not_picked":[],"picked":"Conserve Battery+1","floor":42},{"not_picked":[],"picked":"Streamline+1","floor":46},{"not_picked":[],"picked":"Go for the Eyes+1","floor":47},{"not_picked":["Barrage+1"],"picked":"SKIP","floor":48}],"player_experience":205136,"relics_obtained":[{"floor":7,"key":"Kunai"},{"floor":9,"key":"Molten Egg 2"},{"floor":9,"key":"DataDisk"},{"floor":12,"key":"Ancient Tea Set"},{"floor":20,"key":"Red Mask"},{"floor":24,"key":"The Courier"},{"floor":26,"key":"Sundial"},{"floor":26,"key":"Ornamental Fan"},{"floor":31,"key":"Vajra"},{"floor":40,"key":"Thread and Needle"},{"floor":42,"key":"Mercury Hourglass"},{"floor":43,"key":"Turnip"}],"event_choices":[{"cards_removed":["Strike_B"],"damage_healed":0,"gold_gain":0,"player_choice":"Card Removal","damage_taken":0,"max_hp_gain":0,"max_hp_loss":0,"event_name":"Wheel of Change","floor":2,"gold_loss":0},{"damage_healed":0,"gold_gain":0,"player_choice":"Success","damage_taken":3,"relics_obtained":["Matryoshka"],"max_hp_gain":0,"max_hp_loss":0,"event_name":"Scrap Ooze","floor":8,"gold_loss":0},{"damage_healed":0,"gold_gain":0,"player_choice":"Entered Light","damage_taken":15,"max_hp_gain":0,"max_hp_loss":0,"event_name":"Shining Light","floor":14,"gold_loss":0,"cards_upgraded":["Defend_B","Strike_B"]},{"damage_healed":0,"gold_gain":0,"player_choice":"Fought Bandits","damage_taken":0,"max_hp_gain":0,"max_hp_loss":0,"event_name":"Masked Bandits","floor":20,"gold_loss":0},{"damage_healed":0,"gold_gain":0,"player_choice":"Got Potions","damage_taken":0,"max_hp_gain":0,"max_hp_loss":0,"event_name":"Lab","floor":21,"gold_loss":0},{"damage_healed":0,"gold_gain":0,"player_choice":"Forge","damage_taken":0,"max_hp_gain":0,"max_hp_loss":0,"event_name":"Accursed Blacksmith","floor":37,"gold_loss":0,"cards_upgraded":["Heatsinks"]},{"cards_removed":["Heatsinks"],"damage_healed":0,"gold_gain":0,"player_choice":"Removed Power","damage_taken":0,"max_hp_gain":0,"max_hp_loss":0,"event_name":"Falling","floor":39,"gold_loss":0}],"is_beta":false,"boss_relics":[{"not_picked":["Lizard Tail","Coffee Dripper"],"picked":"Pandora\u0027s Box"},{"not_picked":["Empty Cage","Fusion Hammer"],"picked":"Busted Crown"}],"items_purged_floors":[],"is_endless":false,"potions_floor_spawned":[3,4,16,18,20,27,33,35,42,47],"ascension_level":5}