{"gold_per_floor":[367,382,382,399,185,185,20,51,51,68,68,96,96,96,96,172,172,186,55,72,31,31,31,45,45,75,75,101,115,115,127,127,206,206,224,242,252,265,284,284,12,29,107,126,126,141,141,151,151,151],"floor_reached":50,"playtime":2805,"items_purged":["Strike_R","Strike_R"],"score":952,"play_id":"7e70906b-e382-4902-88b2-a27cd8b84378","local_time":"20191001094903","is_ascension_mode":true,"campfire_choices":[{"data":"Inflame","floor":6.0,"key":"SMITH"},{"data":"Anger","floor":11.0,"key":"SMITH"},{"data":"Metallicize","floor":15.0,"key":"SMITH"},{"data":"Offering","floor":23.0,"key":"SMITH"},{"data":"Offering","floor":25.0,"key":"SMITH"},{"data":"Hello World","floor":27.0,"key":"SMITH"},{"data":"Echo Form","floor":30.0,"key":"SMITH"},{"floor":32.0,"key":"REST"},{"data":"Evolve","floor":40.0,"key":"SMITH"},{"floor":45,"key":"REST"},{"data":"Feel No Pain","floor":47,"key":"SMITH"},{"floor":49,"key":"REST"}],"neow_cost":"PERCENT_DAMAGE","seed_source_timestamp":1241546828942700,"circlet_count":0,"master_deck":["AscendersBane","Strike_R","Strike_R","Defend_R","Defend_R","Defend_R+1","Defend_R","Bash+1","Headbutt","Metallicize+1","Anger+1","Inflame+1","Shrug It Off","Hello World+1","Fasting","Echo Form+1","Offering+1","Feel No Pain+1","Offering+1","Sunder+1","PiercingWail+1","Venomology","CurseOfTheBell","Evolve+1","Turbo+1","Terror","Chaos","Steam Power"],"special_seed":0,"relics":["Burning Blood","PrismaticShard","Boot","Pen Nib","Toy Ornithopter","Mark of Pain","Tiny Chest","Pear","Calling Bell","Regal Pillow","Question Card","FossilizedHelix","Happy Flower","Bottled Lightning"],"potions_floor_usage":[44,46,48,48,50],"damage_taken":[{"damage":4.0,"enemies":"Small Slimes","floor":1.0,"turns":5.0},{"damage":1.0,"enemies":"Cultist","floor":2.0,"turns":3.0},{"damage":4.0,"enemies":"2 Louse","floor":4.0,"turns":3.0},{"damage":26.0,"enemies":"Gremlin Nob","floor":8.0,"turns":4.0},{"damage":5.0,"enemies":"Looter","floor":10.0,"turns":4.0},{"damage":12.0,"enemies":"Lagavulin","floor":12.0,"turns":5.0},{"damage":6.0,"enemies":"The Guardian","floor":16.0,"turns":10.0},{"damage":7.0,"enemies":"3 Byrds","floor":18.0,"turns":5.0},{"damage":16.0,"enemies":"Chosen","floor":20.0,"turns":5.0},{"damage":21.0,"enemies":"3 Cultists","floor":24.0,"turns":5.0},{"damage":64.0,"enemies":"Book of Stabbing","floor":28.0,"turns":6.0},{"damage":13.0,"enemies":"Snecko","floor":29.0,"turns":4.0},{"damage":19.0,"enemies":"Chosen and Byrds","floor":31.0,"turns":4.0},{"damage":59.0,"enemies":"Champ","floor":33.0,"turns":21.0},{"damage":20.0,"enemies":"3 Shapes","floor":35.0,"turns":7.0},{"damage":12.0,"enemies":"Orb Walker","floor":36.0,"turns":2.0},{"damage":23.0,"enemies":"Writhing Mass","floor":37.0,"turns":7.0},{"damage":35.0,"enemies":"3 Darklings","floor":38.0,"turns":5.0},{"damage":28.0,"enemies":"Transient","floor":39.0,"turns":6.0},{"damage":20.0,"enemies":"Spire Growth","floor":42.0,"turns":7.0},{"damage":28,"enemies":"Maw","floor":44,"turns":9},{"damage":21,"enemies":"3 Darklings","floor":46,"turns":4},{"damage":55,"enemies":"Jaw Worm Horde","floor":48,"turns":5},{"damage":93,"enemies":"Time Eater","floor":50,"turns":8}],"seed_played":"-6757497562780318027","potions_obtained":[{"floor":4.0,"key":"SkillPotion"},{"floor":8.0,"key":"SteroidPotion"},{"floor":16.0,"key":"Fruit Juice"},{"floor":20.0,"key":"LiquidBronze"},{"floor":24.0,"key":"Dexterity Potion"},{"floor":29.0,"key":"BloodPotion"},{"floor":31.0,"key":"Explosive Potion"},{"floor":33.0,"key":"Energy Potion"},{"floor":37.0,"key":"Fire Potion"},{"floor":38.0,"key":"Weak Potion"},{"floor":44,"key":"Weak Potion"},{"floor":46,"key":"FearPotion"}],"is_trial":false,"path_per_floor":["M","M","?","M","$","R","$","E","T","M","R","E","?","?","R","B",null,"M","$","M","$","?","R","M","R","T","R","E","M","R","M","R","B",null,"M","M","M","M","M","R","$","M","T","M","R","M","R","M","R","B"],"character_chosen":"IRONCLAD","items_purchased":["Anger","Inflame","PrismaticShard","Offering","BloodPotion","Feel No Pain","Happy Flower"],"campfire_rested":3,"item_purchase_floors":[5,5,7,19,19,21,41],"current_hp_per_floor":[52,57,57,59,59,59,59,39,39,40,40,34,11,36,36,51,73,77,77,67,67,67,67,52,52,52,52,30,46,46,33,60,7,69,88,82,75,51,44,44,44,40,40,23,65,55,55,16,58,0],"gold":151,"neow_bonus":"TWO_FIFTY_GOLD","is_prod":false,"is_daily":false,"chose_seed":false,"campfire_upgraded":9,"win_rate":0,"timestamp":1569948543,"path_taken":["M","M","?","M","?","R","$","E","T","M","R","E","?","?","R","BOSS","M","$","M","$","?","R","M","R","T","R","E","M","R","M","R","BOSS","M","?","M","M","M","R","$","M","T","M","R","M","R","?","R","BOSS"],"build_version":"2019-09-27","purchased_purges":2,"victory":false,"max_hp_per_floor":[75,75,75,75,75,75,75,75,75,75,75,75,75,75,75,80,80,80,80,80,80,80,80,80,80,80,80,90,90,90,90,90,90,90,90,90,90,90,90,90,90,90,90,90,90,90,90,90,90,90],"card_choices":[{"not_picked":["Thunderclap","Rampage"],"picked":"Headbutt","floor":1.0},{"not_picked":["Infernal Blade","Body Slam","Second Wind"],"picked":"SKIP","floor":2.0},{"not_picked":["Exhume","Clothesline"],"picked":"Metallicize","floor":4.0},{"not_picked":["Reinforced Body","Wild Strike"],"picked":"Shrug It Off","floor":8.0},{"not_picked":["Distraction","Clothesline"],"picked":"Hello World","floor":10.0},{"not_picked":["CrushJoints","Cloak And Dagger"],"picked":"Fasting","floor":12.0},{"not_picked":["Berserk","Amplify"],"picked":"Echo Form","floor":16.0},{"not_picked":["Headbutt","Wallop","Prepared"],"picked":"SKIP","floor":18.0},{"not_picked":["Collect","CutThroughFate","Stack+1"],"picked":"SKIP","floor":20.0},{"not_picked":["Anger","ClearTheMind","Underhanded Strike"],"picked":"SKIP","floor":24.0},{"not_picked":["Havoc","Predator"],"picked":"Sunder+1","floor":28.0},{"not_picked":["Rip and Tear+1","FollowUp","Blade Dance"],"picked":"SKIP","floor":29.0},{"not_picked":["Escape Plan","Biased Cognition"],"picked":"PiercingWail+1","floor":31.0},{"not_picked":["Bludgeon","ReachHeaven"],"picked":"Venomology","floor":33.0},{"not_picked":["MentalFortress","Static Discharge","Dagger Throw+1","Backflip"],"picked":"SKIP","floor":35.0},{"not_picked":["Acrobatics","Consecrate","Flying Knee","Vengeance"],"picked":"SKIP","floor":36.0},{"not_picked":["Tantrum","Second Wind+1","Carnage+1"],"picked":"Evolve","floor":37.0},{"not_picked":["Backflip+1","Inflame","PathToVictory"],"picked":"Turbo+1","floor":38.0},{"not_picked":["Infernal Blade+1","Backflip","Riddle With Holes+1"],"picked":"Terror","floor":39.0},{"not_picked":["Shockwave+1","Body Slam","Gash","Bloodletting"],"picked":"SKIP","floor":42.0},{"not_picked":["Crippling Poison","Dagger Throw","Go for the Eyes","Underhanded Strike"],"picked":"SKIP","floor":44},{"not_picked":["Headbutt","Choke","FTL"],"picked":"Chaos","floor":46},{"not_picked":["Sucker Punch+1","Eviscerate+1","Prepared+1"],"picked":"Steam Power","floor":48}],"player_experience":1171963,"relics_obtained":[{"floor":8.0,"key":"Boot"},{"floor":9.0,"key":"Pen Nib"},{"floor":12.0,"key":"Toy Ornithopter"},{"floor":26.0,"key":"Tiny Chest"},{"floor":28.0,"key":"Pear"},{"floor":34.0,"key":"Regal Pillow"},{"floor":34.0,"key":"Question Card"},{"floor":34.0,"key":"FossilizedHelix"},{"floor":43.0,"key":"Bottled Lightning"}],"event_choices":[{"cards_removed":["Strike_R"],"damage_healed":0.0,"max_hp_gain":0.0,"max_hp_loss":0.0,"gold_gain":0.0,"event_name":"Purifier","player_choice":"Purged","floor":3.0,"gold_loss":0.0,"damage_taken":0.0},{"damage_healed":0.0,"max_hp_gain":0.0,"max_hp_loss":0.0,"gold_gain":0.0,"event_name":"Shining Light","player_choice":"Entered Light","floor":13.0,"gold_loss":0.0,"damage_taken":23.0,"cards_upgraded":["Bash","Defend_R"]},{"damage_healed":25.0,"max_hp_gain":0.0,"max_hp_loss":0.0,"gold_gain":0.0,"event_name":"Big Fish","player_choice":"Banana","floor":14.0,"gold_loss":0.0,"damage_taken":0.0},{"damage_healed":0.0,"max_hp_gain":0.0,"max_hp_loss":0.0,"gold_gain":0.0,"event_name":"Duplicator","player_choice":"Copied","floor":22.0,"gold_loss":0.0,"damage_taken":0.0,"cards_obtained":["Offering"]}],"is_beta":true,"boss_relics":[{"not_picked":["Runic Cube","Velvet Choker"],"picked":"Mark of Pain"},{"not_picked":["Black Star","Coffee Dripper"],"picked":"Calling Bell"}],"items_purged_floors":[5,41],"is_endless":false,"potions_floor_spawned":[4,8,10,12,16,20,24,29,31,33,37,38,44,46],"killed_by":"Time Eater","ascension_level":20}