{"gold_per_floor":[110,110,110,133,58,98,130,177,189,201,213,240,286,317,329,437,449,474,507,93,112,32,32],"floor_reached":23,"playtime":727,"items_purged":["Strike_R","Anger"],"score":472,"play_id":"ce1094e6-d654-4387-8d50-0705d2d1ff06","local_time":"20191015180258","is_ascension_mode":true,"campfire_choices":[{"data":"Rampage","floor":10,"key":"SMITH"},{"data":"Flame Barrier","floor":15,"key":"SMITH"}],"neow_cost":"NONE","seed_source_timestamp":77124423115300,"circlet_count":0,"master_deck":["AscendersBane","Strike_R","Strike_R","Strike_R","Defend_R","Defend_R","Defend_R","Defend_R","Bash","Headbutt","Rampage+1","Flame Barrier+1","Combust","Spot Weakness","Battle Trance","Brutality","Corruption","Inflame","Inflame+1","Clothesline","Feel No Pain+1"],"relics":["Burning Blood","NeowsBlessing","Golden Idol","Unceasing Top","MawBank","PreservedInsect","StrikeDummy","Art of War","Snecko Eye","Frozen Egg 2"],"potions_floor_usage":[8,8,21,21],"damage_taken":[{"damage":0,"enemies":"Small Slimes","floor":1,"turns":1},{"damage":0,"enemies":"Jaw Worm","floor":4,"turns":1},{"damage":0,"enemies":"Lagavulin","floor":6,"turns":1},{"damage":2,"enemies":"2 Louse","floor":7,"turns":4},{"damage":8,"enemies":"Gremlin Nob","floor":8,"turns":3},{"damage":22,"enemies":"Gremlin Gang","floor":12,"turns":5},{"damage":23,"enemies":"Lagavulin","floor":13,"turns":6},{"damage":1,"enemies":"2 Fungi Beasts","floor":14,"turns":3},{"damage":14,"enemies":"The Guardian","floor":16,"turns":9},{"damage":20,"enemies":"2 Thieves","floor":18,"turns":3},{"damage":22,"enemies":"Chosen","floor":19,"turns":5},{"damage":26,"enemies":"Shelled Parasite and Fungi","floor":21,"turns":4},{"damage":14,"enemies":"Gremlin Leader","floor":23,"turns":4}],"seed_played":"2760855783189675784","potions_obtained":[{"floor":4,"key":"Regen Potion"},{"floor":6,"key":"LiquidMemories"},{"floor":13,"key":"LiquidMemories"},{"floor":19,"key":"Block Potion"}],"is_trial":false,"path_per_floor":["M","?","?","M","$","E","M","E","T","R","?","M","E","M","R","B",null,"M","M","$","M","$","E"],"character_chosen":"IRONCLAD","items_purchased":["Frozen Egg 2","Inflame+1","Feel No Pain+1"],"campfire_rested":0,"item_purchase_floors":[20,20,22],"current_hp_per_floor":[74,48,22,28,28,34,38,45,45,45,45,29,12,17,17,9,59,45,29,29,9,9,0],"gold":32,"neow_bonus":"THREE_ENEMY_KILL","is_prod":false,"is_daily":false,"chose_seed":false,"campfire_upgraded":2,"win_rate":0,"timestamp":1571187778,"path_taken":["M","?","?","M","?","E","M","E","T","R","?","M","E","?","R","BOSS","M","M","$","M","$","E"],"build_version":"2019-10-15","purchased_purges":2,"victory":false,"max_hp_per_floor":[75,75,75,75,75,75,75,75,75,75,75,75,75,75,75,75,75,75,75,75,75,75,75],"card_choices":[{"not_picked":["True Grit","Second Wind"],"picked":"Headbutt","floor":1},{"not_picked":["Shrug It Off","Havoc"],"picked":"Rampage","floor":4},{"not_picked":["Sword Boomerang","Twin Strike","Reckless Charge"],"picked":"SKIP","floor":6},{"not_picked":["Reckless Charge","Sword Boomerang"],"picked":"Anger","floor":7},{"not_picked":["Metallicize","True Grit"],"picked":"Flame Barrier","floor":8},{"not_picked":["Clash","Anger"],"picked":"Combust","floor":12},{"not_picked":["Dropkick","Dual Wield"],"picked":"Spot Weakness","floor":13},{"not_picked":["Double Tap","Headbutt"],"picked":"Battle Trance","floor":14},{"not_picked":["Juggernaut","Fiend Fire"],"picked":"Brutality","floor":16},{"not_picked":["Flame Barrier","Inflame"],"picked":"Corruption","floor":18},{"not_picked":["Perfected Strike+1","Combust"],"picked":"Inflame","floor":19},{"not_picked":["Flex","True Grit"],"picked":"Clothesline","floor":21}],"player_experience":1581636,"relics_obtained":[{"floor":6,"key":"MawBank"},{"floor":8,"key":"PreservedInsect"},{"floor":9,"key":"StrikeDummy"},{"floor":13,"key":"Art of War"}],"event_choices":[{"damage_healed":0,"gold_gain":0,"player_choice":"Take Damage","damage_taken":26,"relics_obtained":["Golden Idol"],"max_hp_gain":0,"max_hp_loss":0,"event_name":"Golden Idol","floor":2,"gold_loss":0},{"damage_healed":0,"gold_gain":0,"player_choice":"Success","damage_taken":26,"relics_obtained":["Unceasing Top"],"max_hp_gain":0,"max_hp_loss":0,"event_name":"Scrap Ooze","floor":3,"gold_loss":0},{"cards_removed":["Strike_R"],"damage_healed":0,"gold_gain":0,"player_choice":"Purged","damage_taken":0,"max_hp_gain":0,"max_hp_loss":0,"event_name":"Purifier","floor":11,"gold_loss":0}],"is_beta":true,"boss_relics":[{"not_picked":["Tiny House","SlaversCollar"],"picked":"Snecko Eye"}],"items_purged_floors":[5,20],"is_endless":false,"potions_floor_spawned":[4,6,13,19],"killed_by":"Gremlin Leader","ascension_level":20}