{"gold_per_floor":[110,120,139,158,178,210,223,223,312,324],"floor_reached":10,"playtime":443,"items_purged":[],"score":144,"play_id":"67f131a5-0308-4ab8-abac-4565e1e939fc","local_time":"20191016160329","is_ascension_mode":true,"campfire_choices":[],"neow_cost":"TEN_PERCENT_HP_LOSS","seed_source_timestamp":156638113849000,"circlet_count":0,"master_deck":["AscendersBane","Strike_R","Strike_R","Strike_R","Strike_R","Strike_R","Defend_R","Defend_R","Defend_R","Defend_R","Bash","Mayhem","Power Through","Demon Form","Uppercut","Battle Trance"],"relics":["Burning Blood","Smiling Mask","MawBank","Molten Egg 2"],"potions_floor_usage":[5,7,10],"damage_taken":[{"damage":21,"enemies":"Jaw Worm","floor":1,"turns":7},{"damage":5,"enemies":"Small Slimes","floor":2,"turns":4},{"damage":4,"enemies":"2 Louse","floor":3,"turns":4},{"damage":11,"enemies":"Exordium Wildlife","floor":4,"turns":5},{"damage":28,"enemies":"Lots of Slimes","floor":5,"turns":6},{"damage":21,"enemies":"Gremlin Nob","floor":6,"turns":4},{"damage":36,"enemies":"Exordium Thugs","floor":7,"turns":7},{"damage":21,"enemies":"Red Slaver","floor":10,"turns":3}],"seed_played":"-3172674273423104124","potions_obtained":[{"floor":2,"key":"LiquidMemories"},{"floor":3,"key":"BloodPotion"},{"floor":6,"key":"BloodPotion"}],"is_trial":false,"path_per_floor":["M","M","M","M","M","E","M","?","T","M"],"character_chosen":"IRONCLAD","items_purchased":[],"campfire_rested":0,"item_purchase_floors":[],"current_hp_per_floor":[53,54,56,51,42,27,10,5,5,0],"gold":324,"neow_bonus":"RANDOM_COLORLESS_2","is_prod":false,"is_daily":false,"chose_seed":false,"campfire_upgraded":0,"win_rate":0,"timestamp":1571267009,"path_taken":["M","M","M","M","M","E","M","?","T","M"],"build_version":"2019-10-15","purchased_purges":0,"victory":false,"max_hp_per_floor":[68,68,68,68,68,68,68,68,68,68],"card_choices":[{"not_picked":["Secret Weapon","Secret Technique"],"picked":"Mayhem","floor":0},{"not_picked":["Rupture","Flex"],"picked":"Power Through","floor":1},{"not_picked":["Clash","Bloodletting","Armaments"],"picked":"SKIP","floor":2},{"not_picked":["Clash","Havoc","Entrench"],"picked":"SKIP","floor":3},{"not_picked":["Flame Barrier","Body Slam"],"picked":"Demon Form","floor":4},{"not_picked":["Intimidate","Pommel Strike","True Grit"],"picked":"SKIP","floor":5},{"not_picked":["Rupture","Iron Wave"],"picked":"Uppercut","floor":6},{"not_picked":["Perfected Strike","Heavy Blade"],"picked":"Battle Trance","floor":7}],"player_experience":1600627,"relics_obtained":[{"floor":6,"key":"Smiling Mask"},{"floor":9,"key":"Molten Egg 2"}],"event_choices":[{"damage_healed":0,"gold_gain":0,"player_choice":"Success","damage_taken":5,"relics_obtained":["MawBank"],"max_hp_gain":0,"max_hp_loss":0,"event_name":"Scrap Ooze","floor":8,"gold_loss":0}],"is_beta":true,"boss_relics":[],"items_purged_floors":[],"is_endless":false,"potions_floor_spawned":[2,3,6],"killed_by":"Red Slaver","ascension_level":20}