{"gold_per_floor":[112,123,135,155,174,207,219,219,219,219,235,248,279,311,323,335],"floor_reached":16,"playtime":541,"items_purged":[],"score":236,"play_id":"43f2a174-a7ce-42ce-b057-30ad1515d610","local_time":"20191017105842","is_ascension_mode":true,"campfire_choices":[{"data":"Combust","floor":8,"key":"SMITH"},{"data":"Inflame","floor":10,"key":"SMITH"},{"data":"Inflame","floor":15,"key":"SMITH"}],"neow_cost":"NONE","seed_source_timestamp":224653891063400,"circlet_count":0,"master_deck":["AscendersBane","Strike_R","Strike_R","Strike_R","Strike_R","Strike_R","Defend_R","Defend_R","Defend_R","Defend_R","Bash","Shrug It Off","Reckless Charge","Inflame+1","Headbutt","Combust+1","Fiend Fire","Inflame+1"],"relics":["Burning Blood","Ancient Tea Set","Eternal Feather","MawBank"],"potions_floor_usage":[6,6,7],"damage_taken":[{"damage":11,"enemies":"Jaw Worm","floor":1,"turns":5},{"damage":2,"enemies":"2 Louse","floor":2,"turns":4},{"damage":0,"enemies":"Cultist","floor":3,"turns":3},{"damage":7,"enemies":"Large Slime","floor":4,"turns":6},{"damage":11,"enemies":"Red Slaver","floor":5,"turns":5},{"damage":29,"enemies":"3 Sentries","floor":6,"turns":7},{"damage":9,"enemies":"Exordium Thugs","floor":7,"turns":4},{"damage":6,"enemies":"Looter","floor":11,"turns":3},{"damage":6,"enemies":"Large Slime","floor":12,"turns":6},{"damage":35,"enemies":"Lagavulin","floor":13,"turns":6},{"damage":15,"enemies":"Gremlin Gang","floor":14,"turns":5},{"damage":38,"enemies":"Hexaghost","floor":16,"turns":5}],"seed_played":"7965800138669942952","potions_obtained":[{"floor":2,"key":"BloodPotion"},{"floor":5,"key":"LiquidBronze"},{"floor":6,"key":"SkillPotion"},{"floor":11,"key":"FearPotion"}],"is_trial":false,"path_per_floor":["M","M","M","M","M","E","M","R","T","R","M","M","E","M","R","B"],"character_chosen":"IRONCLAD","items_purchased":[],"campfire_rested":0,"item_purchase_floors":[],"current_hp_per_floor":[63,67,73,72,67,59,56,56,56,65,65,65,36,27,36,0],"gold":335,"neow_bonus":"THREE_CARDS","is_prod":false,"is_daily":false,"chose_seed":false,"campfire_upgraded":3,"win_rate":0,"timestamp":1571335122,"path_taken":["M","M","M","M","M","E","M","R","T","R","M","M","E","M","R","BOSS"],"build_version":"2019-10-16","purchased_purges":0,"victory":false,"max_hp_per_floor":[75,75,75,75,75,75,75,75,75,75,75,75,75,75,75,75],"card_choices":[{"not_picked":["Ghostly Armor","Flame Barrier"],"picked":"Shrug It Off","floor":0},{"not_picked":["Body Slam","Twin Strike"],"picked":"Reckless Charge","floor":1},{"not_picked":["Body Slam","Thunderclap","Perfected Strike"],"picked":"SKIP","floor":2},{"not_picked":["Dual Wield","Thunderclap"],"picked":"Inflame","floor":3},{"not_picked":["Iron Wave","Havoc","Dual Wield"],"picked":"SKIP","floor":4},{"not_picked":["True Grit","Iron Wave"],"picked":"Headbutt","floor":5},{"not_picked":["Wild Strike","Entrench","Headbutt"],"picked":"SKIP","floor":6},{"not_picked":["Dropkick","Headbutt"],"picked":"Combust","floor":7},{"not_picked":["Juggernaut","Wild Strike","Cleave"],"picked":"SKIP","floor":11},{"not_picked":["Heavy Blade","Sentinel","Pommel Strike"],"picked":"SKIP","floor":12},{"not_picked":["Sword Boomerang","Warcry"],"picked":"Fiend Fire","floor":13},{"not_picked":["Shrug It Off","Searing Blow"],"picked":"Inflame","floor":14}],"player_experience":1611481,"relics_obtained":[{"floor":6,"key":"Ancient Tea Set"},{"floor":9,"key":"Eternal Feather"},{"floor":13,"key":"MawBank"}],"event_choices":[],"is_beta":true,"boss_relics":[],"items_purged_floors":[],"is_endless":false,"potions_floor_spawned":[2,5,6,11],"killed_by":"Hexaghost","ascension_level":20}