{"gold_per_floor":[111,122,47,66,66,66,96,109,109,109,109,9,9,25,25,125,125,142,156,156,175,175,207,242,275,275,73,73,73,73,92,92,195,195,210,310,327,379,601,631,643,655,655,687,687,155,155,155,155,155],"floor_reached":50,"playtime":3840,"items_purged":["Strike_G","Strike_G","Defend_G","Defend_G"],"score":697,"play_id":"0a9165d8-7c92-4cc5-a788-65922e120412","local_time":"20190914145855","is_ascension_mode":true,"campfire_choices":[{"data":"Neutralize","floor":6,"key":"SMITH"},{"data":"Quick Slash","floor":10,"key":"SMITH"},{"data":"Dagger Throw","floor":13,"key":"SMITH"},{"data":"Backflip","floor":15,"key":"SMITH"},{"data":"Prepared","floor":30,"key":"SMITH"},{"data":"Wraith Form v2","floor":32,"key":"SMITH"},{"floor":45,"key":"REST"},{"floor":49,"key":"RECALL"}],"neow_cost":"NONE","seed_source_timestamp":181339196334200,"circlet_count":0,"master_deck":["Strike_G+1","Strike_G+1","Strike_G+1","Defend_G+1","Survivor+1","Neutralize+1","Terror+1","Dagger Throw+1","Prepared+1","Quick Slash+1","Dagger Spray+1","Backflip+1","Wraith Form v2+1","Quick Slash+1","Backstab+1","Backstab+1","Dagger Spray+1","Flying Knee+1","Masterful Stab+1","Blur+1","Masterful Stab+1","RitualDagger+1","Backflip+1","Tools of the Trade+1","Backstab+1","Dash+1","Expertise+1","Dagger Spray+1","Acrobatics+1","Metamorphosis+1","Backflip+1","Flying Knee+1","Dodge and Roll"],"relics":["Ring of the Snake","Darkstone Periapt","Molten Egg 2","Philosopher\u0027s Stone","Tingsha","Vajra","Red Mask","Blood Vial","Matryoshka","Fusion Hammer","FossilizedHelix","Potion Belt","Orichalcum","Prayer Wheel","Ninja Scroll","Mark of the Bloom"],"potions_floor_usage":[23,25,33,33,37,44,50,50],"damage_taken":[{"damage":0,"enemies":"Small Slimes","floor":1,"turns":3},{"damage":0,"enemies":"Cultist","floor":2,"turns":3},{"damage":0,"enemies":"2 Louse","floor":4,"turns":3},{"damage":43,"enemies":"3 Sentries","floor":7,"turns":13},{"damage":2,"enemies":"Exordium Thugs","floor":8,"turns":5},{"damage":9,"enemies":"2 Fungi Beasts","floor":14,"turns":3},{"damage":21,"enemies":"Hexaghost","floor":16,"turns":10},{"damage":7,"enemies":"3 Byrds","floor":18,"turns":4},{"damage":3,"enemies":"Spheric Guardian","floor":19,"turns":4},{"damage":1,"enemies":"Chosen and Byrds","floor":21,"turns":3},{"damage":6,"enemies":"Book of Stabbing","floor":23,"turns":5},{"damage":2,"enemies":"Masked Bandits","floor":24,"turns":3},{"damage":0,"enemies":"Gremlin Leader","floor":25,"turns":3},{"damage":0,"enemies":"Snecko","floor":31,"turns":2},{"damage":31,"enemies":"Automaton","floor":33,"turns":9},{"damage":0,"enemies":"Orb Walker","floor":35,"turns":2},{"damage":13,"enemies":"3 Darklings","floor":37,"turns":4},{"damage":5,"enemies":"2 Orb Walkers","floor":38,"turns":4},{"damage":0,"enemies":"Reptomancer","floor":40,"turns":4},{"damage":0,"enemies":"Jaw Worm Horde","floor":41,"turns":2},{"damage":9,"enemies":"Maw","floor":42,"turns":5},{"damage":0,"enemies":"Nemesis","floor":44,"turns":5},{"damage":89,"enemies":"Time Eater","floor":50,"turns":9}],"seed_played":"-1954027800046074710","potions_obtained":[{"floor":2,"key":"Swift Potion"},{"floor":14,"key":"GhostInAJar"},{"floor":18,"key":"LiquidBronze"},{"floor":21,"key":"Poison Potion"},{"floor":23,"key":"Energy Potion"},{"floor":35,"key":"PowerPotion"},{"floor":41,"key":"Ancient Potion"},{"floor":42,"key":"SkillPotion"}],"is_trial":false,"path_per_floor":["M","M","$","M","?","R","E","M","T","R","?","$","R","M","R","B",null,"M","M","?","M","T","E","?","E","T","$","?","$","R","M","R","B",null,"M","?","M","?","?","E","M","M","T","E","R","$","?","?","R","B"],"character_chosen":"THE_SILENT","items_purchased":["Masterful Stab+1","GamblersBrew","Dexterity Potion","Metamorphosis","Backflip","Flying Knee+1"],"campfire_rested":1,"item_purchase_floors":[27,46,46,46,46,46],"current_hp_per_floor":[77,77,77,77,77,77,34,32,32,32,32,32,32,23,23,2,77,70,67,67,66,66,60,58,58,58,58,52,52,52,54,54,25,77,77,77,64,61,61,63,65,58,58,60,77,77,77,77,77,0],"gold":155,"neow_bonus":"TEN_PERCENT_HP_BONUS","is_prod":false,"is_daily":false,"chose_seed":false,"campfire_upgraded":6,"win_rate":0,"timestamp":1568465935,"path_taken":["M","M","$","M","?","R","E","?","T","R","?","?","R","M","R","BOSS","M","M","?","M","?","E","?","E","T","$","?","?","R","M","R","BOSS","M","?","?","?","?","E","?","M","T","E","R","$","?","?","R","BOSS"],"build_version":"2019-07-17","purchased_purges":4,"victory":false,"max_hp_per_floor":[77,77,77,77,77,77,77,77,77,77,77,77,77,77,77,77,77,77,77,77,77,77,77,77,77,77,77,77,77,77,77,77,77,77,77,77,77,77,77,77,77,77,77,77,77,77,77,77,77,77],"card_choices":[{"not_picked":["Deadly Poison","Endless Agony"],"picked":"Terror","floor":1},{"not_picked":["Dodge and Roll","Prepared"],"picked":"Dagger Throw","floor":2},{"not_picked":["Deflect","Flying Knee"],"picked":"Prepared","floor":4},{"not_picked":["Sucker Punch","Venomology"],"picked":"Quick Slash","floor":7},{"not_picked":["Catalyst","PiercingWail"],"picked":"Dagger Spray","floor":8},{"not_picked":["Outmaneuver","Endless Agony+1"],"picked":"Backflip","floor":14},{"not_picked":["Venomology","Malaise"],"picked":"Wraith Form v2","floor":16},{"not_picked":["Deflect","Acrobatics"],"picked":"Quick Slash+1","floor":18},{"not_picked":["Dagger Throw+1","Deflect+1"],"picked":"Backstab+1","floor":19},{"not_picked":["Slice+1","Bane+1"],"picked":"Dagger Spray+1","floor":21},{"not_picked":["Doppelganger","Envenom"],"picked":"Flying Knee+1","floor":23},{"not_picked":["Cloak And Dagger","Dodge and Roll"],"picked":"Masterful Stab+1","floor":24},{"not_picked":["Deadly Poison","Sucker Punch+1"],"picked":"Blur+1","floor":25},{"not_picked":["Dash+1","Sucker Punch+1"],"picked":"Backflip","floor":31},{"not_picked":["Storm of Steel","Malaise"],"picked":"Tools of the Trade","floor":33},{"not_picked":["Quick Slash+1","Dodge and Roll"],"picked":"Backstab+1","floor":35},{"not_picked":["Outmaneuver+1","Underhanded Strike+1","Blade Dance+1"],"picked":"SKIP","floor":37},{"not_picked":["Poisoned Stab+1","Dodge and Roll"],"picked":"Dash+1","floor":38},{"not_picked":["Bane+1","Sucker Punch+1","PiercingWail"],"picked":"SKIP","floor":40},{"not_picked":["Burst","Riddle With Holes+1"],"picked":"Expertise","floor":41},{"not_picked":["Eviscerate+1","Escape Plan"],"picked":"Dagger Spray+1","floor":42},{"not_picked":["Predator+1","Dagger Throw+1"],"picked":"Acrobatics+1","floor":44}],"player_experience":123405,"relics_obtained":[{"floor":7,"key":"Darkstone Periapt"},{"floor":9,"key":"Molten Egg 2"},{"floor":22,"key":"Tingsha"},{"floor":23,"key":"Vajra"},{"floor":24,"key":"Red Mask"},{"floor":25,"key":"Blood Vial"},{"floor":26,"key":"Matryoshka"},{"floor":38,"key":"FossilizedHelix"},{"floor":40,"key":"Potion Belt"},{"floor":43,"key":"Orichalcum"},{"floor":43,"key":"Prayer Wheel"},{"floor":44,"key":"Ninja Scroll"}],"event_choices":[{"cards_removed":["Defend_G"],"damage_healed":0,"gold_gain":0,"player_choice":"Purged","damage_taken":0,"max_hp_gain":0,"max_hp_loss":0,"event_name":"Purifier","floor":5,"gold_loss":0},{"damage_healed":0,"gold_gain":0,"player_choice":"Upgraded","damage_taken":0,"max_hp_gain":0,"max_hp_loss":0,"event_name":"Upgrade Shrine","floor":11,"gold_loss":0,"cards_upgraded":["Dagger Spray"]},{"damage_healed":0,"gold_gain":0,"player_choice":"Read","damage_taken":0,"max_hp_gain":0,"max_hp_loss":0,"event_name":"The Library","floor":20,"gold_loss":0,"cards_obtained":["Backstab"]},{"damage_healed":0,"gold_gain":0,"player_choice":"Fought Bandits","damage_taken":0,"max_hp_gain":0,"max_hp_loss":0,"event_name":"Masked Bandits","floor":24,"gold_loss":0},{"damage_healed":0,"gold_gain":0,"player_choice":"Joined the Cult","damage_taken":6,"max_hp_gain":0,"max_hp_loss":0,"event_name":"Nest","floor":28,"gold_loss":0,"cards_obtained":["RitualDagger"]},{"damage_healed":0,"gold_gain":100,"player_choice":"Pray","damage_taken":0,"max_hp_gain":0,"max_hp_loss":0,"event_name":"Golden Shrine","floor":36,"gold_loss":0},{"damage_healed":0,"gold_gain":0,"player_choice":"Fight","damage_taken":0,"max_hp_gain":0,"max_hp_loss":0,"event_name":"Mysterious Sphere","floor":38,"gold_loss":0},{"damage_healed":0,"gold_gain":222,"player_choice":"Wore Mask","damage_taken":0,"max_hp_gain":0,"max_hp_loss":0,"event_name":"Tomb of Lord Red Mask","floor":39,"gold_loss":0},{"damage_healed":0,"gold_gain":0,"player_choice":"Upgrade","damage_taken":0,"relics_obtained":["Mark of the Bloom"],"max_hp_gain":0,"max_hp_loss":0,"event_name":"MindBloom","floor":47,"gold_loss":0,"cards_upgraded":["Strike_G","Strike_G","Strike_G","Defend_G","Defend_G","Survivor","Terror","Backflip","Tools of the Trade","Expertise","Metamorphosis","Backflip"]},{"damage_healed":0,"gold_gain":0,"cards_transformed":["Defend_G"],"player_choice":"Transformed","damage_taken":0,"max_hp_gain":0,"max_hp_loss":0,"event_name":"Transmorgrifier","floor":48,"gold_loss":0,"cards_obtained":["Dodge and Roll"]}],"is_beta":false,"boss_relics":[{"not_picked":["Orrery","Ring of the Serpent"],"picked":"Philosopher\u0027s Stone"},{"not_picked":["Velvet Choker","Snecko Eye"],"picked":"Fusion Hammer"}],"items_purged_floors":[3,12,27,46],"is_endless":false,"potions_floor_spawned":[2,14,18,21,23,35,41,42],"killed_by":"Time Eater","ascension_level":2}