{"gold_per_floor":[116,116,126,58,68,96,111,138,138,12,39,39,49,63,63,164,164,176,190,204,223,258,285,285,305,330,357,357,377,377,403,403,505,505,520,533,533,549,549,581,581,594,594,624,635,483,533,157,157,157],"floor_reached":51,"playtime":4728,"items_purged":["Strike_B","Writhe","Strike_B"],"score":912,"play_id":"2aedd478-6ec9-4021-ba97-9199f88a8309","local_time":"20190917215029","is_ascension_mode":true,"campfire_choices":[{"data":"Zap","floor":12,"key":"SMITH"},{"data":"Defragment","floor":15,"key":"SMITH"},{"floor":24,"key":"REST"},{"floor":28,"key":"REST"},{"data":"Buffer","floor":32,"key":"SMITH"},{"floor":41,"key":"REST"},{"data":"1","floor":49,"key":"LIFT"}],"neow_cost":"NONE","seed_source_timestamp":464334291734400,"circlet_count":0,"master_deck":["Strike_B","Strike_B","Defend_B","Defend_B","Defend_B","Zap+1","Dualcast","Forethought","BootSequence","Conserve Battery","Melter","Cold Snap","Cold Snap+1","Genetic Algorithm","Defragment+1","Rebound+1","Go for the Eyes+1","Steam","Gash+1","Buffer+1","Gash+1","Compile Driver+1","Undo+1","Beam Cell+1","Loop+1","Hologram","Leap+1","Barrage+1","Capacitor","Biased Cognition","Ball Lightning+1","Mayhem","Compile Driver+1","Consume+1","White Noise+1","Chill+1"],"relics":["Cracked Core","Molten Egg 2","Bronze Scales","Centennial Puzzle","Sundial","Velvet Choker","Red Mask","Boot","Happy Flower","Incense Burner","Pocketwatch","Cursed Key","Darkstone Periapt","Bird Faced Urn","Bag of Preparation","Girya","Bottled Lightning"],"potions_floor_usage":[6,8,8,11,11,16,19,22,23,27,27,27,29,31,38,44,44,44,44,47,50,50,50],"damage_taken":[{"damage":0,"enemies":"2 Louse","floor":1,"turns":2},{"damage":1,"enemies":"Cultist","floor":3,"turns":4},{"damage":0,"enemies":"Small Slimes","floor":5,"turns":3},{"damage":18,"enemies":"Lagavulin","floor":6,"turns":6},{"damage":3,"enemies":"Looter","floor":7,"turns":3},{"damage":7,"enemies":"3 Sentries","floor":8,"turns":7},{"damage":8,"enemies":"Gremlin Nob","floor":11,"turns":3},{"damage":0,"enemies":"Large Slime","floor":13,"turns":4},{"damage":11,"enemies":"2 Fungi Beasts","floor":14,"turns":2},{"damage":3,"enemies":"Hexaghost","floor":16,"turns":9},{"damage":0,"enemies":"Chosen","floor":18,"turns":4},{"damage":20,"enemies":"3 Byrds","floor":19,"turns":3},{"damage":0,"enemies":"Cultist and Chosen","floor":20,"turns":6},{"damage":4,"enemies":"Centurion and Healer","floor":21,"turns":8},{"damage":5,"enemies":"Masked Bandits","floor":22,"turns":4},{"damage":20,"enemies":"Gremlin Leader","floor":23,"turns":6},{"damage":0,"enemies":"Snecko","floor":25,"turns":4},{"damage":20,"enemies":"Slavers","floor":27,"turns":3},{"damage":13,"enemies":"3 Cultists","floor":29,"turns":5},{"damage":5,"enemies":"Gremlin Leader","floor":31,"turns":6},{"damage":20,"enemies":"Collector","floor":33,"turns":9},{"damage":0,"enemies":"Orb Walker","floor":35,"turns":4},{"damage":2,"enemies":"3 Shapes","floor":36,"turns":5},{"damage":0,"enemies":"3 Darklings","floor":38,"turns":6},{"damage":40,"enemies":"Giant Head","floor":40,"turns":10},{"damage":5,"enemies":"Maw","floor":42,"turns":6},{"damage":9,"enemies":"Reptomancer","floor":44,"turns":7},{"damage":0,"enemies":"Transient","floor":45,"turns":5},{"damage":22,"enemies":"2 Orb Walkers","floor":47,"turns":5},{"damage":56,"enemies":"Time Eater","floor":50,"turns":6}],"seed_played":"-4808508911728226952","potions_obtained":[{"floor":1,"key":"PowerPotion"},{"floor":3,"key":"EntropicBrew"},{"floor":8,"key":"GamblersBrew"},{"floor":11,"key":"Ancient Potion"},{"floor":14,"key":"PowerPotion"},{"floor":16,"key":"EntropicBrew"},{"floor":18,"key":"GamblersBrew"},{"floor":20,"key":"Strength Potion"},{"floor":22,"key":"SmokeBomb"},{"floor":25,"key":"Swift Potion"},{"floor":27,"key":"Fire Potion"},{"floor":31,"key":"Block Potion"},{"floor":33,"key":"Dexterity Potion"},{"floor":38,"key":"Explosive Potion"},{"floor":40,"key":"EntropicBrew"},{"floor":42,"key":"Weak Potion"},{"floor":45,"key":"Ancient Potion"},{"floor":47,"key":"Poison Potion"}],"is_trial":false,"path_per_floor":["M","?","M","$","M","E","M","E","T","$","E","R","M","M","R","B",null,"M","M","M","M","?","E","R","M","T","E","R","M","?","E","R","B",null,"M","M","?","M","?","E","R","M","T","E","M","$","?","$","R","B",null],"character_chosen":"DEFECT","items_purchased":["Melter","Rebound+1","SteroidPotion","Bottled Lightning"],"campfire_rested":3,"item_purchase_floors":[4,10,46,48],"current_hp_per_floor":[75,75,74,74,74,56,53,46,46,46,38,38,38,27,27,24,75,75,55,55,51,46,26,48,48,48,28,50,37,62,57,57,37,75,75,73,73,73,71,31,52,47,53,66,74,74,63,63,63,27],"gold":157,"neow_bonus":"RANDOM_COLORLESS","is_prod":false,"is_daily":false,"chose_seed":false,"campfire_upgraded":3,"win_rate":0,"timestamp":1568749829,"path_taken":["M","?","?","$","M","E","M","E","T","$","E","R","M","M","R","BOSS","M","M","M","M","?","E","R","M","T","E","R","M","?","E","R","BOSS","M","M","?","M","?","E","R","M","T","E","M","$","?","$","R","BOSS"],"build_version":"2019-07-17","purchased_purges":3,"victory":true,"max_hp_per_floor":[75,75,75,75,75,75,75,75,75,75,75,75,75,75,75,75,75,75,75,75,75,75,75,75,75,75,75,75,75,75,75,75,75,75,75,75,75,75,71,71,71,71,77,77,77,77,77,77,77,77],"card_choices":[{"not_picked":["Fusion","Leap"],"picked":"BootSequence","floor":1},{"not_picked":["Skim","Undo"],"picked":"Conserve Battery","floor":3},{"not_picked":["Stack","Turbo"],"picked":"Cold Snap","floor":5},{"not_picked":["All For One","Barrage"],"picked":"Cold Snap","floor":6},{"not_picked":["Fusion","Reinforced Body"],"picked":"Genetic Algorithm","floor":7},{"not_picked":["Double Energy","Fusion"],"picked":"Defragment","floor":8},{"not_picked":["Reinforced Body","Recycle"],"picked":"Go for the Eyes+1","floor":11},{"not_picked":["Stack","Tempest"],"picked":"Steam","floor":13},{"not_picked":["Loop","Hologram"],"picked":"Gash+1","floor":14},{"not_picked":["Multi-Cast","Creative AI"],"picked":"Buffer","floor":16},{"not_picked":["Steam","Redo"],"picked":"Gash+1","floor":18},{"not_picked":["Stack","Steam"],"picked":"Compile Driver+1","floor":19},{"not_picked":["Auto Shields","Hologram"],"picked":"Undo+1","floor":20},{"not_picked":["Undo","Coolheaded"],"picked":"Beam Cell+1","floor":21},{"not_picked":["Multi-Cast","Storm"],"picked":"Loop+1","floor":23},{"not_picked":["Static Discharge","Self Repair"],"picked":"Hologram","floor":25},{"not_picked":["Blizzard+1","Hologram"],"picked":"Leap+1","floor":27},{"not_picked":["White Noise","Conserve Battery+1"],"picked":"Barrage+1","floor":29},{"not_picked":["Coolheaded","BootSequence"],"picked":"Capacitor","floor":31},{"not_picked":["Core Surge+1","Amplify"],"picked":"Biased Cognition","floor":33},{"not_picked":["Force Field+1","Recycle"],"picked":"Ball Lightning+1","floor":35},{"not_picked":["Chaos","BootSequence+1","Scrape+1"],"picked":"SKIP","floor":36},{"not_picked":["Purity","Jack Of All Trades"],"picked":"Mayhem","floor":37},{"not_picked":["Go for the Eyes+1","Static Discharge+1"],"picked":"Compile Driver+1","floor":38},{"not_picked":["Sweeping Beam+1","White Noise"],"picked":"Consume+1","floor":40},{"not_picked":["Stack","Chaos+1","Fusion+1"],"picked":"SKIP","floor":42},{"not_picked":["Redo","Fission"],"picked":"White Noise+1","floor":44},{"not_picked":["Capacitor","Sweeping Beam+1","Fusion"],"picked":"SKIP","floor":45},{"not_picked":["White Noise+1","Cold Snap+1"],"picked":"Chill+1","floor":47}],"player_experience":166706,"relics_obtained":[{"floor":6,"key":"Molten Egg 2"},{"floor":8,"key":"Bronze Scales"},{"floor":9,"key":"Centennial Puzzle"},{"floor":11,"key":"Sundial"},{"floor":22,"key":"Red Mask"},{"floor":23,"key":"Boot"},{"floor":26,"key":"Happy Flower"},{"floor":27,"key":"Incense Burner"},{"floor":31,"key":"Pocketwatch"},{"floor":40,"key":"Darkstone Periapt"},{"floor":43,"key":"Bird Faced Urn"},{"floor":44,"key":"Bag of Preparation"},{"floor":47,"key":"Girya"}],"event_choices":[{"cards_removed":["Defend_B"],"damage_healed":0,"gold_gain":0,"player_choice":"Purged","damage_taken":0,"max_hp_gain":0,"max_hp_loss":0,"event_name":"Purifier","floor":2,"gold_loss":0},{"damage_healed":0,"gold_gain":0,"player_choice":"Fought Bandits","damage_taken":0,"max_hp_gain":0,"max_hp_loss":0,"event_name":"Masked Bandits","floor":22,"gold_loss":0},{"damage_healed":25,"gold_gain":0,"player_choice":"Heal","damage_taken":0,"max_hp_gain":0,"max_hp_loss":0,"event_name":"The Library","floor":30,"gold_loss":0},{"damage_healed":0,"gold_gain":0,"player_choice":"Memory 1","damage_taken":0,"max_hp_gain":0,"max_hp_loss":0,"event_name":"SensoryStone","floor":37,"gold_loss":0},{"damage_healed":0,"gold_gain":0,"player_choice":"Max HP","damage_taken":0,"max_hp_gain":0,"max_hp_loss":4,"event_name":"Winding Halls","floor":39,"gold_loss":0},{"damage_healed":0,"gold_gain":0,"player_choice":"Fight","damage_taken":0,"max_hp_gain":0,"max_hp_loss":0,"event_name":"Mysterious Sphere","floor":47,"gold_loss":0}],"is_beta":false,"boss_relics":[{"not_picked":["Fusion Hammer","Inserter"],"picked":"Velvet Choker"},{"not_picked":["Busted Crown","Lizard Tail"],"picked":"Cursed Key"}],"items_purged_floors":[10,46,48],"is_endless":false,"potions_floor_spawned":[1,3,8,11,14,16,18,20,22,25,27,31,33,38,40,42,45,47],"ascension_level":4}