{"gold_per_floor":[113,71,81,81,92,92,107,107,189,223,223,237,263,275,287,378,390,417,33,44,5,5,5,5,16,43,43],"floor_reached":27,"playtime":1607,"items_purged":["Strike_G"],"score":409,"play_id":"bc3210c6-caf9-443c-92b0-5626e18d2761","local_time":"20190803234125","is_ascension_mode":true,"campfire_choices":[{"data":"Neutralize","floor":6,"key":"SMITH"},{"data":"Deflect","floor":8,"key":"SMITH"},{"floor":11,"key":"REST"},{"floor":15,"key":"REST"},{"floor":23,"key":"REST"}],"neow_cost":"NONE","seed_source_timestamp":1748108149687054,"circlet_count":0,"master_deck":["AscendersBane","Strike_G","Strike_G","Strike_G","Strike_G","Defend_G","Defend_G","Defend_G","Defend_G","Defend_G","Survivor","Neutralize+1","Crippling Poison","Flechettes","Leg Sweep","Crippling Poison","Deflect+1","Deadly Poison","Slice","Slice","Tools of the Trade","Deflect","Bandage Up","Tactician","Tactician","Dodge and Roll","Doubt"],"relics":["Ring of the Snake","Lantern","Matryoshka","Unceasing Top","MawBank","Cursed Key","Toy Ornithopter","Bottled Flame","Omamori"],"potions_floor_usage":[7,10],"damage_taken":[{"damage":6,"enemies":"2 Louse","floor":1,"turns":3},{"damage":0,"enemies":"Cultist","floor":3,"turns":4},{"damage":0,"enemies":"Small Slimes","floor":5,"turns":3},{"damage":0,"enemies":"2 Fungi Beasts","floor":7,"turns":2},{"damage":17,"enemies":"3 Sentries","floor":10,"turns":14},{"damage":9,"enemies":"3 Louse","floor":12,"turns":4},{"damage":32,"enemies":"Gremlin Nob","floor":13,"turns":6},{"damage":10,"enemies":"The Guardian","floor":16,"turns":15},{"damage":14,"enemies":"Shell Parasite","floor":18,"turns":9},{"damage":4,"enemies":"Spheric Guardian","floor":20,"turns":5},{"damage":19,"enemies":"Shelled Parasite and Fungi","floor":25,"turns":7},{"damage":54,"enemies":"Book of Stabbing","floor":27,"turns":7}],"seed_played":"6569903457001317050","potions_obtained":[{"floor":1,"key":"Explosive Potion"},{"floor":3,"key":"Fire Potion"},{"floor":13,"key":"Weak Potion"},{"floor":16,"key":"SteroidPotion"},{"floor":18,"key":"Energy Potion"}],"is_trial":false,"path_per_floor":["M","$","M","?","M","R","M","R","T","E","R","M","E","$","R","B",null,"M","$","M","$","?","R","?","M","T","E"],"character_chosen":"THE_SILENT","items_purchased":["Flechettes","Bandage Up","Toy Ornithopter","Tactician"],"campfire_rested":3,"item_purchase_floors":[2,19,19,21],"current_hp_per_floor":[59,59,59,41,41,41,41,41,41,24,45,36,4,4,25,15,58,44,44,44,44,44,65,65,50,50,0],"gold":43,"neow_bonus":"TEN_PERCENT_HP_BONUS","is_prod":false,"is_daily":false,"chose_seed":false,"campfire_upgraded":2,"win_rate":0,"timestamp":1564900885,"path_taken":["M","$","M","?","M","R","M","R","T","E","R","M","E","$","R","BOSS","M","$","M","$","?","R","?","?","T","E"],"build_version":"2019-07-17","purchased_purges":1,"victory":false,"max_hp_per_floor":[72,72,72,72,72,72,72,72,72,72,72,72,72,72,72,72,72,72,72,72,72,72,72,72,72,72,72],"card_choices":[{"not_picked":["PiercingWail","Bane"],"picked":"Crippling Poison","floor":1},{"not_picked":["PiercingWail","Quick Slash"],"picked":"Leg Sweep","floor":3},{"not_picked":["Bane","PiercingWail"],"picked":"Crippling Poison","floor":5},{"not_picked":["Slice","Acrobatics"],"picked":"Deflect","floor":7},{"not_picked":["Well Laid Plans","Wraith Form v2"],"picked":"Deadly Poison","floor":10},{"not_picked":["Predator","Quick Slash"],"picked":"Slice","floor":12},{"not_picked":["Dagger Throw","Deadly Poison"],"picked":"Slice","floor":13},{"not_picked":["Doppelganger","Unload"],"picked":"Tools of the Trade","floor":16},{"not_picked":["Distraction","Acrobatics"],"picked":"Deflect","floor":18},{"not_picked":["Noxious Fumes","Well Laid Plans"],"picked":"Tactician","floor":20},{"not_picked":["Blade Dance","Underhanded Strike"],"picked":"Dodge and Roll","floor":25}],"player_experience":166911,"relics_obtained":[{"floor":9,"key":"Matryoshka"},{"floor":10,"key":"Unceasing Top"},{"floor":13,"key":"MawBank"},{"floor":26,"key":"Bottled Flame"},{"floor":26,"key":"Omamori"}],"event_choices":[{"damage_healed":0,"gold_gain":0,"player_choice":"Success","damage_taken":18,"relics_obtained":["Lantern"],"max_hp_gain":0,"max_hp_loss":0,"event_name":"Scrap Ooze","floor":4,"gold_loss":0},{"damage_healed":0,"gold_gain":0,"player_choice":"Ignored","damage_taken":0,"max_hp_gain":0,"max_hp_loss":0,"event_name":"Ghosts","floor":22,"gold_loss":0},{"damage_healed":0,"gold_gain":0,"player_choice":"Ignored","damage_taken":0,"max_hp_gain":0,"max_hp_loss":0,"event_name":"N\u0027loth","floor":24,"gold_loss":0}],"is_beta":false,"boss_relics":[{"not_picked":["Runic Dome","Calling Bell"],"picked":"Cursed Key"}],"items_purged_floors":[19],"is_endless":false,"potions_floor_spawned":[1,3,13,16,18],"killed_by":"Book of Stabbing","ascension_level":17}