{"gold_per_floor":[117,22,33,51,67,82,114,189,189,199,210,236,236,251,251,355,355,375,386,53,152,152,152],"floor_reached":23,"playtime":2508,"items_purged":["Strike_G"],"score":293,"play_id":"2bdcfde6-2287-4c9e-adec-6c728d091158","local_time":"20191015062008","is_ascension_mode":true,"campfire_choices":[{"data":"After Image","floor":13,"key":"SMITH"},{"floor":15,"key":"REST"}],"neow_cost":"NONE","seed_source_timestamp":0,"circlet_count":0,"master_deck":["Strike_G","Strike_G","Strike_G","Strike_G","Defend_G","Defend_G","Defend_G","Defend_G","Defend_G","Survivor","Neutralize","Footwork","Well Laid Plans","Poisoned Stab","Backflip","PiercingWail","Caltrops","Dagger Throw","After Image+1","Infinite Blades","Noxious Fumes","Noxious Fumes","Acrobatics","A Thousand Cuts","Dodge and Roll","Blade Dance","Secret Weapon","Bullet Time"],"special_seed":0,"relics":["Ring of the Snake","Happy Flower","Pen Nib","Matryoshka","WristBlade"],"potions_floor_usage":[12,12,19,23,23,23],"damage_taken":[{"damage":1.0,"enemies":"Cultist","floor":1.0,"turns":5.0},{"damage":0.0,"enemies":"2 Louse","floor":3.0,"turns":2.0},{"damage":0.0,"enemies":"Small Slimes","floor":4.0,"turns":5.0},{"damage":2.0,"enemies":"Exordium Wildlife","floor":5.0,"turns":4.0},{"damage":0.0,"enemies":"Red Slaver","floor":6.0,"turns":6.0},{"damage":9.0,"enemies":"Lagavulin","floor":7.0,"turns":10.0},{"damage":0,"enemies":"3 Louse","floor":10,"turns":3},{"damage":20,"enemies":"Large Slime","floor":11,"turns":7},{"damage":10,"enemies":"3 Sentries","floor":12,"turns":8},{"damage":2,"enemies":"Blue Slaver","floor":14,"turns":5},{"damage":0,"enemies":"Hexaghost","floor":16,"turns":10},{"damage":18,"enemies":"2 Thieves","floor":18,"turns":5},{"damage":25,"enemies":"Chosen","floor":19,"turns":6},{"damage":35,"enemies":"Gremlin Leader","floor":23,"turns":4}],"seed_played":"1057894324584759103","potions_obtained":[{"floor":1.0,"key":"SpeedPotion"},{"floor":3.0,"key":"LiquidBronze"},{"floor":6.0,"key":"Fire Potion"},{"floor":7.0,"key":"Energy Potion"},{"floor":10,"key":"EssenceOfSteel"},{"floor":18,"key":"Strength Potion"},{"floor":22,"key":"Swift Potion"},{"floor":22,"key":"Block Potion"}],"is_trial":false,"path_per_floor":["M","$","M","M","M","M","E","?","T","M","M","E","R","M","R","B",null,"M","M","$","?","?","E"],"character_chosen":"THE_SILENT","items_purchased":["Well Laid Plans","Poisoned Stab","Secret Weapon","Bullet Time"],"campfire_rested":1,"item_purchase_floors":[2,2,20,20],"current_hp_per_floor":[69,69,69,69,67,67,58,47,47,47,27,17,17,15,36,36,70,52,27,27,27,27,0],"gold":152,"neow_bonus":"RANDOM_COMMON_RELIC","is_prod":false,"is_daily":false,"chose_seed":false,"campfire_upgraded":1,"win_rate":0,"timestamp":1571116808,"path_taken":["M","?","M","M","?","M","E","?","T","M","M","E","R","M","R","BOSS","M","M","$","?","?","E"],"build_version":"2019-09-09v2","purchased_purges":1,"victory":false,"max_hp_per_floor":[70,70,70,70,70,70,70,70,70,70,70,70,70,70,70,70,70,70,70,70,70,70,70],"card_choices":[{"not_picked":["Leg Sweep","Dagger Spray"],"picked":"Footwork","floor":1.0},{"not_picked":["Reflex","Expertise"],"picked":"Backflip","floor":3.0},{"not_picked":["Blade Dance","Endless Agony"],"picked":"PiercingWail","floor":4.0},{"not_picked":["Eviscerate","Sucker Punch"],"picked":"Caltrops","floor":5.0},{"not_picked":["Slice","Concentrate"],"picked":"Dagger Throw","floor":6.0},{"not_picked":["Outmaneuver","Riddle With Holes"],"picked":"After Image","floor":7.0},{"not_picked":["Finisher","Calculated Gamble"],"picked":"Infinite Blades","floor":10},{"not_picked":["Caltrops","Calculated Gamble"],"picked":"Noxious Fumes","floor":11},{"not_picked":["Venomology","Dodge and Roll"],"picked":"Noxious Fumes","floor":12},{"not_picked":["Deflect","Finisher"],"picked":"Acrobatics","floor":14},{"not_picked":["Malaise","After Image"],"picked":"A Thousand Cuts","floor":16},{"not_picked":["Underhanded Strike+1","Endless Agony"],"picked":"Dodge and Roll","floor":18},{"not_picked":["Tactician","Prepared+1"],"picked":"Blade Dance","floor":19}],"player_experience":184315,"relics_obtained":[{"floor":7.0,"key":"Pen Nib"},{"floor":12,"key":"Matryoshka"}],"event_choices":[{"damage_healed":0.0,"max_hp_gain":0.0,"max_hp_loss":0.0,"gold_gain":75.0,"event_name":"World of Goop","player_choice":"Gather Gold","floor":8.0,"gold_loss":0.0,"damage_taken":11.0},{"damage_healed":0,"gold_gain":99,"player_choice":"Stole From Cult","damage_taken":0,"max_hp_gain":0,"max_hp_loss":0,"event_name":"Nest","floor":21,"gold_loss":0},{"damage_healed":0,"gold_gain":0,"player_choice":"Got Potions","damage_taken":0,"max_hp_gain":0,"max_hp_loss":0,"event_name":"Lab","floor":22,"gold_loss":0}],"is_beta":true,"boss_relics":[{"not_picked":["Fusion Hammer","Ring of the Serpent"],"picked":"WristBlade"}],"items_purged_floors":[20],"is_endless":false,"potions_floor_spawned":[1,3,6,7,10,18],"killed_by":"Gremlin Leader","ascension_level":3}