{"gold_per_floor":[113,127,142,217,193,193,223,223,250,261,261,291,291,323,323,399,399,414,414,432,432],"floor_reached":21,"playtime":1244,"items_purged":[],"score":398,"play_id":"c7b86609-532e-4c42-9cf1-1d8ec23352f1","local_time":"20191014221635","is_ascension_mode":true,"campfire_choices":[{"data":"Clothesline","floor":6,"key":"SMITH"},{"data":"Bash","floor":11,"key":"SMITH"},{"data":"Feed","floor":13,"key":"SMITH"},{"data":"Evolve","floor":15,"key":"SMITH"}],"neow_cost":"TEN_PERCENT_HP_LOSS","seed_source_timestamp":5420476510900,"circlet_count":0,"master_deck":["AscendersBane","Strike_R","Strike_R","Strike_R","Strike_R","Strike_R","Defend_R","Defend_R","Defend_R","Defend_R","Bash+1","Clothesline+1","Metallicize","Feel No Pain","Feed+1","Second Wind","Evolve+1","Offering","Ghostly","Ghostly","Ghostly"],"relics":["Burning Blood","Mango","Eternal Feather","Centennial Puzzle","StrikeDummy","HornCleat","Philosopher\u0027s Stone"],"potions_floor_usage":[5,7,12,16,16],"damage_taken":[{"damage":4,"enemies":"Small Slimes","floor":1,"turns":4},{"damage":6,"enemies":"Jaw Worm","floor":2,"turns":5},{"damage":0,"enemies":"2 Louse","floor":3,"turns":2},{"damage":13,"enemies":"Exordium Thugs","floor":5,"turns":4},{"damage":21,"enemies":"3 Sentries","floor":7,"turns":11},{"damage":10,"enemies":"2 Fungi Beasts","floor":10,"turns":4},{"damage":18,"enemies":"Gremlin Nob","floor":12,"turns":4},{"damage":16,"enemies":"Lagavulin","floor":14,"turns":7},{"damage":44,"enemies":"Slime Boss","floor":16,"turns":14},{"damage":71,"enemies":"3 Byrds","floor":18,"turns":7},{"damage":6,"enemies":"Chosen","floor":20,"turns":4},{"damage":23,"enemies":"Centurion and Healer","floor":21,"turns":5}],"seed_played":"1038622013723202001","potions_obtained":[{"floor":1,"key":"DistilledChaos"},{"floor":3,"key":"Swift Potion"},{"floor":5,"key":"Explosive Potion"},{"floor":10,"key":"Ancient Potion"},{"floor":14,"key":"EssenceOfSteel"}],"is_trial":false,"path_per_floor":["M","M","M","?","M","R","E","?","T","M","R","E","R","E","R","B",null,"M","?","M","M"],"character_chosen":"IRONCLAD","items_purchased":[],"campfire_rested":0,"item_purchase_floors":[],"current_hp_per_floor":[82,82,82,71,64,64,49,54,54,53,62,50,59,53,62,28,81,20,20,20,0],"gold":432,"neow_bonus":"ONE_RARE_RELIC","is_prod":false,"is_daily":false,"chose_seed":false,"campfire_upgraded":4,"win_rate":0,"timestamp":1571116595,"path_taken":["M","M","M","?","M","R","E","?","T","M","R","E","R","E","R","BOSS","M","?","M","M"],"build_version":"2019-10-14","purchased_purges":0,"victory":false,"max_hp_per_floor":[82,82,82,82,82,82,82,87,87,90,90,90,90,94,94,98,98,102,51,51,51],"card_choices":[{"not_picked":["Pommel Strike","Heavy Blade"],"picked":"Clothesline","floor":1},{"not_picked":["Clothesline","Entrench"],"picked":"Metallicize","floor":2},{"not_picked":["Shockwave","Sever Soul","Heavy Blade"],"picked":"SKIP","floor":3},{"not_picked":["Metallicize","Blood for Blood"],"picked":"Feel No Pain","floor":5},{"not_picked":["Iron Wave","Warcry"],"picked":"Feed","floor":7},{"not_picked":["Seeing Red","Rupture"],"picked":"Second Wind","floor":10},{"not_picked":["Cleave","Blood for Blood","Dual Wield"],"picked":"SKIP","floor":12},{"not_picked":["Twin Strike","Second Wind"],"picked":"Evolve","floor":14},{"not_picked":["Double Tap","Berserk"],"picked":"Offering","floor":16},{"not_picked":["Armaments","Perfected Strike","Second Wind"],"picked":"SKIP","floor":18},{"not_picked":["Havoc","Armaments","Anger+1"],"picked":"SKIP","floor":20}],"player_experience":1575518,"relics_obtained":[{"floor":7,"key":"Eternal Feather"},{"floor":9,"key":"Centennial Puzzle"},{"floor":12,"key":"StrikeDummy"},{"floor":14,"key":"HornCleat"}],"event_choices":[{"damage_healed":0,"gold_gain":75,"player_choice":"Gather Gold","damage_taken":11,"max_hp_gain":0,"max_hp_loss":0,"event_name":"World of Goop","floor":4,"gold_loss":0},{"damage_healed":0,"gold_gain":0,"player_choice":"Donut","damage_taken":0,"max_hp_gain":5,"max_hp_loss":0,"event_name":"Big Fish","floor":8,"gold_loss":0},{"damage_healed":0,"gold_gain":0,"player_choice":"Became a Ghost","damage_taken":0,"max_hp_gain":0,"max_hp_loss":51,"event_name":"Ghosts","floor":19,"gold_loss":0,"cards_obtained":["Ghostly","Ghostly","Ghostly"]}],"is_beta":true,"boss_relics":[{"not_picked":["Runic Cube","Velvet Choker"],"picked":"Philosopher\u0027s Stone"}],"items_purged_floors":[],"is_endless":false,"potions_floor_spawned":[1,3,5,10,14],"killed_by":"Centurion and Healer","ascension_level":20}