{"gold_per_floor":[112,127,43,60,79,114,114,139,139,151,178,193,33,64,64,64],"floor_reached":16,"playtime":1106,"items_purged":[],"score":244,"play_id":"75916bec-8194-4bfb-99a4-b0819d06a3cc","local_time":"20190803092822","is_ascension_mode":true,"campfire_choices":[{"data":"Neutralize","floor":7,"key":"SMITH"},{"floor":15,"key":"REST"}],"neow_cost":"NONE","seed_source_timestamp":1697424615819990,"circlet_count":0,"master_deck":["AscendersBane","Strike_G","Strike_G","Strike_G+1","Strike_G+1","Strike_G","Defend_G+1","Defend_G","Defend_G","Defend_G","Defend_G","Survivor+1","Neutralize+1","Dodge and Roll","Bouncing Flask","Deadly Poison","PiercingWail","Escape Plan","PiercingWail","Cloak And Dagger","Blur"],"relics":["Philosopher\u0027s Stone","Whetstone","Bronze Scales","Bag of Preparation","Mercury Hourglass","Blood Vial","War Paint"],"potions_floor_usage":[8,8,14,14],"damage_taken":[{"damage":2,"enemies":"Cultist","floor":1,"turns":5},{"damage":3,"enemies":"Small Slimes","floor":2,"turns":4},{"damage":1,"enemies":"2 Louse","floor":4,"turns":2},{"damage":3,"enemies":"2 Fungi Beasts","floor":5,"turns":4},{"damage":9,"enemies":"Lagavulin","floor":6,"turns":8},{"damage":15,"enemies":"Gremlin Nob","floor":8,"turns":4},{"damage":0,"enemies":"Blue Slaver","floor":10,"turns":4},{"damage":11,"enemies":"Lagavulin","floor":11,"turns":6},{"damage":0,"enemies":"3 Louse","floor":12,"turns":2},{"damage":8,"enemies":"3 Sentries","floor":14,"turns":6},{"damage":37,"enemies":"Slime Boss","floor":16,"turns":6}],"seed_played":"2294216374472558055","potions_obtained":[{"floor":1,"key":"GamblersBrew"},{"floor":2,"key":"SteroidPotion"},{"floor":6,"key":"Swift Potion"},{"floor":8,"key":"LiquidBronze"},{"floor":11,"key":"LiquidBronze"},{"floor":12,"key":"Poison Potion"}],"is_trial":false,"path_per_floor":["M","M","$","M","M","E","R","E","T","M","E","M","$","E","R","B"],"character_chosen":"THE_SILENT","items_purchased":["Bouncing Flask","Blood Vial"],"campfire_rested":1,"item_purchase_floors":[3,13],"current_hp_per_floor":[57,54,54,53,50,41,41,26,26,26,15,15,15,9,28,0],"gold":64,"neow_bonus":"BOSS_RELIC","is_prod":false,"is_daily":false,"chose_seed":false,"campfire_upgraded":1,"win_rate":0,"timestamp":1564849702,"path_taken":["M","?","$","M","?","E","R","E","T","M","E","M","$","E","R","BOSS"],"build_version":"2019-07-17","purchased_purges":0,"victory":false,"max_hp_per_floor":[66,66,66,66,66,66,66,66,66,66,66,66,66,66,66,66],"card_choices":[{"not_picked":["Terror","Bane","Dash"],"picked":"SKIP","floor":1},{"not_picked":["Underhanded Strike","Bouncing Flask"],"picked":"Dodge and Roll","floor":2},{"not_picked":["Quick Slash","Outmaneuver"],"picked":"Deadly Poison","floor":4},{"not_picked":["Dagger Spray","Bane"],"picked":"PiercingWail","floor":5},{"not_picked":["Calculated Gamble","Sucker Punch","Distraction"],"picked":"SKIP","floor":6},{"not_picked":["Dagger Spray","Bane"],"picked":"Escape Plan","floor":8},{"not_picked":["Sucker Punch","Wraith Form v2"],"picked":"PiercingWail","floor":10},{"not_picked":["Reflex","Backstab","Outmaneuver"],"picked":"SKIP","floor":11},{"not_picked":["Underhanded Strike","Bane"],"picked":"Cloak And Dagger","floor":12},{"not_picked":["Terror","Riddle With Holes"],"picked":"Blur","floor":14}],"player_experience":161471,"relics_obtained":[{"floor":6,"key":"Whetstone"},{"floor":8,"key":"Bronze Scales"},{"floor":9,"key":"Bag of Preparation"},{"floor":11,"key":"Mercury Hourglass"},{"floor":14,"key":"War Paint"}],"event_choices":[],"is_beta":false,"boss_relics":[],"items_purged_floors":[],"is_endless":false,"potions_floor_spawned":[1,2,6,8,11,12],"killed_by":"Slime Boss","ascension_level":17}