{"gold_per_floor":[114,114,114,129,107,107,123,123,123,123,157,172,7,20,20,146,146,161,14,34,34,49,49,148,173,173,20,33,49,49,62,62,190,190,210,223,223,24,24,24,48,48,48,69,69,69,87,87,87,87],"floor_reached":51,"playtime":6245,"items_purged":["Defend_G","Defend_G"],"score":599,"play_id":"5418b083-3116-4cf7-8671-8bd8c2f44a0c","local_time":"20190910200751","is_ascension_mode":false,"campfire_choices":[{"floor":6,"key":"REST"},{"floor":10,"key":"DIG"},{"floor":15,"key":"REST"},{"data":"Outmaneuver","floor":23,"key":"SMITH"},{"floor":32,"key":"REST"},{"floor":40,"key":"DIG"},{"floor":42,"key":"DIG"},{"floor":45,"key":"REST"},{"floor":49,"key":"DIG"}],"neow_cost":"PERCENT_DAMAGE","seed_source_timestamp":1509788176774500,"circlet_count":0,"master_deck":["Strike_G+1","Strike_G+1","Strike_G+1","Strike_G+1","Strike_G+1","Defend_G+1","Defend_G+1","Survivor+1","Neutralize+1","Heel Hook+1","Acrobatics+1","Dagger Spray+1","Blade Dance+1","Deflect+1","Blur+1","Outmaneuver+1","Dash+1","Bullet Time+1","Finisher+1","Noxious Fumes+1","Calculated Gamble+1","Finisher+1","Heel Hook+1","A Thousand Cuts+1","Backflip+1","Backflip+1","Backstab+1","Phantasmal Killer+1","Slice+1","Distraction+1"],"relics":["Ring of the Snake","Nunchaku","Golden Idol","Shovel","Anchor","Bronze Scales","Runic Pyramid","Enchiridion","Thread and Needle","Fusion Hammer","TwistedFunnel","Oddly Smooth Stone","Potion Belt","Frozen Egg 2","Mark of the Bloom","Blood Vial"],"potions_floor_usage":[16,16,16,33,50,50],"damage_taken":[{"damage":3,"enemies":"Small Slimes","floor":1,"turns":4},{"damage":0,"enemies":"2 Louse","floor":4,"turns":3},{"damage":1,"enemies":"Cultist","floor":7,"turns":4},{"damage":14,"enemies":"3 Sentries","floor":11,"turns":6},{"damage":0,"enemies":"Lots of Slimes","floor":12,"turns":3},{"damage":0,"enemies":"Exordium Wildlife","floor":14,"turns":3},{"damage":21,"enemies":"The Guardian","floor":16,"turns":14},{"damage":9,"enemies":"Spheric Guardian","floor":18,"turns":4},{"damage":9,"enemies":"2 Thieves","floor":20,"turns":4},{"damage":4,"enemies":"Centurion and Healer","floor":22,"turns":6},{"damage":12,"enemies":"Snake Plant","floor":25,"turns":4},{"damage":2,"enemies":"Shelled Parasite and Fungi","floor":28,"turns":4},{"damage":0,"enemies":"Centurion and Healer","floor":29,"turns":5},{"damage":0,"enemies":"Snecko","floor":31,"turns":4},{"damage":10,"enemies":"Collector","floor":33,"turns":6},{"damage":0,"enemies":"Orb Walker","floor":35,"turns":3},{"damage":6,"enemies":"3 Shapes","floor":36,"turns":3},{"damage":0,"enemies":"Transient","floor":41,"turns":5},{"damage":21,"enemies":"4 Shapes","floor":44,"turns":2},{"damage":2,"enemies":"Spire Growth","floor":47,"turns":3},{"damage":11,"enemies":"Donu and Deca","floor":50,"turns":4}],"seed_played":"-7415189820740569198","potions_obtained":[{"floor":1,"key":"Swift Potion"},{"floor":11,"key":"Swift Potion"},{"floor":12,"key":"SkillPotion"},{"floor":20,"key":"SteroidPotion"},{"floor":28,"key":"PowerPotion"},{"floor":29,"key":"Dexterity Potion"},{"floor":33,"key":"Explosive Potion"},{"floor":36,"key":"SteroidPotion"},{"floor":37,"key":"Regen Potion"},{"floor":37,"key":"GhostInAJar"},{"floor":47,"key":"LiquidBronze"}],"is_trial":false,"path_per_floor":["M","?","?","M","?","R","M","?","T","R","E","M","$","M","R","B",null,"M","$","M","?","M","R","?","M","T","$","M","M","?","M","R","B",null,"M","M","?","$","$","R","M","R","T","M","R","?","M","?","R","B",null],"character_chosen":"THE_SILENT","items_purchased":["Blur","Outmaneuver","Noxious Fumes","Calculated Gamble","Backflip","TwistedFunnel"],"campfire_rested":4,"item_purchase_floors":[13,13,19,19,27,38],"current_hp_per_floor":[46,29,15,15,15,36,35,35,35,35,21,21,21,21,42,21,70,61,61,52,36,32,32,32,20,20,20,18,18,18,18,39,29,70,70,64,64,64,64,64,64,64,64,43,64,64,62,62,62,51],"gold":87,"neow_bonus":"ONE_RARE_RELIC","is_prod":false,"is_daily":false,"chose_seed":false,"campfire_upgraded":1,"win_rate":0.0,"timestamp":1568138871,"path_taken":["M","?","?","M","?","R","M","?","T","R","E","?","$","M","R","BOSS","M","$","?","?","M","R","?","M","T","$","M","M","?","M","R","BOSS","M","M","?","?","$","R","M","R","T","M","R","?","M","?","R","BOSS"],"build_version":"2019-07-17","purchased_purges":2,"victory":true,"max_hp_per_floor":[70,70,70,70,70,70,70,70,70,70,70,70,70,70,70,70,70,70,70,70,70,70,70,70,70,70,70,70,70,70,70,70,70,70,70,70,70,70,70,70,70,70,70,70,70,70,70,70,70,70],"card_choices":[{"not_picked":["Flechettes","Sucker Punch"],"picked":"Heel Hook","floor":1},{"not_picked":["Escape Plan","Deflect"],"picked":"Acrobatics","floor":4},{"not_picked":["Escape Plan","Quick Slash"],"picked":"Dagger Spray","floor":7},{"not_picked":["Dagger Spray","Wraith Form v2"],"picked":"Blade Dance","floor":11},{"not_picked":["Prepared","Endless Agony"],"picked":"Deflect","floor":12},{"not_picked":["Endless Agony","PiercingWail"],"picked":"Dash","floor":14},{"not_picked":["Night Terror","Wraith Form v2"],"picked":"Bullet Time","floor":16},{"not_picked":["Expertise","Blade Dance"],"picked":"Finisher","floor":18},{"not_picked":["Dodge and Roll","Flying Knee"],"picked":"Finisher","floor":20},{"not_picked":["Prepared","Terror"],"picked":"Heel Hook","floor":22},{"not_picked":["Slice+1","Leg Sweep"],"picked":"A Thousand Cuts","floor":25},{"not_picked":["Crippling Poison","Deflect"],"picked":"Backflip+1","floor":28},{"not_picked":["Slice+1","Flying Knee"],"picked":"Backstab+1","floor":29},{"not_picked":["Dagger Spray","Prepared","Slice"],"picked":"SKIP","floor":31},{"not_picked":["Doppelganger","Night Terror"],"picked":"Phantasmal Killer","floor":33},{"not_picked":["Caltrops","Distraction","Reflex"],"picked":"SKIP","floor":35},{"not_picked":["Dagger Spray","Slice","Eviscerate"],"picked":"SKIP","floor":36},{"not_picked":["Eviscerate+1","Escape Plan+1"],"picked":"Slice+1","floor":41},{"not_picked":["Dagger Throw+1","Leg Sweep"],"picked":"Distraction+1","floor":44},{"not_picked":["Prepared+1","Outmaneuver","Dagger Spray"],"picked":"SKIP","floor":47}],"player_experience":22862,"relics_obtained":[{"floor":9,"key":"Shovel"},{"floor":10,"key":"Anchor"},{"floor":11,"key":"Bronze Scales"},{"floor":21,"key":"Enchiridion"},{"floor":26,"key":"Thread and Needle"},{"floor":40,"key":"Oddly Smooth Stone"},{"floor":42,"key":"Potion Belt"},{"floor":43,"key":"Frozen Egg 2"},{"floor":49,"key":"Blood Vial"}],"event_choices":[{"damage_healed":0,"gold_gain":0,"player_choice":"Take Damage","damage_taken":17,"relics_obtained":["Golden Idol"],"max_hp_gain":0,"max_hp_loss":0,"event_name":"Golden Idol","floor":2,"gold_loss":0},{"damage_healed":0,"gold_gain":0,"player_choice":"Entered Light","damage_taken":14,"max_hp_gain":0,"max_hp_loss":0,"event_name":"Shining Light","floor":3,"gold_loss":0,"cards_upgraded":["Strike_G","Strike_G"]},{"damage_healed":0,"gold_gain":0,"player_choice":"Left Gold","damage_taken":0,"max_hp_gain":0,"max_hp_loss":0,"event_name":"World of Goop","floor":5,"gold_loss":22},{"damage_healed":0,"gold_gain":0,"player_choice":"Forge","damage_taken":0,"max_hp_gain":0,"max_hp_loss":0,"event_name":"Accursed Blacksmith","floor":8,"gold_loss":0,"cards_upgraded":["Neutralize"]},{"damage_healed":0,"gold_gain":0,"player_choice":"Obtained Book","damage_taken":16,"max_hp_gain":0,"max_hp_loss":0,"event_name":"Cursed Tome","floor":21,"gold_loss":0},{"damage_healed":0,"gold_gain":99,"player_choice":"Stole From Cult","damage_taken":0,"max_hp_gain":0,"max_hp_loss":0,"event_name":"Nest","floor":24,"gold_loss":0},{"damage_healed":0,"gold_gain":0,"player_choice":"Ignored","damage_taken":0,"max_hp_gain":0,"max_hp_loss":0,"event_name":"Ghosts","floor":30,"gold_loss":0},{"damage_healed":0,"gold_gain":0,"player_choice":"Got Potions","damage_taken":0,"max_hp_gain":0,"max_hp_loss":0,"event_name":"Lab","floor":37,"gold_loss":0},{"cards_removed":["Defend_G"],"damage_healed":0,"gold_gain":0,"player_choice":"Removed Skill","damage_taken":0,"max_hp_gain":0,"max_hp_loss":0,"event_name":"Falling","floor":46,"gold_loss":0},{"damage_healed":0,"gold_gain":0,"player_choice":"Upgrade","damage_taken":0,"relics_obtained":["Mark of the Bloom"],"max_hp_gain":0,"max_hp_loss":0,"event_name":"MindBloom","floor":48,"gold_loss":0,"cards_upgraded":["Strike_G","Strike_G","Strike_G","Defend_G","Defend_G","Survivor","Heel Hook","Acrobatics","Dagger Spray","Blade Dance","Deflect","Blur","Dash","Bullet Time","Finisher","Noxious Fumes","Calculated Gamble","Finisher","Heel Hook","A Thousand Cuts","Backflip","Phantasmal Killer"]}],"is_beta":false,"boss_relics":[{"not_picked":["Busted Crown","Orrery"],"picked":"Runic Pyramid"},{"not_picked":["White Beast Statue","Empty Cage"],"picked":"Fusion Hammer"}],"items_purged_floors":[13,27],"is_endless":false,"potions_floor_spawned":[1,11,12,20,28,29,33,36,47],"ascension_level":0}