{"gold_per_floor":[117,192,33,47,47,88,100,147,205,217,229,241,253,306,318,421,433,459,471,239,262,286,286,326,350,350,363,363,363,363,13,13,102,102,121,140,164,164,179,213,234,278,303,303,334,359,373,387,387,387,387],"floor_reached":51,"playtime":2404,"items_purged":["Strike_R"],"score":1521,"play_id":"6e6a0b1e-2095-4706-9a4e-2ee6cf32249f","local_time":"20191002131049","is_ascension_mode":true,"campfire_choices":[{"data":"Berserk","floor":7,"key":"SMITH"},{"floor":11,"key":"REST"},{"floor":13,"key":"REST"},{"data":"Clothesline","floor":15,"key":"SMITH"},{"floor":23,"key":"REST"},{"floor":28,"key":"REST"},{"floor":30,"key":"REST"},{"floor":32,"key":"REST"},{"floor":44,"key":"REST"},{"floor":49,"key":"REST"}],"neow_cost":"NONE","seed_source_timestamp":81120128915900,"circlet_count":0,"master_deck":["AscendersBane","Strike_R","Strike_R","Strike_R","Strike_R","Defend_R","Defend_R","Defend_R","Defend_R","Bash","Evolve","Reckless Charge","Shrug It Off","Berserk+1","Clothesline+1","Reaper","Battle Trance","Inflame+1","True Grit","Inflame","Demon Form","Shrug It Off","Spot Weakness+1","Power Through+1","Offering+1","True Grit+1","Headbutt+1","Pain","Sword Boomerang+1","Power Through+1","Sword Boomerang+1","Power Through+1","Flame Barrier+1"],"relics":["Burning Blood","NeowsBlessing","MawBank","Boot","Magic Flower","Dream Catcher","Golden Idol","Lizard Tail","Fusion Hammer","Sling","Oddly Smooth Stone","Vajra","The Courier","Molten Egg 2","Toxic Egg 2","Sozu","WarpedTongs","Mercury Hourglass","MealTicket","Art of War","Eternal Feather"],"potions_floor_usage":[14,18,21,24,33],"damage_taken":[{"damage":0,"enemies":"Small Slimes","floor":1,"turns":1},{"damage":0,"enemies":"Jaw Worm","floor":4,"turns":1},{"damage":0,"enemies":"3 Sentries","floor":6,"turns":2},{"damage":61,"enemies":"Lagavulin","floor":8,"turns":9},{"damage":22,"enemies":"3 Sentries","floor":14,"turns":10},{"damage":32,"enemies":"Slime Boss","floor":16,"turns":11},{"damage":45,"enemies":"3 Byrds","floor":18,"turns":7},{"damage":49,"enemies":"Spheric Guardian","floor":21,"turns":8},{"damage":54,"enemies":"Slavers","floor":24,"turns":8},{"damage":41,"enemies":"Centurion and Healer","floor":25,"turns":7},{"damage":29,"enemies":"Snake Plant","floor":27,"turns":5},{"damage":58,"enemies":"Champ","floor":33,"turns":13},{"damage":18,"enemies":"3 Shapes","floor":35,"turns":17},{"damage":6,"enemies":"Orb Walker","floor":36,"turns":5},{"damage":27,"enemies":"Sphere and 2 Shapes","floor":37,"turns":9},{"damage":45,"enemies":"Jaw Worm Horde","floor":39,"turns":5},{"damage":59,"enemies":"Reptomancer","floor":40,"turns":6},{"damage":35,"enemies":"Spire Growth","floor":41,"turns":7},{"damage":36,"enemies":"Giant Head","floor":42,"turns":6},{"damage":63,"enemies":"Nemesis","floor":45,"turns":7},{"damage":26,"enemies":"3 Darklings","floor":46,"turns":5},{"damage":33,"enemies":"Jaw Worm Horde","floor":47,"turns":8},{"damage":66,"enemies":"Transient","floor":48,"turns":6},{"damage":149,"enemies":"Donu and Deca","floor":50,"turns":12},{"damage":35,"enemies":"Awakened One","floor":51,"turns":3}],"seed_played":"3702060635956957773","potions_obtained":[{"floor":1,"key":"Energy Potion"},{"floor":4,"key":"ElixirPotion"},{"floor":14,"key":"Block Potion"},{"floor":21,"key":"HeartOfIron"},{"floor":27,"key":"Explosive Potion"}],"is_trial":false,"path_per_floor":["M","?","$","M","?","E","R","E","T","?","R","$","R","E","R","B",null,"M","?","$","M","T","R","E","M","T","M","R","?","R","$","R","B",null,"M","M","M","?","M","E","M","E","T","R","E","M","M","M","R","B","B"],"character_chosen":"IRONCLAD","items_purchased":["Evolve","Reckless Charge","Sling","Regen Potion","Toxic Egg 2","Spot Weakness+1"],"campfire_rested":8,"item_purchase_floors":[3,3,20,20,31,31],"current_hp_per_floor":[74,63,63,69,58,64,64,9,9,9,29,29,49,36,36,36,60,34,34,34,26,26,46,28,23,23,15,35,35,55,55,68,60,66,68,68,68,68,68,62,63,59,59,68,33,68,68,62,68,33,0],"gold":387,"neow_bonus":"THREE_ENEMY_KILL","is_prod":false,"is_daily":false,"chose_seed":false,"campfire_upgraded":2,"win_rate":0,"timestamp":1570047049,"path_taken":["M","?","$","M","?","E","R","E","T","?","R","$","R","E","R","BOSS","M","?","$","M","?","R","E","M","T","M","R","?","R","$","R","BOSS","M","M","?","?","M","E","M","E","T","R","E","M","?","M","R","BOSS","BOSS"],"build_version":"2019-10-01","purchased_purges":1,"victory":false,"max_hp_per_floor":[75,75,75,75,75,75,75,75,75,68,68,68,68,68,68,68,68,68,68,68,68,68,68,68,68,68,68,68,68,68,68,68,68,68,68,68,68,68,68,68,68,68,68,68,68,68,68,68,68,68,68],"card_choices":[{"not_picked":["Burning Pact","Pommel Strike","Havoc"],"picked":"SKIP","floor":1},{"not_picked":["Havoc","Heavy Blade"],"picked":"Shrug It Off","floor":4},{"not_picked":["Entrench","Havoc"],"picked":"Berserk","floor":6},{"not_picked":["Dual Wield","Corruption","Twin Strike"],"picked":"SKIP","floor":8},{"not_picked":["Dual Wield","Armaments"],"picked":"Clothesline","floor":11},{"not_picked":["Havoc","Evolve"],"picked":"Reaper","floor":14},{"not_picked":["Heavy Blade","Sentinel"],"picked":"Battle Trance","floor":18},{"not_picked":["Clash+1","Pommel Strike","Flex"],"picked":"SKIP","floor":21},{"not_picked":["Dual Wield+1","Fiend Fire"],"picked":"Inflame+1","floor":23},{"not_picked":["Thunderclap","Blood for Blood+1"],"picked":"True Grit","floor":24},{"not_picked":["Anger","Wild Strike","Combust"],"picked":"SKIP","floor":25},{"not_picked":["Iron Wave","Second Wind"],"picked":"Inflame","floor":27},{"not_picked":["Heavy Blade","Anger"],"picked":"Demon Form","floor":28},{"not_picked":["Headbutt+1","Cleave+1"],"picked":"Shrug It Off","floor":30},{"not_picked":["Wild Strike+1","Pommel Strike+1"],"picked":"Power Through+1","floor":32},{"not_picked":["Berserk","Limit Break+1"],"picked":"Offering+1","floor":33},{"not_picked":["Warcry+1","Evolve"],"picked":"True Grit+1","floor":35},{"not_picked":["Twin Strike+1","Bloodletting+1"],"picked":"Headbutt+1","floor":36},{"not_picked":["Thunderclap+1","Pommel Strike+1","Havoc+1"],"picked":"SKIP","floor":37},{"not_picked":["Rampage+1","Second Wind+1"],"picked":"Sword Boomerang+1","floor":39},{"not_picked":["Fire Breathing+1","Iron Wave+1"],"picked":"Power Through+1","floor":40},{"not_picked":["Sever Soul+1","Perfected Strike+1","Twin Strike+1"],"picked":"SKIP","floor":41},{"not_picked":["Ghostly Armor+1","Seeing Red+1","Thunderclap+1"],"picked":"SKIP","floor":42},{"not_picked":["Flex+1","Anger+1"],"picked":"Sword Boomerang+1","floor":44},{"not_picked":["Sword Boomerang+1","Pummel+1"],"picked":"Power Through+1","floor":45},{"not_picked":["Rupture","Intimidate+1","Fiend Fire+1"],"picked":"SKIP","floor":46},{"not_picked":["Armaments+1","Havoc+1","Headbutt+1"],"picked":"SKIP","floor":47},{"not_picked":["Armaments+1","Anger+1"],"picked":"Flame Barrier+1","floor":48}],"player_experience":1195809,"relics_obtained":[{"floor":6,"key":"Boot"},{"floor":8,"key":"Magic Flower"},{"floor":9,"key":"Dream Catcher"},{"floor":14,"key":"Lizard Tail"},{"floor":22,"key":"Oddly Smooth Stone"},{"floor":24,"key":"Vajra"},{"floor":26,"key":"The Courier"},{"floor":40,"key":"Mercury Hourglass"},{"floor":42,"key":"MealTicket"},{"floor":43,"key":"Art of War"},{"floor":45,"key":"Eternal Feather"}],"event_choices":[{"damage_healed":0,"gold_gain":75,"player_choice":"Gather Gold","damage_taken":11,"max_hp_gain":0,"max_hp_loss":0,"event_name":"World of Goop","floor":2,"gold_loss":0},{"damage_healed":0,"gold_gain":0,"player_choice":"Success","damage_taken":11,"relics_obtained":["MawBank"],"max_hp_gain":0,"max_hp_loss":0,"event_name":"Scrap Ooze","floor":5,"gold_loss":0},{"damage_healed":0,"gold_gain":0,"player_choice":"Lose Max HP","damage_taken":0,"relics_obtained":["Golden Idol"],"max_hp_gain":0,"max_hp_loss":7,"event_name":"Golden Idol","floor":10,"gold_loss":0},{"damage_healed":0,"gold_gain":0,"player_choice":"Ignored","damage_taken":0,"max_hp_gain":0,"max_hp_loss":0,"event_name":"Ghosts","floor":19,"gold_loss":0},{"damage_healed":0,"gold_gain":0,"player_choice":"Gave Potion","damage_taken":0,"relics_obtained":["Molten Egg 2"],"max_hp_gain":0,"max_hp_loss":0,"event_name":"WeMeetAgain","floor":29,"gold_loss":0},{"damage_healed":0,"gold_gain":0,"player_choice":"Rummage","damage_taken":0,"relics_obtained":["WarpedTongs"],"max_hp_gain":0,"max_hp_loss":0,"event_name":"Accursed Blacksmith","floor":38,"gold_loss":0,"cards_obtained":["Pain"]}],"is_beta":true,"boss_relics":[{"not_picked":["Black Star","Runic Dome"],"picked":"Fusion Hammer"},{"not_picked":["Busted Crown","Philosopher\u0027s Stone"],"picked":"Sozu"}],"items_purged_floors":[31],"is_endless":false,"potions_floor_spawned":[1,4,14,16,21,27,35,40,41,46],"killed_by":"Awakened One","ascension_level":20}