{"gold_per_floor":[118,135,155,55,65,65,99,116,116,127,137,152,152],"floor_reached":13,"playtime":620,"items_purged":["Clumsy"],"score":96,"play_id":"d42c7af1-75e6-44e3-b1f1-5da34048252e","local_time":"20191016082424","is_ascension_mode":true,"campfire_choices":[{"floor":6,"key":"REST"}],"neow_cost":"CURSE","seed_source_timestamp":2624037537437147,"circlet_count":0,"master_deck":["Strike_B","Strike_B","Strike_B","Strike_B","Defend_B","Defend_B","Defend_B","Defend_B","Zap","Dualcast","FTL","Reprogram","Reprogram","Gash","Self Repair","Redo","Skim","Hologram","Gash","Redo"],"relics":["Cracked Core","Nunchaku","Mummified Hand"],"potions_floor_usage":[7,13],"damage_taken":[{"damage":1,"enemies":"Cultist","floor":1,"turns":4},{"damage":1,"enemies":"2 Louse","floor":2,"turns":2},{"damage":11,"enemies":"Jaw Worm","floor":3,"turns":3},{"damage":48,"enemies":"Gremlin Gang","floor":5,"turns":4},{"damage":32,"enemies":"Gremlin Nob","floor":7,"turns":4},{"damage":1,"enemies":"2 Fungi Beasts","floor":8,"turns":2},{"damage":9,"enemies":"Blue Slaver","floor":10,"turns":3},{"damage":0,"enemies":"Large Slime","floor":11,"turns":4},{"damage":18,"enemies":"Exordium Wildlife","floor":12,"turns":4},{"damage":18,"enemies":"Lagavulin","floor":13,"turns":2}],"seed_played":"-8278387400320809884","potions_obtained":[{"floor":3,"key":"AttackPotion"},{"floor":10,"key":"SpeedPotion"},{"floor":11,"key":"Dexterity Potion"},{"floor":12,"key":"FocusPotion"}],"is_trial":false,"path_per_floor":["M","M","M","$","M","R","E","M","T","M","M","M","E"],"character_chosen":"DEFECT","items_purchased":["Gash"],"campfire_rested":1,"item_purchase_floors":[4],"current_hp_per_floor":[74,73,62,62,14,36,11,17,17,15,22,11,0],"gold":152,"neow_bonus":"ONE_RARE_RELIC","is_prod":false,"is_daily":false,"chose_seed":false,"campfire_upgraded":0,"win_rate":0,"timestamp":1571210664,"path_taken":["M","M","M","$","M","R","E","M","T","M","M","M","E"],"build_version":"2019-09-09v2","purchased_purges":1,"victory":false,"max_hp_per_floor":[75,75,75,75,75,75,75,75,75,75,75,75,75],"card_choices":[{"not_picked":["Compile Driver","Beam Cell"],"picked":"FTL","floor":1},{"not_picked":["Streamline","Core Surge"],"picked":"Reprogram","floor":2},{"not_picked":["Blizzard","Turbo"],"picked":"Reprogram","floor":3},{"not_picked":["Undo","Rebound"],"picked":"Self Repair","floor":5},{"not_picked":["Cold Snap","Rip and Tear"],"picked":"Redo","floor":7},{"not_picked":["Steam Power","Cold Snap"],"picked":"Skim","floor":8},{"not_picked":["Chaos","Stack"],"picked":"Hologram","floor":10},{"not_picked":["Darkness","Lockon"],"picked":"Gash","floor":11},{"not_picked":["Lockon","Stack"],"picked":"Redo","floor":12}],"player_experience":226806,"relics_obtained":[{"floor":7,"key":"Mummified Hand"}],"event_choices":[],"is_beta":true,"boss_relics":[],"items_purged_floors":[4],"is_endless":false,"potions_floor_spawned":[3,10,11,12],"killed_by":"Lagavulin","ascension_level":1}