{"gold_per_floor":[117,128,145,97,108,137,137,137,184,184,204,217,217,237,237,336,336,356,147,164,175,186,186],"floor_reached":23,"playtime":2350,"items_purged":["Defend_B"],"score":197,"play_id":"9c210aa8-9040-4ab0-b6b4-6fde3e1bf51e","local_time":"20191011054253","is_ascension_mode":false,"campfire_choices":[{"data":"Loop","floor":7,"key":"SMITH"},{"data":"Coolheaded","floor":10,"key":"SMITH"},{"floor":15,"key":"REST"}],"neow_cost":"NONE","seed_source_timestamp":2180616395622681,"circlet_count":0,"master_deck":["Strike_B","Strike_B","Strike_B","Defend_B","Defend_B","Zap","Dualcast","Coolheaded+1","Cold Snap","Stack","Leap","Conserve Battery","Loop+1","Steam","FTL","Leap","Steam","Creative AI","Self Repair","Hello World","Conserve Battery","Steam","Sweeping Beam","Capacitor"],"relics":["Cracked Core","Juzu Bracelet","Mercury Hourglass","Regal Pillow","Philosopher\u0027s Stone"],"potions_floor_usage":[6,16,16,23],"damage_taken":[{"damage":0,"enemies":"Small Slimes","floor":1,"turns":2},{"damage":4,"enemies":"Jaw Worm","floor":2,"turns":4},{"damage":0,"enemies":"Cultist","floor":3,"turns":4},{"damage":5,"enemies":"Large Slime","floor":5,"turns":11},{"damage":13,"enemies":"Lagavulin","floor":6,"turns":10},{"damage":5,"enemies":"Gremlin Gang","floor":11,"turns":4},{"damage":10,"enemies":"Exordium Thugs","floor":12,"turns":4},{"damage":3,"enemies":"Large Slime","floor":14,"turns":6},{"damage":52,"enemies":"Hexaghost","floor":16,"turns":17},{"damage":5,"enemies":"Chosen","floor":18,"turns":6},{"damage":10,"enemies":"Spheric Guardian","floor":20,"turns":7},{"damage":14,"enemies":"Snecko","floor":21,"turns":7},{"damage":17,"enemies":"3 Cultists","floor":22,"turns":7},{"damage":55,"enemies":"Slavers","floor":23,"turns":3}],"seed_played":"2482110883301656733","potions_obtained":[{"floor":3,"key":"Strength Potion"},{"floor":5,"key":"Ancient Potion"},{"floor":6,"key":"Strength Potion"},{"floor":14,"key":"PowerPotion"},{"floor":18,"key":"Poison Potion"}],"is_trial":false,"path_per_floor":["M","M","M","$","M","E","R","?","T","R","M","M","?","M","R","B",null,"M","$","M","M","M","E"],"character_chosen":"DEFECT","items_purchased":["Leap","Hello World","Conserve Battery","Steam"],"campfire_rested":1,"item_purchase_floors":[4,19,19,19],"current_hp_per_floor":[75,71,71,71,66,53,53,53,53,53,48,38,31,28,65,13,75,70,70,67,53,43,0],"gold":186,"neow_bonus":"RANDOM_COMMON_RELIC","is_prod":false,"is_daily":false,"chose_seed":false,"campfire_upgraded":2,"win_rate":0.0,"timestamp":1570768973,"path_taken":["M","M","M","$","M","E","R","?","T","R","M","M","?","M","R","BOSS","M","$","M","M","M","E"],"build_version":"2019-09-09v2","purchased_purges":1,"victory":false,"max_hp_per_floor":[75,75,75,75,75,75,75,75,75,75,75,75,75,75,75,75,75,75,75,75,75,75,75],"card_choices":[{"not_picked":["Ball Lightning","Heatsinks"],"picked":"Coolheaded","floor":1},{"not_picked":["Redo","Steam Power"],"picked":"Cold Snap","floor":2},{"not_picked":["Tempest","Reinforced Body"],"picked":"Stack","floor":3},{"not_picked":["Redo","BootSequence"],"picked":"Conserve Battery","floor":5},{"not_picked":["Scrape","Ball Lightning"],"picked":"Loop","floor":6},{"not_picked":["Go for the Eyes","Sweeping Beam"],"picked":"FTL","floor":11},{"not_picked":["Redo","Ball Lightning"],"picked":"Leap","floor":12},{"not_picked":["Stack","Compile Driver"],"picked":"Steam","floor":14},{"not_picked":["Fission","Seek"],"picked":"Creative AI","floor":16},{"not_picked":["Double Energy","Auto Shields"],"picked":"Self Repair","floor":18},{"not_picked":["Ball Lightning","Beam Cell"],"picked":"Sweeping Beam","floor":20},{"not_picked":["Reinforced Body+1","Melter"],"picked":"Capacitor","floor":21},{"not_picked":["Darkness","Go for the Eyes","Gash"],"picked":"SKIP","floor":22}],"player_experience":79271,"relics_obtained":[{"floor":6,"key":"Mercury Hourglass"},{"floor":9,"key":"Regal Pillow"}],"event_choices":[{"damage_healed":0,"gold_gain":0,"cards_transformed":["Strike_B"],"player_choice":"Change","damage_taken":0,"max_hp_gain":0,"max_hp_loss":0,"event_name":"Living Wall","floor":8,"gold_loss":0,"cards_obtained":["Steam"]},{"cards_removed":["Defend_B"],"damage_healed":0,"gold_gain":0,"player_choice":"Card Removal","damage_taken":7,"max_hp_gain":0,"max_hp_loss":0,"event_name":"Golden Wing","floor":13,"gold_loss":0}],"is_beta":true,"boss_relics":[{"not_picked":["Cursed Key","SlaversCollar"],"picked":"Philosopher\u0027s Stone"}],"items_purged_floors":[19],"is_endless":false,"potions_floor_spawned":[3,5,6,14,18],"killed_by":"Slavers","ascension_level":0}