{"gold_per_floor":[111,125,141,152,152,178,178,198,223,109,123,98,98,98,98,202,202,212,30,30,49,61,87,99],"floor_reached":24,"playtime":1417,"items_purged":[],"score":243,"play_id":"0d254ba7-6dbb-4cde-b8a7-d8c3416925c1","local_time":"20191011083719","is_ascension_mode":false,"campfire_choices":[{"data":"Steam","floor":7,"key":"SMITH"},{"data":"Conserve Battery","floor":15,"key":"SMITH"}],"neow_cost":"NONE","seed_source_timestamp":2192018400687792,"circlet_count":0,"master_deck":["Strike_B","Strike_B","Strike_B","Strike_B","Defend_B","Defend_B","Defend_B","Defend_B","Zap","Dualcast","Tempest+1","Steam+1","Ball Lightning","Lockon","Biased Cognition","Conserve Battery+1","FTL","Self Repair","Conserve Battery","Conserve Battery","Creative AI","Conserve Battery","FTL","Stack","Ball Lightning","Conserve Battery"],"relics":["Cracked Core","Bronze Scales","Omamori","Potion Belt","SlaversCollar","Strange Spoon","MawBank"],"potions_floor_usage":[23,24],"damage_taken":[{"damage":3,"enemies":"Jaw Worm","floor":1,"turns":3},{"damage":2,"enemies":"2 Louse","floor":2,"turns":4},{"damage":0,"enemies":"Cultist","floor":3,"turns":3},{"damage":9,"enemies":"2 Fungi Beasts","floor":4,"turns":3},{"damage":10,"enemies":"Lagavulin","floor":6,"turns":5},{"damage":0,"enemies":"Blue Slaver","floor":8,"turns":2},{"damage":6,"enemies":"Exordium Wildlife","floor":11,"turns":2},{"damage":21,"enemies":"The Guardian","floor":16,"turns":11},{"damage":16,"enemies":"2 Thieves","floor":18,"turns":4},{"damage":24,"enemies":"Shell Parasite","floor":21,"turns":6},{"damage":20,"enemies":"Cultist and Chosen","floor":22,"turns":6},{"damage":30,"enemies":"Slavers","floor":23,"turns":5},{"damage":21,"enemies":"Centurion and Healer","floor":24,"turns":3}],"seed_played":"6626938061835109956","potions_obtained":[{"floor":1,"key":"SpeedPotion"},{"floor":2,"key":"Dexterity Potion"},{"floor":3,"key":"FearPotion"},{"floor":21,"key":"Fire Potion"},{"floor":23,"key":"DuplicationPotion"}],"is_trial":false,"path_per_floor":["M","M","M","M","?","E","R","M","T","$","M","$","?","?","R","B",null,"M","$","?","M","M","E","M"],"character_chosen":"DEFECT","items_purchased":["FTL","Self Repair","Conserve Battery","FTL","Strange Spoon"],"campfire_rested":0,"item_purchase_floors":[10,10,12,19,19],"current_hp_per_floor":[79,77,77,68,68,58,58,58,58,58,52,52,72,72,72,58,82,73,73,73,56,43,20,0],"gold":99,"neow_bonus":"TEN_PERCENT_HP_BONUS","is_prod":false,"is_daily":false,"chose_seed":false,"campfire_upgraded":2,"win_rate":0.0,"timestamp":1570779439,"path_taken":["M","M","M","M","?","E","R","M","T","$","M","$","?","?","R","BOSS","M","$","?","M","M","E","M"],"build_version":"2019-09-09v2","purchased_purges":0,"victory":false,"max_hp_per_floor":[82,82,82,82,82,82,82,82,82,82,82,82,82,82,82,82,82,82,82,82,82,82,82,82],"card_choices":[{"not_picked":["BootSequence","Ball Lightning"],"picked":"Tempest","floor":1},{"not_picked":["Rebound","Gash"],"picked":"Steam","floor":2},{"not_picked":["Stack","Genetic Algorithm"],"picked":"Ball Lightning","floor":3},{"not_picked":["Barrage","Gash"],"picked":"Lockon","floor":4},{"not_picked":["Genetic Algorithm","Chill"],"picked":"Biased Cognition","floor":6},{"not_picked":["Self Repair","Ball Lightning"],"picked":"Conserve Battery","floor":8},{"not_picked":["Coolheaded","Redo"],"picked":"Conserve Battery","floor":11},{"not_picked":["Buffer","Rainbow"],"picked":"Creative AI","floor":16},{"not_picked":["BootSequence","Doom and Gloom"],"picked":"Conserve Battery","floor":18},{"not_picked":["Reinforced Body","Cold Snap"],"picked":"Stack","floor":21},{"not_picked":["Streamline+1","Steam Power"],"picked":"Ball Lightning","floor":22},{"not_picked":["Streamline","Chill"],"picked":"Conserve Battery","floor":23}],"player_experience":90562,"relics_obtained":[{"floor":6,"key":"Bronze Scales"},{"floor":9,"key":"Omamori"},{"floor":23,"key":"MawBank"}],"event_choices":[{"damage_healed":0,"gold_gain":0,"player_choice":"Grow","damage_taken":0,"max_hp_gain":0,"max_hp_loss":0,"event_name":"Living Wall","floor":5,"gold_loss":0,"cards_upgraded":["Tempest"]},{"damage_healed":20,"gold_gain":0,"player_choice":"Healed and dodged fight","damage_taken":0,"max_hp_gain":0,"max_hp_loss":0,"event_name":"Mushrooms","floor":13,"gold_loss":0,"cards_obtained":["Parasite"]},{"damage_healed":0,"gold_gain":0,"player_choice":"Gave Potion","damage_taken":0,"relics_obtained":["Potion Belt"],"max_hp_gain":0,"max_hp_loss":0,"event_name":"WeMeetAgain","floor":14,"gold_loss":0},{"damage_healed":0,"gold_gain":0,"player_choice":"Ignored","damage_taken":0,"max_hp_gain":0,"max_hp_loss":0,"event_name":"Vampires","floor":20,"gold_loss":0}],"is_beta":true,"boss_relics":[{"not_picked":["Busted Crown","Coffee Dripper"],"picked":"SlaversCollar"}],"items_purged_floors":[],"is_endless":false,"potions_floor_spawned":[1,2,3,21,23],"killed_by":"Centurion and Healer","ascension_level":0}