{"gold_per_floor":[113,63,138,12,22,52,52,86,86,142,155,55,55,90,90,195,195,211,211,63,63,113,139,139,174,198,148,176,176,192,202,202,300,300,314,330,348,44,44,44,69,69,138,154,184,284,152,178,178,178],"floor_reached":51,"playtime":3809,"items_purged":["Defend_R","Strike_R","Strike_R","Strike_R","Writhe","Defend_R"],"score":1041,"play_id":"3f7dd0b1-3f34-4aa1-95a2-8ff1a7c28e97","local_time":"20190915062826","is_ascension_mode":true,"campfire_choices":[{"data":"Bash","floor":7,"key":"SMITH"},{"floor":13,"key":"REST"},{"data":"Anger","floor":15,"key":"SMITH"},{"floor":24,"key":"REST"},{"data":"Shrug It Off","floor":29,"key":"SMITH"},{"data":"Flame Barrier","floor":32,"key":"SMITH"},{"data":"Demon Form","floor":40,"key":"SMITH"},{"data":"Pommel Strike","floor":42,"key":"SMITH"},{"floor":49,"key":"REST"}],"neow_cost":"NONE","seed_source_timestamp":237129221550200,"circlet_count":0,"master_deck":["Strike_R","Defend_R","Defend_R","Bash+1","Twin Strike","Pommel Strike+1","Anger+1","Impervious","Demon Form+1","Flame Barrier+1","RitualDagger","Shrug It Off+1","Clothesline","Sword Boomerang+1","Brutality","Exhume","Shrug It Off+1","True Grit+1","Disarm+1"],"relics":["Burning Blood","Singing Bowl","Strawberry","Boot","Tiny Chest","Red Skull","Busted Crown","Centennial Puzzle","Kunai","Torii","Smiling Mask","Potion Belt","White Beast Statue","TheAbacus","Oddly Smooth Stone","Toxic Egg 2","Blood Vial","Ice Cream","Happy Flower"],"potions_floor_usage":[6,10,14,25,33,35,37,41,41,45,50],"damage_taken":[{"damage":10,"enemies":"2 Louse","floor":1,"turns":4},{"damage":1,"enemies":"Cultist","floor":5,"turns":3},{"damage":20,"enemies":"Lagavulin","floor":6,"turns":4},{"damage":8,"enemies":"Gremlin Nob","floor":8,"turns":3},{"damage":50,"enemies":"3 Sentries","floor":10,"turns":6},{"damage":4,"enemies":"Jaw Worm","floor":11,"turns":3},{"damage":15,"enemies":"Lagavulin","floor":14,"turns":5},{"damage":0,"enemies":"Slime Boss","floor":16,"turns":7},{"damage":8,"enemies":"3 Byrds","floor":18,"turns":5},{"damage":38,"enemies":"Gremlin Leader","floor":23,"turns":7},{"damage":43,"enemies":"Slavers","floor":25,"turns":7},{"damage":22,"enemies":"Book of Stabbing","floor":28,"turns":6},{"damage":11,"enemies":"2 Thieves","floor":30,"turns":3},{"damage":0,"enemies":"Snecko","floor":31,"turns":2},{"damage":12,"enemies":"Collector","floor":33,"turns":5},{"damage":28,"enemies":"3 Darklings","floor":35,"turns":5},{"damage":49,"enemies":"3 Shapes","floor":36,"turns":4},{"damage":1,"enemies":"Maw","floor":37,"turns":5},{"damage":4,"enemies":"Nemesis","floor":41,"turns":5},{"damage":7,"enemies":"Sphere and 2 Shapes","floor":44,"turns":5},{"damage":7,"enemies":"Reptomancer","floor":45,"turns":6},{"damage":3,"enemies":"Mind Bloom Boss Battle","floor":46,"turns":4},{"damage":5,"enemies":"Nemesis","floor":48,"turns":7},{"damage":18,"enemies":"Time Eater","floor":50,"turns":9}],"seed_played":"-4173323099336959920","potions_obtained":[{"floor":5,"key":"AttackPotion"},{"floor":6,"key":"Poison Potion"},{"floor":10,"key":"Fruit Juice"},{"floor":14,"key":"Energy Potion"},{"floor":23,"key":"Explosive Potion"},{"floor":30,"key":"LiquidBronze"},{"floor":33,"key":"SkillPotion"},{"floor":35,"key":"Strength Potion"},{"floor":36,"key":"Block Potion"},{"floor":37,"key":"Fire Potion"},{"floor":41,"key":"Swift Potion"},{"floor":44,"key":"AttackPotion"},{"floor":45,"key":"Dexterity Potion"},{"floor":46,"key":"BloodPotion"}],"is_trial":false,"path_per_floor":["M","?","?","$","M","E","R","E","T","E","M","$","R","E","R","B",null,"M","?","$","?","?","E","R","E","T","$","E","R","M","M","R","B",null,"M","M","M","$","?","R","E","R","T","M","E","?","$","E","R","B",null],"character_chosen":"IRONCLAD","items_purchased":["Twin Strike","Shrug It Off","TheAbacus","SteroidPotion","True Grit+1","Disarm+1"],"campfire_rested":3,"item_purchase_floors":[4,20,38,38,47,47],"current_hp_per_floor":[84,84,76,76,81,67,67,74,74,30,34,34,63,59,59,65,104,102,96,96,96,96,64,95,60,60,60,46,46,41,47,47,41,108,86,45,52,52,52,52,56,56,56,57,58,65,65,70,106,96],"gold":178,"neow_bonus":"TEN_PERCENT_HP_BONUS","is_prod":false,"is_daily":false,"chose_seed":false,"campfire_upgraded":6,"win_rate":0,"timestamp":1568521706,"path_taken":["M","?","?","$","M","E","R","E","T","E","?","$","R","E","R","BOSS","M","?","$","?","?","E","R","E","T","$","E","R","M","M","R","BOSS","M","M","?","$","?","R","E","R","T","M","E","?","$","E","R","BOSS"],"build_version":"2019-07-17","purchased_purges":6,"victory":true,"max_hp_per_floor":[88,88,88,88,88,88,88,97,97,97,99,99,99,104,104,104,104,104,104,104,104,104,104,104,106,106,106,108,108,108,108,108,108,108,108,110,112,112,112,112,114,114,114,116,118,120,120,122,122,122],"card_choices":[{"not_picked":["Havoc","Fire Breathing","Clash"],"picked":"SKIP","floor":1},{"not_picked":["Disarm","Searing Blow"],"picked":"Pommel Strike","floor":5},{"not_picked":["Corruption","Flex"],"picked":"Anger","floor":6},{"not_picked":["Barricade","Pommel Strike","Warcry"],"picked":"Singing Bowl","floor":8},{"not_picked":["Rage","Entrench"],"picked":"Impervious","floor":10},{"not_picked":["Sword Boomerang","Clash","Fire Breathing"],"picked":"Singing Bowl","floor":11},{"not_picked":["Thunderclap","True Grit"],"picked":"Headbutt","floor":14},{"not_picked":["Fiend Fire","Dark Embrace"],"picked":"Demon Form","floor":16},{"not_picked":[],"picked":"Flame Barrier","floor":18},{"not_picked":[],"picked":"Clothesline","floor":23},{"not_picked":["Pummel"],"picked":"Singing Bowl","floor":25},{"not_picked":["Headbutt"],"picked":"Singing Bowl","floor":28},{"not_picked":[],"picked":"Sword Boomerang+1","floor":30},{"not_picked":[],"picked":"Brutality","floor":31},{"not_picked":[],"picked":"Exhume","floor":33},{"not_picked":[],"picked":"Shrug It Off+1","floor":35},{"not_picked":["Carnage"],"picked":"Singing Bowl","floor":36},{"not_picked":["Body Slam"],"picked":"Singing Bowl","floor":37},{"not_picked":["Iron Wave"],"picked":"Singing Bowl","floor":41},{"not_picked":["Heavy Blade"],"picked":"Singing Bowl","floor":44},{"not_picked":["Havoc+1"],"picked":"Singing Bowl","floor":45},{"not_picked":["Blood for Blood+1"],"picked":"Singing Bowl","floor":46},{"not_picked":["Carnage"],"picked":"Singing Bowl","floor":48}],"player_experience":142751,"relics_obtained":[{"floor":6,"key":"Singing Bowl"},{"floor":8,"key":"Strawberry"},{"floor":9,"key":"Boot"},{"floor":10,"key":"Tiny Chest"},{"floor":14,"key":"Red Skull"},{"floor":23,"key":"Kunai"},{"floor":25,"key":"Torii"},{"floor":26,"key":"Smiling Mask"},{"floor":28,"key":"Potion Belt"},{"floor":41,"key":"Oddly Smooth Stone"},{"floor":43,"key":"Toxic Egg 2"},{"floor":45,"key":"Blood Vial"},{"floor":46,"key":"Ice Cream"},{"floor":48,"key":"Happy Flower"}],"event_choices":[{"cards_removed":["Strike_R"],"damage_healed":0,"gold_gain":0,"player_choice":"Card Removal","damage_taken":0,"max_hp_gain":0,"max_hp_loss":0,"event_name":"The Cleric","floor":2,"gold_loss":50},{"damage_healed":0,"gold_gain":75,"player_choice":"Touch","damage_taken":8,"max_hp_gain":0,"max_hp_loss":0,"event_name":"FaceTrader","floor":3,"gold_loss":0},{"damage_healed":0,"gold_gain":0,"player_choice":"Joined the Cult","damage_taken":6,"max_hp_gain":0,"max_hp_loss":0,"event_name":"Nest","floor":19,"gold_loss":0,"cards_obtained":["RitualDagger"]},{"damage_healed":0,"gold_gain":0,"player_choice":"Opened","damage_taken":0,"relics_obtained":["Centennial Puzzle"],"max_hp_gain":0,"max_hp_loss":0,"event_name":"The Mausoleum","floor":21,"gold_loss":0,"cards_obtained":["Writhe"]},{"damage_healed":0,"gold_gain":100,"player_choice":"Bet on Murderer","damage_taken":0,"max_hp_gain":0,"max_hp_loss":0,"event_name":"The Joust","floor":22,"gold_loss":50},{"cards_removed":["Headbutt"],"damage_healed":0,"gold_gain":0,"player_choice":"Removed Attack","damage_taken":0,"max_hp_gain":0,"max_hp_loss":0,"event_name":"Falling","floor":39,"gold_loss":0},{"damage_healed":0,"gold_gain":0,"player_choice":"Fight","damage_taken":0,"max_hp_gain":0,"max_hp_loss":0,"event_name":"MindBloom","floor":46,"gold_loss":0}],"is_beta":false,"boss_relics":[{"not_picked":["Tiny House","Calling Bell"],"picked":"Busted Crown"},{"not_picked":["Runic Pyramid","Orrery"],"picked":"White Beast Statue"}],"items_purged_floors":[4,12,20,27,38,47],"is_endless":false,"potions_floor_spawned":[5,6,10,14,23,30,33,35,36,37,41,44,45,46,48],"ascension_level":3}