{"gold_per_floor":[218,236,252,272,272,272,297,297,297,297,317,330,341,372,372,470,470,488,502,462,477,492,492,524,540,540,569,587,282,282,282,282,377,377,397,397,397,397,10,10,10,20,20,35,69,69,96,116,116,116],"floor_reached":51,"playtime":2958,"items_purged":["Defend_R"],"score":1173,"play_id":"6ce50d90-5e52-4446-a4ad-b5626018b568","local_time":"20190907161024","is_ascension_mode":true,"campfire_choices":[{"data":"Metallicize","floor":6.0,"key":"SMITH"},{"data":"Perfected Strike","floor":8.0,"key":"SMITH"},{"data":"Perfected Strike","floor":10.0,"key":"SMITH"},{"data":"Perfected Strike","floor":15.0,"key":"SMITH"},{"data":"Shrug It Off","floor":23.0,"key":"SMITH"},{"data":"Feed","floor":30.0,"key":"SMITH"},{"data":"Power Through","floor":32.0,"key":"SMITH"},{"data":"Impervious","floor":41.0,"key":"SMITH"},{"data":"Perfected Strike","floor":46,"key":"SMITH"},{"data":"Metallicize","floor":49,"key":"SMITH"}],"neow_cost":"NONE","seed_source_timestamp":246636671015257,"circlet_count":0,"master_deck":["Strike_R","Strike_R+1","Strike_R","Strike_R","Strike_R","Defend_R","Defend_R","Defend_R","Bash","Perfected Strike+1","Metallicize+1","Armaments+1","Perfected Strike+1","Perfected Strike+1","Impervious+1","Perfected Strike+1","Perfected Strike+1","Shrug It Off+1","Power Through+1","Flame Barrier+1","Feed+1","Perfected Strike","Perfected Strike","Perfected Strike+1","Ghostly Armor","Corruption+1","Madness","Madness","Headbutt","Shrug It Off+1","Shrug It Off+1","Metallicize+1"],"special_seed":0,"relics":["Burning Blood","Pocketwatch","Mango","Prayer Wheel","Sozu","Du-Vu Doll","Kunai","Regal Pillow","Bronze Scales","Strawberry","Eternal Feather","FossilizedHelix","Girya","Happy Flower","Potion Belt"],"potions_floor_usage":[],"damage_taken":[{"damage":8.0,"enemies":"2 Louse","floor":1.0,"turns":3.0},{"damage":1.0,"enemies":"Cultist","floor":2.0,"turns":3.0},{"damage":0.0,"enemies":"Small Slimes","floor":3.0,"turns":3.0},{"damage":10.0,"enemies":"Looter","floor":4.0,"turns":4.0},{"damage":20.0,"enemies":"Gremlin Nob","floor":7.0,"turns":5.0},{"damage":0.0,"enemies":"Large Slime","floor":11.0,"turns":4.0},{"damage":2.0,"enemies":"3 Louse","floor":12.0,"turns":3.0},{"damage":9.0,"enemies":"Exordium Thugs","floor":13.0,"turns":4.0},{"damage":12.0,"enemies":"3 Sentries","floor":14.0,"turns":5.0},{"damage":0.0,"enemies":"Slime Boss","floor":16.0,"turns":5.0},{"damage":12.0,"enemies":"3 Byrds","floor":18.0,"turns":3.0},{"damage":0.0,"enemies":"Spheric Guardian","floor":19.0,"turns":2.0},{"damage":6.0,"enemies":"Snake Plant","floor":21.0,"turns":3.0},{"damage":14.0,"enemies":"Shelled Parasite and Fungi","floor":22.0,"turns":5.0},{"damage":6.0,"enemies":"Gremlin Leader","floor":24.0,"turns":6.0},{"damage":4.0,"enemies":"Centurion and Healer","floor":25.0,"turns":6.0},{"damage":22.0,"enemies":"Book of Stabbing","floor":27.0,"turns":3.0},{"damage":11.0,"enemies":"Snake Plant","floor":28.0,"turns":2.0},{"damage":46.0,"enemies":"Champ","floor":33.0,"turns":7.0},{"damage":31.0,"enemies":"3 Darklings","floor":35.0,"turns":7.0},{"damage":0.0,"enemies":"Orb Walker","floor":42.0,"turns":2.0},{"damage":20.0,"enemies":"3 Darklings","floor":44.0,"turns":5.0},{"damage":0,"enemies":"Giant Head","floor":45,"turns":7},{"damage":14,"enemies":"Nemesis","floor":47,"turns":3},{"damage":0,"enemies":"Maw","floor":48,"turns":7},{"damage":42,"enemies":"Donu and Deca","floor":50,"turns":9}],"seed_played":"5832517179615178830","potions_obtained":[{"floor":1.0,"key":"SteroidPotion"},{"floor":12.0,"key":"Dexterity Potion"},{"floor":13.0,"key":"LiquidBronze"},{"floor":16.0,"key":"SneckoOil"}],"is_trial":false,"path_per_floor":["M","M","M","M","?","R","E","R","T","R","M","M","M","E","R","B",null,"M","M","?","M","M","R","E","M","T","E","M","$","R","?","R","B",null,"M","?","?","?","$","?","R","M","T","M","E","R","E","M","R","B",null],"character_chosen":"IRONCLAD","items_purchased":["Bronze Scales","Strawberry","FossilizedHelix"],"campfire_rested":0,"item_purchase_floors":[29,29,39],"current_hp_per_floor":[70,75,80,76,76,76,62,62,76,76,82,86,83,77,77,83,91,85,91,91,91,83,83,83,85,85,69,64,71,71,71,71,31,84,59,59,46,46,46,88,88,88,88,74,80,88,84,94,96,60],"gold":116,"neow_bonus":"HUNDRED_GOLD","is_prod":false,"is_daily":false,"chose_seed":false,"campfire_upgraded":10,"win_rate":0,"timestamp":1567897824,"path_taken":["M","M","M","M","?","R","E","R","T","R","M","M","?","E","R","BOSS","M","?","?","M","M","R","E","M","T","E","?","$","R","?","R","BOSS","M","?","?","?","$","?","R","?","T","M","E","R","E","M","R","BOSS"],"build_version":"2019-07-17","purchased_purges":1,"victory":true,"max_hp_per_floor":[80,80,80,80,80,80,80,80,94,94,94,94,94,94,94,94,94,94,94,94,94,94,94,94,94,94,94,94,101,101,101,101,101,101,101,101,101,101,101,88,88,88,88,88,88,88,92,96,96,96],"card_choices":[{"not_picked":["Sentinel","Body Slam"],"picked":"Perfected Strike","floor":1.0},{"not_picked":["Havoc","Perfected Strike"],"picked":"Metallicize","floor":2.0},{"not_picked":["Flex","Power Through"],"picked":"Armaments","floor":3.0},{"not_picked":["Pommel Strike","Flex"],"picked":"Perfected Strike","floor":4.0},{"not_picked":["Bloodletting","Flex","Bludgeon"],"picked":"SKIP","floor":7.0},{"not_picked":["Clash","Shockwave"],"picked":"Pommel Strike","floor":11.0},{"not_picked":["Thunderclap","Burning Pact","Intimidate"],"picked":"SKIP","floor":12.0},{"not_picked":["Intimidate","Heavy Blade"],"picked":"Perfected Strike","floor":13.0},{"not_picked":["Feel No Pain","Rage","Heavy Blade"],"picked":"SKIP","floor":14.0},{"not_picked":["Berserk","Exhume"],"picked":"Impervious","floor":16.0},{"not_picked":["Anger+1","Intimidate"],"picked":"Perfected Strike+1","floor":18.0},{"not_picked":["Havoc","Evolve+1","Seeing Red"],"picked":"SKIP","floor":18.0},{"not_picked":["Disarm+1","True Grit+1"],"picked":"Perfected Strike","floor":19.0},{"not_picked":["Bloodletting","Cleave","Limit Break"],"picked":"SKIP","floor":19.0},{"not_picked":["Searing Blow","Evolve"],"picked":"Shrug It Off","floor":21.0},{"not_picked":["Body Slam","Rupture"],"picked":"Power Through","floor":21.0},{"not_picked":["Warcry","Twin Strike"],"picked":"Flame Barrier+1","floor":22.0},{"not_picked":["Blood for Blood","Flex+1","Thunderclap"],"picked":"SKIP","floor":22.0},{"not_picked":["Rampage","Havoc"],"picked":"Feed","floor":24.0},{"not_picked":["Dropkick","Armaments"],"picked":"Perfected Strike","floor":25.0},{"not_picked":["Cleave","Reckless Charge+1","True Grit"],"picked":"SKIP","floor":25.0},{"not_picked":["Shockwave","Clothesline"],"picked":"Perfected Strike","floor":27.0},{"not_picked":["Warcry","Clothesline+1"],"picked":"Perfected Strike","floor":28.0},{"not_picked":["Seeing Red+1","Clothesline"],"picked":"Ghostly Armor","floor":28.0},{"not_picked":["Cleave+1","Dropkick"],"picked":"Corruption+1","floor":35.0},{"not_picked":["Thunderclap","Metallicize","Havoc"],"picked":"SKIP","floor":35.0},{"not_picked":["Dual Wield+1","Sever Soul+1"],"picked":"Headbutt","floor":42.0},{"not_picked":["Thunderclap","Burning Pact","Cleave"],"picked":"SKIP","floor":42.0},{"not_picked":["Combust+1","Anger"],"picked":"Shrug It Off+1","floor":44.0},{"not_picked":["Clothesline","Sword Boomerang+1","Feed"],"picked":"SKIP","floor":44.0},{"not_picked":["Body Slam","Warcry"],"picked":"Shrug It Off+1","floor":45},{"not_picked":["Headbutt","Hemokinesis+1","Rage+1"],"picked":"SKIP","floor":47},{"not_picked":["Reckless Charge","Clash+1"],"picked":"Metallicize","floor":48},{"not_picked":["Headbutt","Rampage+1","Havoc"],"picked":"SKIP","floor":48}],"player_experience":280095,"relics_obtained":[{"floor":7.0,"key":"Pocketwatch"},{"floor":9.0,"key":"Mango"},{"floor":14.0,"key":"Prayer Wheel"},{"floor":24.0,"key":"Du-Vu Doll"},{"floor":26.0,"key":"Kunai"},{"floor":27.0,"key":"Regal Pillow"},{"floor":43.0,"key":"Girya"},{"floor":45,"key":"Happy Flower"},{"floor":47,"key":"Potion Belt"}],"event_choices":[{"damage_healed":0.0,"max_hp_gain":0.0,"max_hp_loss":0.0,"gold_gain":0.0,"event_name":"Upgrade Shrine","player_choice":"Upgraded","floor":5.0,"gold_loss":0.0,"damage_taken":0.0,"cards_upgraded":["Armaments"]},{"damage_healed":0.0,"max_hp_gain":0.0,"max_hp_loss":0.0,"gold_gain":0.0,"event_name":"Designer","player_choice":"Upgraded Two","floor":20.0,"gold_loss":40.0,"damage_taken":0.0,"cards_upgraded":["Perfected Strike","Strike_R"]},{"damage_healed":0.0,"max_hp_gain":0.0,"max_hp_loss":0.0,"gold_gain":0.0,"event_name":"The Mausoleum","player_choice":"Ignored","floor":31.0,"gold_loss":0.0,"damage_taken":0.0},{"cards_removed":["Pommel Strike"],"damage_healed":0.0,"max_hp_gain":0.0,"max_hp_loss":0.0,"gold_gain":0.0,"event_name":"Falling","player_choice":"Removed Attack","floor":36.0,"gold_loss":0.0,"damage_taken":0.0},{"damage_healed":0.0,"max_hp_gain":0.0,"max_hp_loss":0.0,"gold_gain":0.0,"event_name":"Winding Halls","player_choice":"Embrace Madness","floor":37.0,"gold_loss":0.0,"damage_taken":13.0,"cards_obtained":["Madness","Madness"]},{"damage_healed":0.0,"max_hp_gain":0.0,"max_hp_loss":0.0,"gold_gain":0.0,"event_name":"Tomb of Lord Red Mask","player_choice":"Ignored","floor":38.0,"gold_loss":0.0,"damage_taken":0.0},{"damage_healed":88.0,"max_hp_gain":0.0,"max_hp_loss":13.0,"gold_gain":0.0,"event_name":"The Moai Head","player_choice":"Heal","floor":40.0,"gold_loss":0.0,"damage_taken":0.0}],"is_beta":false,"boss_relics":[{"not_picked":["Tiny House","Black Star"],"picked":"Sozu"},{"not_picked":["Cursed Key","Pandora\u0027s Box"],"picked":"Eternal Feather"}],"items_purged_floors":[39],"is_endless":false,"potions_floor_spawned":[1,12,13,16,19,21,25,42,44,45,47],"ascension_level":8}