{"gold_per_floor":[110,35,55,4,22,47,47,74,101,101,26,59,59,76,76,148,148,148,148,148,148,148,148,148,148],"floor_reached":25,"playtime":5037,"items_purged":[],"score":434,"play_id":"3d0c5683-6b16-4b6d-a636-d2133a041fea","local_time":"20191016153857","is_ascension_mode":true,"campfire_choices":[{"data":"Spot Weakness","floor":7,"key":"SMITH"},{"data":"Fiend Fire","floor":10,"key":"SMITH"},{"data":"Disarm","floor":15,"key":"SMITH"},{"data":"J.A.X.","floor":23,"key":"SMITH"}],"neow_cost":"NONE","seed_source_timestamp":150575812209200,"circlet_count":0,"master_deck":["AscendersBane","Strike_R","Strike_R+1","Strike_R","Defend_R","Defend_R+1","Defend_R","Defend_R","Bash","Spot Weakness+1","Disarm+1","Anger+1","True Grit","Fiend Fire+1","Offering","Power Through","J.A.X.+1","Battle Trance+1"],"relics":["Burning Blood","WingedGreaves","Art of War","Paper Frog","Bag of Marbles","Whetstone","Ectoplasm","War Paint"],"potions_floor_usage":[8,16,16],"damage_taken":[{"damage":13,"enemies":"Cultist","floor":1,"turns":5},{"damage":4,"enemies":"Small Slimes","floor":3,"turns":4},{"damage":0,"enemies":"2 Louse","floor":5,"turns":3},{"damage":30,"enemies":"3 Sentries","floor":6,"turns":7},{"damage":8,"enemies":"Gremlin Nob","floor":8,"turns":3},{"damage":20,"enemies":"3 Sentries","floor":12,"turns":6},{"damage":0,"enemies":"2 Fungi Beasts","floor":14,"turns":4},{"damage":7,"enemies":"The Guardian","floor":16,"turns":9},{"damage":25,"enemies":"Spheric Guardian","floor":18,"turns":5},{"damage":6,"enemies":"Shell Parasite","floor":19,"turns":1},{"damage":69,"enemies":"Slavers","floor":25,"turns":4}],"seed_played":"-8621780019084550176","potions_obtained":[{"floor":5,"key":"GamblersBrew"},{"floor":6,"key":"SteroidPotion"},{"floor":8,"key":"SneckoOil"},{"floor":14,"key":"Fire Potion"},{"floor":16,"key":"FearPotion"}],"is_trial":false,"path_per_floor":["M","$","M","?","M","E","R","E","T","R","?","E","?","M","R","B",null,"M","M","?","?","?","R","T","E"],"character_chosen":"IRONCLAD","items_purchased":["Spot Weakness"],"campfire_rested":0,"item_purchase_floors":[2],"current_hp_per_floor":[68,68,70,70,76,52,52,50,50,50,50,36,29,35,35,34,70,51,51,51,51,51,51,51,0],"gold":148,"neow_bonus":"TEN_PERCENT_HP_BONUS","is_prod":false,"is_daily":false,"chose_seed":false,"campfire_upgraded":4,"win_rate":0,"timestamp":1571265537,"path_taken":["M","?","M","?","?","E","R","E","T","R","?","E","?","M","R","BOSS","M","M","?","?","?","R","?","E"],"build_version":"2019-10-15","purchased_purges":0,"victory":false,"max_hp_per_floor":[82,82,82,82,82,82,82,82,82,82,82,82,82,82,82,82,82,82,82,82,82,82,82,82,82],"card_choices":[{"not_picked":["Twin Strike","Perfected Strike","Pummel"],"picked":"SKIP","floor":1},{"not_picked":["Sentinel","Ghostly Armor"],"picked":"Disarm","floor":3},{"not_picked":["Body Slam","Armaments"],"picked":"Anger","floor":5},{"not_picked":["Rupture","Pommel Strike"],"picked":"True Grit","floor":6},{"not_picked":["Bludgeon","Pommel Strike"],"picked":"Fiend Fire","floor":8},{"not_picked":["Entrench","Pommel Strike","Cleave"],"picked":"SKIP","floor":12},{"not_picked":["Burning Pact","Cleave","Perfected Strike"],"picked":"SKIP","floor":14},{"not_picked":["Berserk","Feed"],"picked":"Offering","floor":16},{"not_picked":["Combust+1","Havoc+1"],"picked":"Power Through","floor":18},{"not_picked":["True Grit","Pommel Strike","Flex+1"],"picked":"SKIP","floor":19}],"player_experience":1594595,"relics_obtained":[{"floor":6,"key":"Art of War"},{"floor":8,"key":"Paper Frog"},{"floor":9,"key":"Bag of Marbles"},{"floor":12,"key":"Whetstone"},{"floor":24,"key":"War Paint"}],"event_choices":[{"damage_healed":0,"gold_gain":0,"player_choice":"Paid Gold","damage_taken":0,"relics_obtained":["WingedGreaves"],"max_hp_gain":0,"max_hp_loss":0,"event_name":"WeMeetAgain","floor":4,"gold_loss":51},{"cards_removed":["Strike_R"],"damage_healed":0,"gold_gain":0,"player_choice":"Card Removal","damage_taken":0,"max_hp_gain":0,"max_hp_loss":0,"event_name":"The Cleric","floor":11,"gold_loss":75},{"cards_removed":["Strike_R"],"damage_healed":0,"gold_gain":0,"player_choice":"Card Removal","damage_taken":7,"max_hp_gain":0,"max_hp_loss":0,"event_name":"Golden Wing","floor":13,"gold_loss":0},{"damage_healed":0,"gold_gain":0,"player_choice":"Obtain J.A.X.","damage_taken":0,"max_hp_gain":0,"max_hp_loss":0,"event_name":"Drug Dealer","floor":20,"gold_loss":0,"cards_obtained":["J.A.X."]},{"damage_healed":0,"gold_gain":0,"player_choice":"Read","damage_taken":0,"max_hp_gain":0,"max_hp_loss":0,"event_name":"The Library","floor":21,"gold_loss":0,"cards_obtained":["Battle Trance"]},{"damage_healed":0,"gold_gain":0,"player_choice":"Ignored","damage_taken":0,"max_hp_gain":0,"max_hp_loss":0,"event_name":"Ghosts","floor":22,"gold_loss":0}],"is_beta":true,"boss_relics":[{"not_picked":["SlaversCollar","Empty Cage"],"picked":"Ectoplasm"}],"items_purged_floors":[],"is_endless":false,"potions_floor_spawned":[5,6,8,14,16],"killed_by":"Slavers","ascension_level":20}