{"gold_per_floor":[113,113,113,133,133,166,166,192,192,192,26,44,44,62,62,136,136,154,204,214,280,54,87,87,87],"floor_reached":25,"playtime":662,"items_purged":[],"score":457,"play_id":"52fe74ec-781c-455d-a9a2-3a3abd1e2cf6","local_time":"20190920214326","is_ascension_mode":true,"campfire_choices":[{"data":"Static Discharge","floor":7.0,"key":"SMITH"},{"data":"Tempest","floor":10.0,"key":"SMITH"},{"data":"Coolheaded","floor":15.0,"key":"SMITH"},{"floor":24,"key":"REST"}],"neow_cost":"NONE","seed_source_timestamp":170105048132600,"circlet_count":0,"master_deck":["AscendersBane","Strike_B","Strike_B","Strike_B","Strike_B","Defend_B","Defend_B","Defend_B","Defend_B","Zap+1","Dualcast","Sweeping Beam","Static Discharge+1","Tempest+1","Coolheaded+1","Melter","Reboot","Leap","Stack","Seek"],"special_seed":0,"relics":["Cracked Core","NeowsBlessing","Torii","Kunai","Bottled Tornado","Vajra","SsserpentHead","SlaversCollar","Pen Nib"],"potions_floor_usage":[20,23],"damage_taken":[{"damage":0.0,"enemies":"Small Slimes","floor":1.0,"turns":1.0},{"damage":0.0,"enemies":"Jaw Worm","floor":4.0,"turns":1.0},{"damage":0.0,"enemies":"3 Sentries","floor":6.0,"turns":1.0},{"damage":16.0,"enemies":"Lagavulin","floor":8.0,"turns":6.0},{"damage":0.0,"enemies":"Cultist","floor":12.0,"turns":2.0},{"damage":1.0,"enemies":"Large Slime","floor":14.0,"turns":4.0},{"damage":13.0,"enemies":"Hexaghost","floor":16.0,"turns":7.0},{"damage":18.0,"enemies":"3 Byrds","floor":18.0,"turns":2.0},{"damage":29,"enemies":"2 Thieves","floor":20,"turns":3},{"damage":16,"enemies":"Snecko","floor":21,"turns":5},{"damage":11,"enemies":"Book of Stabbing","floor":23,"turns":5},{"damage":29,"enemies":"Slavers","floor":25,"turns":1}],"seed_played":"6457428036100832714","potions_obtained":[{"floor":8.0,"key":"Weak Potion"},{"floor":12.0,"key":"Regen Potion"},{"floor":20,"key":"SpeedPotion"},{"floor":23,"key":"Fire Potion"}],"is_trial":false,"path_per_floor":["M","?","?","M","?","E","R","E","T","R","$","M","?","M","R","B",null,"M","?","M","M","$","E","R","E"],"character_chosen":"DEFECT","items_purchased":["Vajra","Stack","Seek"],"campfire_rested":1,"item_purchase_floors":[11,22,22],"current_hp_per_floor":[64,64,64,64,69,69,69,53,53,53,53,53,53,52,52,39,67,49,49,32,16,16,5,27,0],"gold":87,"neow_bonus":"THREE_ENEMY_KILL","is_prod":false,"is_daily":false,"chose_seed":false,"campfire_upgraded":3,"win_rate":0,"timestamp":1569033806,"path_taken":["M","?","?","M","?","E","R","E","T","R","?","?","?","M","R","BOSS","M","?","M","?","$","E","R","E"],"build_version":"2019-09-19","purchased_purges":0,"victory":false,"max_hp_per_floor":[71,71,71,71,76,76,76,76,76,76,76,76,76,76,76,76,76,76,76,76,76,76,76,76,76],"card_choices":[{"not_picked":["Coolheaded","Blizzard"],"picked":"Sweeping Beam","floor":1.0},{"not_picked":["Redo","Coolheaded"],"picked":"Static Discharge","floor":4.0},{"not_picked":["Blizzard","Turbo","Hello World"],"picked":"SKIP","floor":6.0},{"not_picked":["Sunder","Steam"],"picked":"Tempest","floor":8.0},{"not_picked":["Streamline","Gash"],"picked":"Coolheaded","floor":12.0},{"not_picked":["Gash","Redo"],"picked":"Melter","floor":14.0},{"not_picked":["Core Surge","Fission"],"picked":"Reboot","floor":16.0},{"not_picked":["Turbo","Gash","Barrage+1"],"picked":"SKIP","floor":18.0},{"not_picked":["Doom and Gloom","Ball Lightning"],"picked":"Leap","floor":20},{"not_picked":["FTL","Barrage","Aggregate+1"],"picked":"SKIP","floor":21},{"not_picked":["Fission","Gash","Rip and Tear"],"picked":"SKIP","floor":23}],"player_experience":1413583,"relics_obtained":[{"floor":6.0,"key":"Torii"},{"floor":8.0,"key":"Kunai"},{"floor":9.0,"key":"Bottled Tornado"},{"floor":23,"key":"Pen Nib"}],"event_choices":[{"damage_healed":0.0,"max_hp_gain":0.0,"max_hp_loss":0.0,"gold_gain":0.0,"event_name":"The Cleric","player_choice":"Leave","floor":2.0,"gold_loss":0.0,"damage_taken":0.0},{"damage_healed":0.0,"max_hp_gain":0.0,"max_hp_loss":0.0,"gold_gain":0.0,"event_name":"Living Wall","player_choice":"Grow","floor":3.0,"gold_loss":0.0,"damage_taken":0.0,"cards_upgraded":["Zap"]},{"damage_healed":0.0,"max_hp_gain":5.0,"max_hp_loss":0.0,"gold_gain":0.0,"event_name":"Big Fish","player_choice":"Donut","floor":5.0,"gold_loss":0.0,"damage_taken":0.0},{"damage_healed":0.0,"max_hp_gain":0.0,"max_hp_loss":0.0,"gold_gain":0.0,"event_name":"FaceTrader","player_choice":"Trade","floor":13.0,"gold_loss":0.0,"damage_taken":0.0,"relics_obtained":["SsserpentHead"]},{"damage_healed":0.0,"max_hp_gain":0.0,"max_hp_loss":0.0,"gold_gain":0.0,"event_name":"N\u0027loth","player_choice":"Ignored","floor":19.0,"gold_loss":0.0,"damage_taken":0.0}],"is_beta":true,"boss_relics":[{"not_picked":["Philosopher\u0027s Stone","SacredBark"],"picked":"SlaversCollar"}],"items_purged_floors":[],"is_endless":false,"potions_floor_spawned":[8,12,16,20,23],"killed_by":"Slavers","ascension_level":16}