{"gold_per_floor":[113,130,140,159,124,124,85,85,85,112,112,37,37,49,49,152,152,169,169,188,188,204,204,216,243,243,17,30,30,30,47,47,142,142,161,18,29,47,67,67],"floor_reached":40,"playtime":2376,"items_purged":["Parasite"],"score":636,"play_id":"99bffa7d-fe83-4388-8568-9685b1aba849","local_time":"20190909082638","is_ascension_mode":true,"campfire_choices":[{"data":"Flame Barrier","floor":6.0,"key":"SMITH"},{"data":"Metallicize","floor":13.0,"key":"SMITH"},{"data":"Inflame","floor":15.0,"key":"SMITH"},{"data":"Shrug It Off","floor":23.0,"key":"SMITH"},{"floor":29,"key":"REST"},{"data":"Pommel Strike","floor":32,"key":"SMITH"}],"neow_cost":"PERCENT_DAMAGE","seed_source_timestamp":32573569773349,"circlet_count":0,"master_deck":["AscendersBane","Strike_R+1","Strike_R+1","Strike_R+1","Strike_R+1","Strike_R+1","Defend_R+1","Defend_R+1","Defend_R+1","Defend_R+1","Bash","Inflame+1","Clothesline","Flame Barrier+1","Metallicize+1","Headbutt","Pummel","Demon Form","True Grit+1","Shrug It Off+1","Corruption","Ghostly Armor","Pommel Strike+1","Shrug It Off+1","Metallicize","Whirlwind","Flame Barrier"],"special_seed":0,"relics":["Burning Blood","StoneCalendar","Shuriken","Orichalcum","War Paint","Cursed Key","Regal Pillow","Oddly Smooth Stone","Black Star","Pen Nib"],"potions_floor_usage":[38,39],"damage_taken":[{"damage":6.0,"enemies":"2 Louse","floor":1.0,"turns":3.0},{"damage":12.0,"enemies":"Jaw Worm","floor":2.0,"turns":4.0},{"damage":4.0,"enemies":"Small Slimes","floor":3.0,"turns":3.0},{"damage":4.0,"enemies":"Exordium Wildlife","floor":4.0,"turns":6.0},{"damage":18.0,"enemies":"Lagavulin","floor":10.0,"turns":7.0},{"damage":18.0,"enemies":"Large Slime","floor":14.0,"turns":6.0},{"damage":16.0,"enemies":"Hexaghost","floor":16.0,"turns":9.0},{"damage":4.0,"enemies":"Shell Parasite","floor":18.0,"turns":5.0},{"damage":2.0,"enemies":"Chosen","floor":20.0,"turns":3.0},{"damage":0.0,"enemies":"Snecko","floor":22.0,"turns":6.0},{"damage":8.0,"enemies":"Snake Plant","floor":24.0,"turns":4.0},{"damage":55.0,"enemies":"Slavers","floor":25.0,"turns":7.0},{"damage":8,"enemies":"Shelled Parasite and Fungi","floor":28,"turns":7},{"damage":2,"enemies":"Snecko","floor":31,"turns":6},{"damage":7,"enemies":"Champ","floor":33,"turns":12},{"damage":17,"enemies":"3 Darklings","floor":35,"turns":7},{"damage":5,"enemies":"3 Shapes","floor":37,"turns":6},{"damage":14,"enemies":"3 Darklings","floor":38,"turns":6},{"damage":19,"enemies":"4 Shapes","floor":39,"turns":7},{"damage":50,"enemies":"Reptomancer","floor":40,"turns":3}],"seed_played":"-4305355657755943453","potions_obtained":[{"floor":1.0,"key":"PowerPotion"},{"floor":3.0,"key":"Energy Potion"},{"floor":14.0,"key":"Regen Potion"},{"floor":16.0,"key":"FearPotion"},{"floor":18.0,"key":"LiquidBronze"},{"floor":20.0,"key":"SkillPotion"},{"floor":31,"key":"GamblersBrew"},{"floor":37,"key":"EssenceOfSteel"}],"is_trial":false,"path_per_floor":["M","M","M","M","?","R","$","?","T","E","?","$","R","M","R","B",null,"M","?","M","?","M","R","M","E","T","$","M","R","$","M","R","B",null,"M","$","M","M","M","E"],"character_chosen":"IRONCLAD","items_purchased":["Metallicize","Oddly Smooth Stone","Ghostly Armor","Pen Nib"],"campfire_rested":1,"item_purchase_floors":[7,27,27,36],"current_hp_per_floor":[51,45,47,49,69,69,69,51,51,39,59,59,59,47,47,52,71,73,73,77,61,67,67,65,16,16,16,14,52,52,56,56,55,72,61,61,62,54,41,0],"gold":67,"neow_bonus":"ONE_RARE_RELIC","is_prod":false,"is_daily":false,"chose_seed":false,"campfire_upgraded":5,"win_rate":0,"timestamp":1568042798,"path_taken":["M","M","M","M","?","R","$","?","T","E","?","$","R","M","R","BOSS","M","?","M","?","M","R","M","E","T","?","M","R","$","M","R","BOSS","M","$","M","M","M","E"],"build_version":"2019-07-17","purchased_purges":1,"victory":false,"max_hp_per_floor":[80,80,80,80,80,80,80,80,80,80,80,77,77,77,77,77,77,77,77,77,77,77,77,77,77,77,77,77,77,77,77,77,77,77,77,77,77,77,77,77],"card_choices":[{"not_picked":["Sever Soul","Clash"],"picked":"Inflame","floor":1.0},{"not_picked":["Clash","Iron Wave"],"picked":"Clothesline","floor":2.0},{"not_picked":["Wild Strike","Sword Boomerang"],"picked":"Flame Barrier","floor":3.0},{"not_picked":["Twin Strike","Seeing Red","Perfected Strike"],"picked":"SKIP","floor":4.0},{"not_picked":["Intimidate","Pommel Strike"],"picked":"Headbutt","floor":10.0},{"not_picked":["Wild Strike","Berserk"],"picked":"Pummel","floor":14.0},{"not_picked":["Brutality","Bludgeon"],"picked":"Demon Form","floor":16.0},{"not_picked":["Clash","Flex+1"],"picked":"True Grit+1","floor":18.0},{"not_picked":["Thunderclap","Anger+1","Clothesline"],"picked":"SKIP","floor":20.0},{"not_picked":["Flex","True Grit"],"picked":"Shrug It Off","floor":22.0},{"not_picked":["Rupture","Bloodletting","Hemokinesis"],"picked":"SKIP","floor":24.0},{"not_picked":["Pommel Strike+1","Iron Wave"],"picked":"Corruption","floor":25.0},{"not_picked":["Flex","Double Tap","Thunderclap"],"picked":"SKIP","floor":28},{"not_picked":["Armaments","Intimidate"],"picked":"Pommel Strike","floor":31},{"not_picked":["Perfected Strike+1","True Grit+1"],"picked":"Shrug It Off+1","floor":35},{"not_picked":["Shrug It Off","Havoc"],"picked":"Metallicize","floor":37},{"not_picked":["Flame Barrier","Iron Wave"],"picked":"Whirlwind","floor":38},{"not_picked":["Dark Embrace","Clash"],"picked":"Flame Barrier","floor":39}],"player_experience":294017,"relics_obtained":[{"floor":9.0,"key":"Orichalcum"},{"floor":10.0,"key":"War Paint"},{"floor":25.0,"key":"Regal Pillow"}],"event_choices":[{"damage_healed":20.0,"max_hp_gain":0.0,"max_hp_loss":0.0,"gold_gain":0.0,"event_name":"The Cleric","player_choice":"Healed","floor":5.0,"gold_loss":35.0,"damage_taken":0.0},{"damage_healed":0.0,"max_hp_gain":0.0,"max_hp_loss":0.0,"gold_gain":0.0,"event_name":"Scrap Ooze","player_choice":"Success","floor":8.0,"gold_loss":0.0,"damage_taken":18.0,"relics_obtained":["Shuriken"]},{"damage_healed":20.0,"max_hp_gain":0.0,"max_hp_loss":0.0,"gold_gain":0.0,"event_name":"Mushrooms","player_choice":"Healed and dodged fight","floor":11.0,"gold_loss":0.0,"damage_taken":0.0,"cards_obtained":["Parasite"]},{"damage_healed":0.0,"max_hp_gain":0.0,"max_hp_loss":0.0,"gold_gain":0.0,"event_name":"Back to Basics","player_choice":"Simplicity","floor":19.0,"gold_loss":0.0,"damage_taken":0.0,"cards_upgraded":["Strike_R","Strike_R","Strike_R","Strike_R","Strike_R","Defend_R","Defend_R"]},{"damage_healed":0.0,"max_hp_gain":0.0,"max_hp_loss":0.0,"gold_gain":0.0,"event_name":"Cursed Tome","player_choice":"Obtained Book","floor":21.0,"gold_loss":0.0,"damage_taken":16.0}],"is_beta":false,"boss_relics":[{"not_picked":["Snecko Eye","Velvet Choker"],"picked":"Cursed Key"},{"not_picked":["Orrery","Runic Cube"],"picked":"Black Star"}],"items_purged_floors":[12],"is_endless":false,"potions_floor_spawned":[1,3,14,16,18,20,31,37],"killed_by":"Reptomancer","ascension_level":11}