{"gold_per_floor":[118,128,42,62,12,12,43,63,63,73,73,105,105,140,140,239,239,250,250,268,287,287,316,3,29,329,329,348,376,476,507,507,602,602,614,626,645,60,72,101,115,215,215,246,2,2,2,33,33,33,33,33,33,68,68],"floor_reached":55,"playtime":4087,"items_purged":["Strike_R","Defend_R"],"score":1088,"play_id":"e3b49002-6679-4881-9e84-4e9c69c762a6","local_time":"20190903093614","is_ascension_mode":true,"campfire_choices":[{"data":"Metallicize","floor":6.0,"key":"SMITH"},{"data":"Shrug It Off","floor":13.0,"key":"SMITH"},{"data":"Limit Break","floor":15.0,"key":"SMITH"},{"floor":27.0,"key":"REST"},{"data":"RitualDagger","floor":32.0,"key":"SMITH"},{"floor":46.0,"key":"RECALL"},{"floor":49.0,"key":"REST"},{"data":"Shrug It Off","floor":52.0,"key":"SMITH"}],"neow_cost":"NONE","seed_source_timestamp":0,"circlet_count":0,"master_deck":["Strike_R","Strike_R+1","Defend_R+1","Defend_R+1","Defend_R+1","Bash","Shrug It Off","Headbutt","Shrug It Off","Metallicize+1","Shrug It Off","Limit Break+1","Shrug It Off+1","Spot Weakness","Shrug It Off","Twin Strike+1","Battle Trance+1","RitualDagger+1","Offering","Shrug It Off+1","Reaper","Shrug It Off+1","Evolve"],"special_seed":0,"relics":["Burning Blood","War Paint","Dream Catcher","Letter Opener","Gambling Chip","Sozu","PreservedInsect","Lantern","Bottled Lightning","Old Coin","Orichalcum","Bag of Marbles","Velvet Choker","Lee\u0027s Waffle","Strawberry","Pen Nib","Calipers","Prayer Wheel","Blood Vial","Centennial Puzzle","Art of War","Bottled Flame"],"potions_floor_usage":[],"damage_taken":[{"damage":8.0,"enemies":"Cultist","floor":1.0,"turns":4.0},{"damage":1.0,"enemies":"2 Louse","floor":2.0,"turns":3.0},{"damage":0.0,"enemies":"Small Slimes","floor":4.0,"turns":4.0},{"damage":17.0,"enemies":"Gremlin Nob","floor":7.0,"turns":6.0},{"damage":0.0,"enemies":"2 Fungi Beasts","floor":8.0,"turns":6.0},{"damage":1.0,"enemies":"Red Slaver","floor":10.0,"turns":5.0},{"damage":0.0,"enemies":"3 Sentries","floor":12.0,"turns":9.0},{"damage":35.0,"enemies":"Gremlin Nob","floor":14.0,"turns":6.0},{"damage":4.0,"enemies":"Slime Boss","floor":16.0,"turns":13.0},{"damage":27.0,"enemies":"3 Byrds","floor":18.0,"turns":8.0},{"damage":0.0,"enemies":"Shell Parasite","floor":20.0,"turns":6.0},{"damage":0.0,"enemies":"Snecko","floor":21.0,"turns":5.0},{"damage":33.0,"enemies":"Gremlin Leader","floor":23.0,"turns":9.0},{"damage":18.0,"enemies":"Slavers","floor":25.0,"turns":3.0},{"damage":14.0,"enemies":"Snake Plant","floor":28.0,"turns":7.0},{"damage":0.0,"enemies":"Book of Stabbing","floor":29.0,"turns":5.0},{"damage":1.0,"enemies":"Slavers","floor":31.0,"turns":6.0},{"damage":35.0,"enemies":"Automaton","floor":33.0,"turns":12.0},{"damage":14.0,"enemies":"3 Shapes","floor":35.0,"turns":5.0},{"damage":0.0,"enemies":"Orb Walker","floor":36.0,"turns":2.0},{"damage":9.0,"enemies":"3 Darklings","floor":37.0,"turns":9.0},{"damage":40.0,"enemies":"Transient","floor":39.0,"turns":5.0},{"damage":6.0,"enemies":"Giant Head","floor":40.0,"turns":5.0},{"damage":9.0,"enemies":"Writhing Mass","floor":41.0,"turns":8.0},{"damage":6.0,"enemies":"Mind Bloom Boss Battle","floor":42.0,"turns":6.0},{"damage":9.0,"enemies":"Reptomancer","floor":44.0,"turns":5.0},{"damage":53.0,"enemies":"Giant Head","floor":48.0,"turns":7.0},{"damage":55.0,"enemies":"Time Eater","floor":50.0,"turns":10.0},{"damage":22.0,"enemies":"Shield and Spear","floor":54.0,"turns":5.0},{"damage":80,"enemies":"The Heart","floor":55,"turns":8}],"seed_played":"-6614235489644051065","potions_obtained":[{"floor":7.0,"key":"EssenceOfSteel"},{"floor":12.0,"key":"SpeedPotion"},{"floor":14.0,"key":"Energy Potion"}],"is_trial":false,"path_per_floor":["M","M","$","M","$","R","E","M","T","M","?","E","R","E","R","B",null,"M","?","M","M","?","E","$","E","T","R","M","E","?","E","R","B",null,"M","M","M","$","M","E","M","?","T","E","$","R","?","E","R","B",null,"R","$","E","B"],"character_chosen":"IRONCLAD","items_purchased":["Metallicize","Dexterity Potion","Weak Potion","Lantern","Offering","Lee\u0027s Waffle","Strawberry","Pen Nib","Centennial Puzzle"],"campfire_rested":2,"item_purchase_floors":[3,3,5,24,24,38,38,38,45],"current_hp_per_floor":[78,80,80,80,80,80,69,75,75,80,64,70,70,41,41,43,80,59,59,65,71,65,38,38,26,26,50,42,48,48,53,53,24,80,75,80,77,94,60,67,64,64,64,61,61,61,61,50,78,65,94,94,94,78,0],"gold":68,"neow_bonus":"THREE_CARDS","is_prod":false,"is_daily":false,"chose_seed":false,"campfire_upgraded":5,"win_rate":0,"timestamp":1567528574,"path_taken":["M","M","$","M","?","R","E","M","T","?","?","E","R","E","R","BOSS","M","?","M","?","?","E","$","E","T","R","M","E","?","E","R","BOSS","M","?","M","$","M","E","M","?","T","E","$","R","?","E","R","BOSS","R","$","E","BOSS"],"build_version":"2019-07-17","purchased_purges":2,"victory":false,"max_hp_per_floor":[80,80,80,80,80,80,80,80,80,80,80,80,80,80,80,80,80,80,80,80,80,80,80,80,80,80,80,80,80,80,80,80,80,80,80,80,80,94,94,94,94,94,94,94,94,94,94,94,94,94,94,94,94,94,94],"card_choices":[{"not_picked":["Warcry","Searing Blow"],"picked":"Shrug It Off","floor":0.0},{"not_picked":["Dropkick","Spot Weakness"],"picked":"Headbutt","floor":1.0},{"not_picked":["Ghostly Armor","Clothesline"],"picked":"Shrug It Off","floor":2.0},{"not_picked":["Anger","Combust"],"picked":"Shrug It Off","floor":4.0},{"not_picked":["Cleave","Headbutt"],"picked":"Limit Break","floor":7.0},{"not_picked":["Twin Strike","Havoc"],"picked":"Shrug It Off","floor":8.0},{"not_picked":["Pommel Strike","Sword Boomerang"],"picked":"Spot Weakness","floor":10.0},{"not_picked":["Fire Breathing","Twin Strike","Cleave"],"picked":"SKIP","floor":12.0},{"not_picked":["Dropkick","Uppercut"],"picked":"Shrug It Off","floor":14.0},{"not_picked":["Flex","Pummel","Havoc+1"],"picked":"SKIP","floor":18.0},{"not_picked":["Warcry","Bludgeon"],"picked":"Twin Strike+1","floor":20.0},{"not_picked":["Clothesline+1","Blood for Blood"],"picked":"Battle Trance+1","floor":21.0},{"not_picked":["Iron Wave","Bloodletting","Havoc+1"],"picked":"SKIP","floor":23.0},{"not_picked":["Wild Strike","Anger","Fiend Fire"],"picked":"SKIP","floor":25.0},{"not_picked":["Corruption","Infernal Blade","Entrench"],"picked":"SKIP","floor":28.0},{"not_picked":["Pommel Strike","Fiend Fire","Cleave"],"picked":"SKIP","floor":29.0},{"not_picked":["Pommel Strike","Searing Blow"],"picked":"Shrug It Off+1","floor":31.0},{"not_picked":["Dark Embrace","Feed"],"picked":"Reaper","floor":33.0},{"not_picked":["Wild Strike+1","Heavy Blade+1","Shockwave+1"],"picked":"SKIP","floor":35.0},{"not_picked":["Clothesline","Hemokinesis+1","Armaments"],"picked":"SKIP","floor":36.0},{"not_picked":["Heavy Blade+1","Ghostly Armor"],"picked":"Shrug It Off","floor":37.0},{"not_picked":["Cleave+1","Iron Wave","Sever Soul"],"picked":"SKIP","floor":39.0},{"not_picked":["Headbutt+1","Brutality","Intimidate+1"],"picked":"SKIP","floor":40.0},{"not_picked":["Armaments+1","Wild Strike","Flame Barrier"],"picked":"SKIP","floor":41.0},{"not_picked":["Rupture","Flame Barrier","Seeing Red"],"picked":"SKIP","floor":44.0},{"not_picked":["Intimidate+1","Rupture","Brutality"],"picked":"SKIP","floor":48.0},{"not_picked":["Body Slam+1","Flex+1","Havoc+1"],"picked":"SKIP","floor":54.0}],"player_experience":247743,"relics_obtained":[{"floor":7.0,"key":"War Paint"},{"floor":9.0,"key":"Dream Catcher"},{"floor":12.0,"key":"Letter Opener"},{"floor":14.0,"key":"Gambling Chip"},{"floor":23.0,"key":"PreservedInsect"},{"floor":25.0,"key":"Bottled Lightning"},{"floor":26.0,"key":"Old Coin"},{"floor":29.0,"key":"Orichalcum"},{"floor":31.0,"key":"Bag of Marbles"},{"floor":40.0,"key":"Calipers"},{"floor":42.0,"key":"Prayer Wheel"},{"floor":44.0,"key":"Blood Vial"},{"floor":48.0,"key":"Art of War"},{"floor":54.0,"key":"Bottled Flame"}],"event_choices":[{"damage_healed":0.0,"max_hp_gain":0.0,"max_hp_loss":0.0,"gold_gain":0.0,"event_name":"Shining Light","player_choice":"Entered Light","floor":11.0,"gold_loss":0.0,"damage_taken":16.0,"cards_upgraded":["Strike_R","Defend_R"]},{"cards_removed":["Strike_R"],"damage_healed":0.0,"max_hp_gain":0.0,"max_hp_loss":0.0,"gold_gain":0.0,"event_name":"Purifier","player_choice":"Purged","floor":19.0,"gold_loss":0.0,"damage_taken":0.0},{"damage_healed":0.0,"max_hp_gain":0.0,"max_hp_loss":0.0,"gold_gain":0.0,"event_name":"Nest","player_choice":"Joined the Cult","floor":22.0,"gold_loss":0.0,"damage_taken":6.0,"cards_obtained":["RitualDagger"]},{"damage_healed":0.0,"max_hp_gain":0.0,"max_hp_loss":0.0,"gold_gain":100.0,"event_name":"Golden Shrine","player_choice":"Pray","floor":30.0,"gold_loss":0.0,"damage_taken":0.0},{"damage_healed":0.0,"max_hp_gain":0.0,"max_hp_loss":0.0,"gold_gain":0.0,"event_name":"MindBloom","player_choice":"Fight","floor":42.0,"gold_loss":0.0,"damage_taken":0.0},{"damage_healed":0.0,"max_hp_gain":0.0,"max_hp_loss":0.0,"gold_gain":0.0,"cards_transformed":["Strike_R"],"event_name":"Transmorgrifier","player_choice":"Transformed","floor":47.0,"gold_loss":0.0,"damage_taken":0.0,"cards_obtained":["Evolve"]}],"is_beta":false,"boss_relics":[{"not_picked":["Runic Cube","Black Star"],"picked":"Sozu"},{"not_picked":["Runic Pyramid","Tiny House"],"picked":"Velvet Choker"}],"items_purged_floors":[38,45],"is_endless":false,"potions_floor_spawned":[7,12,14,20,21,28,33,36,37,41,42,48,54],"killed_by":"The Heart","ascension_level":3}