{"gold_per_floor":[119,119,42,42,58,83,96,130,130,147,147,182,182,182,182,285,285,297,297,396,413,413],"floor_reached":22,"playtime":1172,"items_purged":[],"score":267,"play_id":"828684f2-5bd3-474b-86ed-c004deb1749e","local_time":"20190922133829","is_ascension_mode":true,"campfire_choices":[{"floor":11,"key":"REST"},{"data":"Noxious Fumes","floor":13,"key":"SMITH"},{"data":"Neutralize","floor":15,"key":"SMITH"}],"neow_cost":"NONE","seed_source_timestamp":192851797527600,"circlet_count":0,"master_deck":["Strike_G","Strike_G","Strike_G","Strike_G","Strike_G","Defend_G","Defend_G+1","Defend_G+1","Survivor","Neutralize+1","Cloak And Dagger","Noxious Fumes+1","After Image","Slice","Envenom","Prepared+1"],"relics":["Ring of the Snake","Singing Bowl","Unceasing Top","War Paint","FossilizedHelix","Ginger","Philosopher\u0027s Stone"],"potions_floor_usage":[16,16,18],"damage_taken":[{"damage":3,"enemies":"2 Louse","floor":1,"turns":3},{"damage":0,"enemies":"Jaw Worm","floor":5,"turns":4},{"damage":29,"enemies":"Gremlin Nob","floor":6,"turns":5},{"damage":1,"enemies":"Cultist","floor":7,"turns":5},{"damage":21,"enemies":"3 Sentries","floor":8,"turns":9},{"damage":0,"enemies":"Blue Slaver","floor":10,"turns":5},{"damage":6,"enemies":"Gremlin Nob","floor":12,"turns":5},{"damage":6,"enemies":"The Guardian","floor":16,"turns":13},{"damage":50,"enemies":"3 Byrds","floor":18,"turns":5},{"damage":9,"enemies":"Shell Parasite","floor":21,"turns":6},{"damage":29,"enemies":"Centurion and Healer","floor":22,"turns":6}],"seed_played":"-550789186457707975","potions_obtained":[{"floor":5,"key":"GamblersBrew"},{"floor":12,"key":"AttackPotion"},{"floor":16,"key":"PowerPotion"},{"floor":18,"key":"LiquidBronze"}],"is_trial":false,"path_per_floor":["M","?","$","?","M","E","M","E","T","M","R","E","R","?","R","B",null,"M","?","?","M","M"],"character_chosen":"THE_SILENT","items_purchased":["Noxious Fumes"],"campfire_rested":1,"item_purchase_floors":[3],"current_hp_per_floor":[74,71,71,71,73,44,45,24,24,24,48,44,44,49,49,43,88,40,40,40,31,2],"gold":413,"neow_bonus":"TEN_PERCENT_HP_BONUS","is_prod":false,"is_daily":false,"chose_seed":false,"campfire_upgraded":2,"win_rate":0,"timestamp":1569152309,"path_taken":["M","?","$","?","M","E","?","E","T","M","R","E","R","?","R","BOSS","M","?","?","M","M"],"build_version":"2019-07-17","purchased_purges":0,"victory":false,"max_hp_per_floor":[77,77,77,77,79,79,81,81,81,81,81,83,83,88,88,88,88,90,90,90,90,90],"card_choices":[{"not_picked":["Poisoned Stab","Flying Knee"],"picked":"Cloak And Dagger","floor":1},{"not_picked":["Poisoned Stab","Venomology","Prepared"],"picked":"Singing Bowl","floor":5},{"not_picked":["Envenom","All Out Attack"],"picked":"After Image","floor":6},{"not_picked":["Sucker Punch","Prepared","Blade Dance"],"picked":"Singing Bowl","floor":7},{"not_picked":["Glass Knife","Blur","Prepared"],"picked":"SKIP","floor":8},{"not_picked":["Underhanded Strike","PiercingWail"],"picked":"Slice","floor":10},{"not_picked":["Expertise","Well Laid Plans","Bane"],"picked":"Singing Bowl","floor":12},{"not_picked":["Phantasmal Killer","Venomology"],"picked":"Envenom","floor":16},{"not_picked":["Sucker Punch","Accuracy+1","Flechettes"],"picked":"Singing Bowl","floor":18},{"not_picked":["Caltrops","Eviscerate+1"],"picked":"Prepared+1","floor":21}],"player_experience":218318,"relics_obtained":[{"floor":6,"key":"Unceasing Top"},{"floor":8,"key":"War Paint"},{"floor":9,"key":"FossilizedHelix"},{"floor":12,"key":"Ginger"}],"event_choices":[{"damage_healed":0,"gold_gain":0,"player_choice":"Success","damage_taken":3,"relics_obtained":["Singing Bowl"],"max_hp_gain":0,"max_hp_loss":0,"event_name":"Scrap Ooze","floor":2,"gold_loss":0},{"cards_removed":["Defend_G"],"damage_healed":0,"gold_gain":0,"player_choice":"Purged","damage_taken":0,"max_hp_gain":0,"max_hp_loss":0,"event_name":"Purifier","floor":4,"gold_loss":0},{"damage_healed":0,"gold_gain":0,"player_choice":"Donut","damage_taken":0,"max_hp_gain":5,"max_hp_loss":0,"event_name":"Big Fish","floor":14,"gold_loss":0},{"cards_removed":["Defend_G"],"damage_healed":0,"gold_gain":0,"player_choice":"Elegance","damage_taken":0,"max_hp_gain":0,"max_hp_loss":0,"event_name":"Back to Basics","floor":19,"gold_loss":0},{"damage_healed":0,"gold_gain":99,"player_choice":"Stole From Cult","damage_taken":0,"max_hp_gain":0,"max_hp_loss":0,"event_name":"Nest","floor":20,"gold_loss":0}],"is_beta":false,"boss_relics":[{"not_picked":["Runic Dome","Busted Crown"],"picked":"Philosopher\u0027s Stone"}],"items_purged_floors":[],"is_endless":false,"potions_floor_spawned":[5,12,16,18],"killed_by":"Centurion and Healer","ascension_level":4}