{"gold_per_floor":[114,114,39,56,72,103,73,105,130,147,179,179,209,244,244,339,339,353,628,648,55,80,80,115,115,115,45,55,68,68,94,94,198,198,215,76,93,108,127,127,152,165,190,190],"floor_reached":44,"playtime":3751,"items_purged":["Strike_G","Strike_G"],"score":637,"play_id":"985f383e-6025-457f-b301-00ccd71979f8","local_time":"20190622124527","is_ascension_mode":true,"campfire_choices":[{"floor":12,"key":"REST"},{"floor":15,"key":"REST"},{"data":"Neutralize","floor":23,"key":"SMITH"},{"data":"Footwork","floor":25,"key":"SMITH"},{"data":"Noxious Fumes","floor":30,"key":"SMITH"},{"floor":32,"key":"REST"},{"floor":40,"key":"RECALL"}],"neow_cost":"NONE","seed_source_timestamp":843079430221286,"circlet_count":0,"master_deck":["Defend_G","Defend_G","Defend_G+1","Defend_G+1","Defend_G","Strike_G","Strike_G","Survivor","Neutralize+1","Footwork+1","Footwork","Infinite Blades","Footwork","Footwork","Malaise","After Image","Accuracy","Noxious Fumes+1","Caltrops","Noxious Fumes","Backflip","Backflip"],"relics":["Philosopher\u0027s Stone","Omamori","Regal Pillow","Dream Catcher","Tiny Chest","Paper Crane","Busted Crown","Mercury Hourglass","TwistedFunnel","Vajra","Gremlin Horn","Pocketwatch","Thread and Needle","Coffee Dripper","War Paint","Anchor"],"potions_floor_usage":[8,11,14,16,31,31,38,39,41,42],"damage_taken":[{"damage":3,"enemies":"Jaw Worm","floor":1,"turns":4},{"damage":4,"enemies":"2 Louse","floor":4,"turns":3},{"damage":0,"enemies":"Cultist","floor":5,"turns":6},{"damage":20,"enemies":"3 Sentries","floor":6,"turns":18},{"damage":3,"enemies":"Looter","floor":7,"turns":4},{"damage":4,"enemies":"Lagavulin","floor":8,"turns":16},{"damage":2,"enemies":"2 Fungi Beasts","floor":10,"turns":5},{"damage":23,"enemies":"3 Sentries","floor":11,"turns":10},{"damage":33,"enemies":"Gremlin Nob","floor":14,"turns":7},{"damage":12,"enemies":"The Guardian","floor":16,"turns":20},{"damage":3,"enemies":"Chosen","floor":18,"turns":13},{"damage":5,"enemies":"Shell Parasite","floor":20,"turns":14},{"damage":3,"enemies":"Book of Stabbing","floor":24,"turns":10},{"damage":9,"enemies":"Sentry and Sphere","floor":28,"turns":7},{"damage":1,"enemies":"Snecko","floor":29,"turns":7},{"damage":25,"enemies":"Slavers","floor":31,"turns":5},{"damage":0,"enemies":"Automaton","floor":33,"turns":13},{"damage":14,"enemies":"Orb Walker","floor":35,"turns":6},{"damage":0,"enemies":"3 Darklings","floor":37,"turns":6},{"damage":8,"enemies":"Maw","floor":38,"turns":10},{"damage":24,"enemies":"Transient","floor":39,"turns":5},{"damage":18,"enemies":"Nemesis","floor":41,"turns":15},{"damage":18,"enemies":"4 Shapes","floor":42,"turns":5},{"damage":11,"enemies":"Sphere and 2 Shapes","floor":44,"turns":3}],"seed_played":"2298587099637455024","potions_obtained":[{"floor":1,"key":"GhostInAJar"},{"floor":5,"key":"SpeedPotion"},{"floor":11,"key":"Regen Potion"},{"floor":14,"key":"Fruit Juice"},{"floor":16,"key":"GhostInAJar"},{"floor":20,"key":"SteroidPotion"},{"floor":29,"key":"LiquidBronze"},{"floor":31,"key":"Explosive Potion"},{"floor":35,"key":"GamblersBrew"},{"floor":37,"key":"SpeedPotion"},{"floor":38,"key":"LiquidBronze"},{"floor":41,"key":"Regen Potion"},{"floor":42,"key":"EntropicBrew"}],"is_trial":false,"path_per_floor":["M","?","$","M","M","E","M","E","T","M","E","R","?","E","R","B",null,"M","?","M","$","T","R","E","R","T","$","M","M","R","E","R","B",null,"M","$","M","M","M","R","E","M","T","M"],"character_chosen":"THE_SILENT","items_purchased":["Footwork","Mercury Hourglass","Accuracy","TwistedFunnel","Noxious Fumes","Noxious Fumes"],"campfire_rested":3,"item_purchase_floors":[3,21,21,21,27,36],"current_hp_per_floor":[67,60,60,56,56,36,33,29,29,27,4,40,33,15,51,44,75,72,72,67,67,67,67,64,64,64,64,55,54,54,29,66,66,75,61,61,61,53,29,29,11,8,8,0],"gold":190,"neow_bonus":"BOSS_RELIC","is_prod":false,"is_daily":false,"chose_seed":false,"campfire_upgraded":3,"win_rate":0,"timestamp":1561232727,"path_taken":["M","?","$","M","M","E","M","E","T","M","E","R","?","E","R","BOSS","M","?","M","$","?","R","E","R","T","$","M","M","R","E","R","BOSS","M","$","M","M","M","R","E","M","T","M"],"build_version":"2019-01-23","purchased_purges":2,"victory":false,"max_hp_per_floor":[70,70,70,70,70,70,70,70,70,70,70,70,70,70,70,75,75,75,75,75,75,75,75,75,75,75,75,75,75,75,75,75,75,75,75,75,75,75,75,75,75,75,75,75],"card_choices":[{"not_picked":["Prepared","PiercingWail"],"picked":"Footwork","floor":1},{"not_picked":["Slice","Quick Slash","Reflex"],"picked":"SKIP","floor":4},{"not_picked":["Underhanded Strike","Slice","All Out Attack"],"picked":"SKIP","floor":5},{"not_picked":["Doppelganger","Poisoned Stab","Burst"],"picked":"SKIP","floor":6},{"not_picked":["Reflex","Underhanded Strike","Finisher"],"picked":"SKIP","floor":7},{"not_picked":["Underhanded Strike","Burst"],"picked":"Infinite Blades","floor":8},{"not_picked":["Deadly Poison","Poisoned Stab","Deflect"],"picked":"SKIP","floor":10},{"not_picked":["Acrobatics","Bane"],"picked":"Footwork","floor":11},{"not_picked":["All Out Attack","Expertise"],"picked":"Footwork","floor":12},{"not_picked":["Eviscerate","Endless Agony"],"picked":"Malaise","floor":14},{"not_picked":["Burst","Die Die Die"],"picked":"After Image","floor":16},{"not_picked":["Deflect"],"picked":"SKIP","floor":18},{"not_picked":["Leg Sweep"],"picked":"SKIP","floor":20},{"not_picked":["Distraction"],"picked":"SKIP","floor":24},{"not_picked":[],"picked":"Caltrops","floor":28},{"not_picked":["Underhanded Strike"],"picked":"SKIP","floor":29},{"not_picked":["Slice"],"picked":"SKIP","floor":31},{"not_picked":["Underhanded Strike+1"],"picked":"SKIP","floor":35},{"not_picked":["PiercingWail"],"picked":"SKIP","floor":37},{"not_picked":["Flying Knee+1"],"picked":"SKIP","floor":38},{"not_picked":[],"picked":"Backflip","floor":39},{"not_picked":[],"picked":"Backflip","floor":41},{"not_picked":["Dagger Throw"],"picked":"SKIP","floor":42}],"player_experience":56317,"relics_obtained":[{"floor":6,"key":"Omamori"},{"floor":8,"key":"Regal Pillow"},{"floor":11,"key":"Dream Catcher"},{"floor":14,"key":"Paper Crane"},{"floor":22,"key":"Vajra"},{"floor":24,"key":"Gremlin Horn"},{"floor":26,"key":"Pocketwatch"},{"floor":31,"key":"Thread and Needle"},{"floor":41,"key":"War Paint"},{"floor":43,"key":"Anchor"}],"event_choices":[{"cards_removed":["Strike_G"],"damage_healed":0,"gold_gain":0,"player_choice":"Card Removal","damage_taken":7,"max_hp_gain":0,"max_hp_loss":0,"event_name":"Golden Wing","floor":2,"gold_loss":0},{"damage_healed":0,"gold_gain":0,"player_choice":"Success","damage_taken":7,"relics_obtained":["Tiny Chest"],"max_hp_gain":0,"max_hp_loss":0,"event_name":"Scrap Ooze","floor":13,"gold_loss":0},{"damage_healed":0,"gold_gain":275,"player_choice":"Desecrate","damage_taken":0,"max_hp_gain":0,"max_hp_loss":0,"event_name":"Golden Shrine","floor":19,"gold_loss":0,"cards_obtained":["Regret"]}],"is_beta":false,"boss_relics":[{"not_picked":["Fusion Hammer","Empty Cage"],"picked":"Busted Crown"},{"not_picked":["WristBlade","Runic Pyramid"],"picked":"Coffee Dripper"}],"items_purged_floors":[21,36],"is_endless":false,"potions_floor_spawned":[1,5,11,14,16,20,29,31,35,37,38,41,42],"killed_by":"Sphere and 2 Shapes","ascension_level":2}