{"gold_per_floor":[117,15,15,28,28,57,57,69,69,95,115,115,128,153,153,250,250,268,183,199,216,235,270,270,281,332,135,135,234,234,234,234,331,381,394,54,65,65,79,106,0,0,0,20,20,353,453,463,463,463],"floor_reached":50,"playtime":6060,"items_purged":["Strike_B","Defend_B","Defend_B"],"score":580,"play_id":"ee348989-6abe-4a4b-9103-ab13ad57c1f2","local_time":"20190910214949","is_ascension_mode":false,"campfire_choices":[{"data":"Compile Driver","floor":7,"key":"SMITH"},{"data":"Zap","floor":12,"key":"SMITH"},{"data":"Dualcast","floor":15,"key":"SMITH"},{"floor":24,"key":"REST"},{"floor":28,"key":"REST"},{"data":"Auto Shields","floor":30,"key":"SMITH"},{"floor":32,"key":"REST"},{"data":"Sweeping Beam","floor":45,"key":"SMITH"},{"floor":49,"key":"REST"}],"neow_cost":"NONE","seed_source_timestamp":1516120272858000,"circlet_count":0,"master_deck":["Strike_B","Strike_B+1","Strike_B","Defend_B","Defend_B","Zap+1","Dualcast+1","Beam Cell+1","Compile Driver+1","Auto Shields+1","All For One+1","Sweeping Beam+1","Beam Cell","Cold Snap+1","Conserve Battery","Creative AI","FTL+1","Streamline","Go for the Eyes+1","Genetic Algorithm+1","Aggregate","Static Discharge+1","Bandage Up","Necronomicurse","All For One","Gash+1","Melter+1","Capacitor","Doom and Gloom+1","Ball Lightning+1","Doubt","Redo+1","Gash+1"],"relics":["Cracked Core","NeowsBlessing","Pantograph","Orichalcum","Sundial","Centennial Puzzle","Lantern","White Beast Statue","Letter Opener","Bag of Preparation","Ancient Tea Set","Necronomicon","Tiny House","Anchor","Whetstone","Red Mask","Darkstone Periapt","Old Coin"],"potions_floor_usage":[21,22,23,23,33,33,35,40,46,48,48,50,50],"damage_taken":[{"damage":0,"enemies":"Cultist","floor":1,"turns":1},{"damage":0,"enemies":"Small Slimes","floor":4,"turns":1},{"damage":0,"enemies":"Gremlin Nob","floor":6,"turns":1},{"damage":0,"enemies":"Jaw Worm","floor":8,"turns":3},{"damage":14,"enemies":"Lagavulin","floor":10,"turns":5},{"damage":7,"enemies":"Exordium Thugs","floor":11,"turns":3},{"damage":0,"enemies":"Blue Slaver","floor":13,"turns":2},{"damage":18,"enemies":"The Guardian","floor":16,"turns":8},{"damage":2,"enemies":"Chosen","floor":18,"turns":3},{"damage":20,"enemies":"2 Thieves","floor":20,"turns":4},{"damage":10,"enemies":"Shelled Parasite and Fungi","floor":21,"turns":4},{"damage":2,"enemies":"Chosen and Byrds","floor":22,"turns":3},{"damage":35,"enemies":"Slavers","floor":23,"turns":5},{"damage":3,"enemies":"Centurion and Healer","floor":25,"turns":5},{"damage":59,"enemies":"Champ","floor":33,"turns":9},{"damage":20,"enemies":"3 Darklings","floor":35,"turns":3},{"damage":24,"enemies":"3 Shapes","floor":37,"turns":3},{"damage":0,"enemies":"Jaw Worm Horde","floor":39,"turns":2},{"damage":23,"enemies":"Giant Head","floor":40,"turns":6},{"damage":8,"enemies":"3 Darklings","floor":44,"turns":5},{"damage":16,"enemies":"Reptomancer","floor":46,"turns":3},{"damage":4,"enemies":"Transient","floor":48,"turns":5},{"damage":101,"enemies":"Time Eater","floor":50,"turns":11}],"seed_played":"4274212001962273014","potions_obtained":[{"floor":6,"key":"Energy Potion"},{"floor":10,"key":"Block Potion"},{"floor":13,"key":"Energy Potion"},{"floor":18,"key":"PowerPotion"},{"floor":20,"key":"Strength Potion"},{"floor":21,"key":"Ancient Potion"},{"floor":22,"key":"Dexterity Potion"},{"floor":23,"key":"Strength Potion"},{"floor":25,"key":"FocusPotion"},{"floor":33,"key":"PowerPotion"},{"floor":34,"key":"Block Potion"},{"floor":35,"key":"Energy Potion"},{"floor":39,"key":"Swift Potion"},{"floor":40,"key":"Block Potion"},{"floor":44,"key":"AttackPotion"},{"floor":46,"key":"Ancient Potion"},{"floor":48,"key":"SkillPotion"}],"is_trial":false,"path_per_floor":["M","$","?","M","?","E","R","M","T","E","M","R","M","T","R","B",null,"M","?","M","M","M","E","R","M","T","$","R","?","R","?","R","B",null,"M","$","M","?","M","E","?","?","T","M","R","E","?","M","R","B"],"character_chosen":"DEFECT","items_purchased":["Compile Driver","Bandage Up","Anchor","Capacitor"],"campfire_rested":4,"item_purchase_floors":[2,27,36,36],"current_hp_per_floor":[75,75,72,72,72,72,72,72,72,58,51,51,51,51,51,57,75,73,73,53,43,41,6,28,25,25,25,47,47,47,31,53,16,80,60,60,36,36,40,21,21,80,80,76,76,64,64,64,80,0],"gold":463,"neow_bonus":"THREE_ENEMY_KILL","is_prod":false,"is_daily":false,"chose_seed":false,"campfire_upgraded":5,"win_rate":0.0,"timestamp":1568144989,"path_taken":["M","$","?","M","?","E","R","M","T","E","?","R","M","?","R","BOSS","M","?","M","M","M","E","R","M","T","$","R","?","R","?","R","BOSS","M","$","M","?","?","E","?","?","T","M","R","E","?","M","R","BOSS"],"build_version":"2019-07-17","purchased_purges":3,"victory":false,"max_hp_per_floor":[75,75,75,75,75,75,75,75,75,75,75,75,75,75,75,75,75,75,75,75,75,75,75,75,75,75,75,75,75,75,75,75,75,80,80,80,80,80,80,80,80,80,80,80,80,80,80,80,80,80],"card_choices":[{"not_picked":["Steam Power","Glacier"],"picked":"Beam Cell","floor":1},{"not_picked":["Beam Cell","Stack"],"picked":"Auto Shields","floor":4},{"not_picked":["Force Field","Coolheaded"],"picked":"All For One","floor":6},{"not_picked":["Glacier","Compile Driver"],"picked":"Sweeping Beam","floor":8},{"not_picked":["Coolheaded","Amplify"],"picked":"Beam Cell","floor":10},{"not_picked":["Storm","Ball Lightning"],"picked":"Cold Snap","floor":11},{"not_picked":["Ball Lightning","Cold Snap"],"picked":"Conserve Battery","floor":13},{"not_picked":["Amplify","Buffer"],"picked":"Creative AI","floor":16},{"not_picked":["Streamline","Redo"],"picked":"FTL+1","floor":18},{"not_picked":["Darkness","Skim"],"picked":"Streamline","floor":20},{"not_picked":["Coolheaded","Reinforced Body"],"picked":"Go for the Eyes+1","floor":21},{"not_picked":["Sweeping Beam+1","Melter"],"picked":"Genetic Algorithm+1","floor":22},{"not_picked":["Blizzard","Cold Snap"],"picked":"Aggregate","floor":23},{"not_picked":["Conserve Battery","Beam Cell"],"picked":"Static Discharge+1","floor":25},{"not_picked":["Amplify","Creative AI"],"picked":"All For One","floor":33},{"not_picked":["Static Discharge","Doom and Gloom"],"picked":"Gash+1","floor":34},{"not_picked":["Barrage+1","Streamline+1"],"picked":"Melter+1","floor":35},{"not_picked":["Leap+1","Streamline"],"picked":"Doom and Gloom+1","floor":37},{"not_picked":["Barrage","Loop+1"],"picked":"Ball Lightning+1","floor":39},{"not_picked":["Chaos","Cold Snap","BootSequence"],"picked":"SKIP","floor":40},{"not_picked":["Conserve Battery","Reboot"],"picked":"Redo+1","floor":44},{"not_picked":["Sweeping Beam+1","Static Discharge"],"picked":"Gash+1","floor":46},{"not_picked":["Leap+1","Beam Cell","Streamline"],"picked":"SKIP","floor":48}],"player_experience":29107,"relics_obtained":[{"floor":6,"key":"Orichalcum"},{"floor":9,"key":"Sundial"},{"floor":10,"key":"Centennial Puzzle"},{"floor":14,"key":"Lantern"},{"floor":23,"key":"Bag of Preparation"},{"floor":26,"key":"Ancient Tea Set"},{"floor":31,"key":"Necronomicon"},{"floor":40,"key":"Whetstone"},{"floor":43,"key":"Darkstone Periapt"},{"floor":46,"key":"Old Coin"}],"event_choices":[{"damage_healed":0,"gold_gain":0,"player_choice":"Success","damage_taken":3,"relics_obtained":["Pantograph"],"max_hp_gain":0,"max_hp_loss":0,"event_name":"Scrap Ooze","floor":3,"gold_loss":0},{"damage_healed":0,"gold_gain":0,"player_choice":"Grow","damage_taken":0,"max_hp_gain":0,"max_hp_loss":0,"event_name":"Living Wall","floor":5,"gold_loss":0,"cards_upgraded":["Beam Cell"]},{"damage_healed":0,"gold_gain":0,"player_choice":"Obtained Relic","damage_taken":0,"relics_obtained":["Letter Opener"],"max_hp_gain":0,"max_hp_loss":0,"event_name":"Addict","floor":19,"gold_loss":85},{"damage_healed":0,"gold_gain":99,"player_choice":"Stole From Cult","damage_taken":0,"max_hp_gain":0,"max_hp_loss":0,"event_name":"Nest","floor":29,"gold_loss":0},{"damage_healed":0,"gold_gain":0,"player_choice":"Obtained Book","damage_taken":16,"max_hp_gain":0,"max_hp_loss":0,"event_name":"Cursed Tome","floor":31,"gold_loss":0},{"damage_healed":0,"gold_gain":0,"player_choice":"Bought 0 Potions","damage_taken":0,"max_hp_gain":0,"max_hp_loss":0,"event_name":"The Woman in Blue","floor":38,"gold_loss":0},{"damage_healed":0,"gold_gain":0,"player_choice":"Paid","damage_taken":0,"relics_obtained":["Red Mask"],"max_hp_gain":0,"max_hp_loss":0,"event_name":"Tomb of Lord Red Mask","floor":41,"gold_loss":106},{"damage_healed":59,"gold_gain":0,"player_choice":"Heal","damage_taken":0,"max_hp_gain":0,"max_hp_loss":0,"event_name":"MindBloom","floor":42,"gold_loss":0,"cards_obtained":["Doubt"]},{"damage_healed":0,"gold_gain":100,"player_choice":"Pray","damage_taken":0,"max_hp_gain":0,"max_hp_loss":0,"event_name":"Golden Shrine","floor":47,"gold_loss":0}],"is_beta":false,"boss_relics":[{"not_picked":["FrozenCore","Ectoplasm"],"picked":"White Beast Statue"},{"not_picked":["Snecko Eye","Runic Pyramid"],"picked":"Tiny House"}],"items_purged_floors":[2,27,36],"is_endless":false,"potions_floor_spawned":[6,10,13,18,20,21,22,23,25,33,35,37,39,40,44,46,48],"killed_by":"Time Eater","ascension_level":0}