{"gold_per_floor":[119,139,152,1,15,15,90,123,204,204,204,218,250,261,261,359,359,370,150,75,75,75,75,108,108,161,193,205,216,216,245,245,343,343,363,363,167,180,180,212,212,225,248,282,282,312,332,363,363,363,363,363,71,98,98],"floor_reached":55,"playtime":4250,"items_purged":["Defend_B","Strike_B","Strike_B"],"score":1126,"play_id":"8c6560ac-eda8-4547-beb6-285518345e85","local_time":"20190901133212","is_ascension_mode":true,"campfire_choices":[{"data":"Coolheaded","floor":6.0,"key":"SMITH"},{"data":"Cold Snap","floor":11.0,"key":"SMITH"},{"data":"Go for the Eyes","floor":15.0,"key":"SMITH"},{"data":"RitualDagger","floor":23.0,"key":"SMITH"},{"floor":25.0,"key":"REST"},{"data":"Echo Form","floor":30.0,"key":"SMITH"},{"data":"Hologram","floor":32.0,"key":"SMITH"},{"floor":45.0,"key":"REST"},{"floor":49.0,"key":"RECALL"},{"data":"Defragment","floor":52.0,"key":"SMITH"}],"neow_cost":"NONE","seed_source_timestamp":140460874093049,"circlet_count":0,"master_deck":["Strike_B","Strike_B","Defend_B","Defend_B","Chill","Cold Snap+1","Coolheaded+1","Seek","Cold Snap","Go for the Eyes+1","Echo Form+1","RitualDagger+1","Auto Shields+1","Hologram+1","Barrage+1","Genetic Algorithm+1","Gash+1","Defragment+1","Glacier","Cold Snap+1"],"special_seed":0,"relics":["Cracked Core","Orichalcum","FossilizedHelix","Mummified Hand","Blood Vial","Inserter","Happy Flower","PreservedInsect","Smiling Mask","Dream Catcher","Bottled Lightning","Philosopher\u0027s Stone","Bag of Preparation","Bag of Marbles","Ornamental Fan","Pen Nib","Frozen Egg 2","Mercury Hourglass","Strawberry"],"potions_floor_usage":[55,55],"damage_taken":[{"damage":1.0,"enemies":"Cultist","floor":1.0,"turns":4.0},{"damage":0.0,"enemies":"Small Slimes","floor":2.0,"turns":4.0},{"damage":0.0,"enemies":"Jaw Worm","floor":3.0,"turns":5.0},{"damage":5.0,"enemies":"Blue Slaver","floor":5.0,"turns":3.0},{"damage":9.0,"enemies":"3 Sentries","floor":8.0,"turns":11.0},{"damage":0.0,"enemies":"2 Fungi Beasts","floor":12.0,"turns":3.0},{"damage":5.0,"enemies":"Gremlin Nob","floor":13.0,"turns":5.0},{"damage":0.0,"enemies":"3 Louse","floor":14.0,"turns":3.0},{"damage":23.0,"enemies":"The Guardian","floor":16.0,"turns":21.0},{"damage":0.0,"enemies":"Chosen","floor":18.0,"turns":8.0},{"damage":4.0,"enemies":"Book of Stabbing","floor":24.0,"turns":9.0},{"damage":0.0,"enemies":"Gremlin Leader","floor":27.0,"turns":9.0},{"damage":5.0,"enemies":"3 Byrds","floor":28.0,"turns":6.0},{"damage":0.0,"enemies":"Centurion and Healer","floor":29.0,"turns":9.0},{"damage":3.0,"enemies":"Book of Stabbing","floor":31.0,"turns":7.0},{"damage":18.0,"enemies":"Automaton","floor":33.0,"turns":12.0},{"damage":0.0,"enemies":"3 Shapes","floor":35.0,"turns":6.0},{"damage":0.0,"enemies":"Orb Walker","floor":38.0,"turns":3.0},{"damage":47.0,"enemies":"Nemesis","floor":40.0,"turns":8.0},{"damage":12.0,"enemies":"4 Shapes","floor":42.0,"turns":8.0},{"damage":0.0,"enemies":"Reptomancer","floor":44.0,"turns":10.0},{"damage":0.0,"enemies":"Giant Head","floor":46.0,"turns":8.0},{"damage":0.0,"enemies":"Writhing Mass","floor":47.0,"turns":8.0},{"damage":0.0,"enemies":"Reptomancer","floor":48.0,"turns":2.0},{"damage":0.0,"enemies":"Time Eater","floor":50.0,"turns":26.0},{"damage":0.0,"enemies":"Shield and Spear","floor":54.0,"turns":7.0},{"damage":99,"enemies":"The Heart","floor":55,"turns":12}],"seed_played":"-7725047781249793159","potions_obtained":[{"floor":1.0,"key":"Poison Potion"},{"floor":8.0,"key":"Fire Potion"},{"floor":12.0,"key":"Energy Potion"},{"floor":14.0,"key":"AttackPotion"},{"floor":18.0,"key":"Ancient Potion"},{"floor":28.0,"key":"Fire Potion"},{"floor":35.0,"key":"Weak Potion"},{"floor":40.0,"key":"Explosive Potion"},{"floor":41.0,"key":"Fruit Juice"},{"floor":41.0,"key":"Ancient Potion"},{"floor":46.0,"key":"Poison Potion"},{"floor":47.0,"key":"SpeedPotion"}],"is_trial":false,"path_per_floor":["M","M","M","$","M","R","?","E","T","?","R","M","E","M","R","B",null,"M","$","?","?","?","R","E","R","T","E","M","M","R","E","R","B",null,"M","?","$","M","?","E","?","M","T","E","R","E","M","E","R","B",null,"R","$","E","B"],"character_chosen":"DEFECT","items_purchased":["Orichalcum","Happy Flower","Bag of Preparation","Mercury Hourglass"],"campfire_rested":2,"item_purchase_floors":[4,19,37,53],"current_hp_per_floor":[81,81,81,81,76,76,65,56,56,49,49,49,44,46,46,25,82,82,82,82,66,60,60,58,84,84,86,82,84,84,83,83,67,87,87,87,87,87,87,40,45,35,35,37,64,66,68,70,70,72,92,92,92,99,0],"gold":98,"neow_bonus":"TEN_PERCENT_HP_BONUS","is_prod":false,"is_daily":false,"chose_seed":false,"campfire_upgraded":7,"win_rate":0,"timestamp":1567369932,"path_taken":["M","M","M","$","M","R","?","E","T","?","R","M","E","M","R","BOSS","M","$","?","?","?","R","E","R","T","E","M","M","R","E","R","BOSS","M","?","$","M","?","E","?","M","T","E","R","E","M","E","R","BOSS","R","$","E","BOSS"],"build_version":"2019-07-17","purchased_purges":3,"victory":false,"max_hp_per_floor":[82,82,82,82,82,82,82,82,82,82,82,82,82,82,82,82,82,82,82,82,87,87,87,87,87,87,87,87,87,87,87,87,87,87,87,87,87,87,87,87,92,92,92,92,92,92,92,92,92,92,92,92,92,99,99],"card_choices":[{"not_picked":["Blizzard","Steam"],"picked":"Chill","floor":1.0},{"not_picked":["Sweeping Beam","Coolheaded"],"picked":"Cold Snap","floor":2.0},{"not_picked":["Tempest","Redo","Force Field"],"picked":"SKIP","floor":3.0},{"not_picked":["Ball Lightning","Undo"],"picked":"Coolheaded","floor":5.0},{"not_picked":["Streamline","Aggregate"],"picked":"Seek","floor":8.0},{"not_picked":["Steam","Coolheaded"],"picked":"Cold Snap","floor":12.0},{"not_picked":["Ball Lightning","Tempest","Double Energy"],"picked":"SKIP","floor":13.0},{"not_picked":["Doom and Gloom","Barrage"],"picked":"Go for the Eyes","floor":14.0},{"not_picked":["Buffer","Machine Learning"],"picked":"Echo Form","floor":16.0},{"not_picked":["Go for the Eyes","Redo","Recycle"],"picked":"SKIP","floor":18.0},{"not_picked":["Aggregate+1","Rip and Tear"],"picked":"Auto Shields+1","floor":24.0},{"not_picked":["Steam+1","Loop"],"picked":"Hologram","floor":27.0},{"not_picked":["Sunder","Stack"],"picked":"Barrage+1","floor":28.0},{"not_picked":["Sweeping Beam+1","Stack+1"],"picked":"Genetic Algorithm+1","floor":29.0},{"not_picked":["Streamline+1","Rebound","Compile Driver"],"picked":"SKIP","floor":31.0},{"not_picked":["Ball Lightning+1","Conserve Battery"],"picked":"Gash+1","floor":35.0},{"not_picked":["Electrodynamics","Rebound","Compile Driver+1"],"picked":"SKIP","floor":38.0},{"not_picked":["Aggregate+1","Leap+1","Turbo+1"],"picked":"SKIP","floor":40.0},{"not_picked":["Redo","Barrage+1"],"picked":"Defragment","floor":42.0},{"not_picked":["Barrage","Reinforced Body+1","Turbo"],"picked":"SKIP","floor":44.0},{"not_picked":["Barrage","Sweeping Beam+1"],"picked":"Glacier","floor":46.0},{"not_picked":["Force Field","Double Energy"],"picked":"Cold Snap+1","floor":47.0},{"not_picked":["Sweeping Beam","Go for the Eyes","Doom and Gloom+1"],"picked":"SKIP","floor":48.0},{"not_picked":["Sunder+1","Meteor Strike","Hello World+1"],"picked":"SKIP","floor":54.0}],"player_experience":226522,"relics_obtained":[{"floor":8.0,"key":"FossilizedHelix"},{"floor":9.0,"key":"Mummified Hand"},{"floor":13.0,"key":"Blood Vial"},{"floor":24.0,"key":"PreservedInsect"},{"floor":26.0,"key":"Smiling Mask"},{"floor":27.0,"key":"Dream Catcher"},{"floor":31.0,"key":"Bottled Lightning"},{"floor":40.0,"key":"Bag of Marbles"},{"floor":44.0,"key":"Ornamental Fan"},{"floor":46.0,"key":"Pen Nib"},{"floor":48.0,"key":"Frozen Egg 2"},{"floor":54.0,"key":"Strawberry"}],"event_choices":[{"damage_healed":0.0,"max_hp_gain":0.0,"max_hp_loss":0.0,"gold_gain":75.0,"event_name":"World of Goop","player_choice":"Gather Gold","floor":7.0,"gold_loss":0.0,"damage_taken":11.0},{"cards_removed":["Zap"],"damage_healed":0.0,"max_hp_gain":0.0,"max_hp_loss":0.0,"gold_gain":0.0,"event_name":"Golden Wing","player_choice":"Card Removal","floor":10.0,"gold_loss":0.0,"damage_taken":7.0},{"cards_removed":["Defend_B"],"damage_healed":0.0,"max_hp_gain":0.0,"max_hp_loss":0.0,"gold_gain":0.0,"event_name":"Beggar","player_choice":"Gave Gold","floor":20.0,"gold_loss":75.0,"damage_taken":0.0},{"damage_healed":0.0,"max_hp_gain":5.0,"max_hp_loss":0.0,"gold_gain":0.0,"event_name":"Forgotten Altar","player_choice":"Shed Blood","floor":21.0,"gold_loss":0.0,"damage_taken":21.0},{"damage_healed":0.0,"max_hp_gain":0.0,"max_hp_loss":0.0,"gold_gain":0.0,"event_name":"Nest","player_choice":"Joined the Cult","floor":22.0,"gold_loss":0.0,"damage_taken":6.0,"cards_obtained":["RitualDagger"]},{"damage_healed":0.0,"max_hp_gain":0.0,"max_hp_loss":0.0,"gold_gain":0.0,"event_name":"Tomb of Lord Red Mask","player_choice":"Ignored","floor":36.0,"gold_loss":0.0,"damage_taken":0.0},{"cards_removed":["Dualcast"],"damage_healed":0.0,"max_hp_gain":0.0,"max_hp_loss":0.0,"gold_gain":0.0,"event_name":"Falling","player_choice":"Removed Skill","floor":39.0,"gold_loss":0.0,"damage_taken":0.0},{"damage_healed":0.0,"max_hp_gain":0.0,"max_hp_loss":0.0,"gold_gain":0.0,"event_name":"Lab","player_choice":"Got Potions","floor":41.0,"gold_loss":0.0,"damage_taken":0.0}],"is_beta":false,"boss_relics":[{"not_picked":["Eternal Feather","Busted Crown"],"picked":"Inserter"},{"not_picked":["Astrolabe","Tiny House"],"picked":"Philosopher\u0027s Stone"}],"items_purged_floors":[19,37,53],"is_endless":false,"potions_floor_spawned":[1,8,12,14,18,28,35,40,46,47],"killed_by":"The Heart","ascension_level":2}