{"gold_per_floor":[112,130,148,162,237,237,251,271,271,301,315,335,351,363,363,459,459,473,66,66,81,81,113,113,123,123,136,164,164,164,189,189,189],"floor_reached":33,"playtime":4788,"items_purged":["Strike_G"],"score":336,"play_id":"10748e34-742e-45d2-a377-1e61b10ab2c4","local_time":"20191012100957","is_ascension_mode":true,"campfire_choices":[{"data":"Prepared","floor":6,"key":"SMITH"},{"floor":15,"key":"REST"},{"data":"Die Die Die","floor":24,"key":"SMITH"},{"data":"RitualDagger","floor":30,"key":"SMITH"},{"data":"Adrenaline","floor":32,"key":"SMITH"}],"neow_cost":"NONE","seed_source_timestamp":2280596542192424,"circlet_count":0,"master_deck":["Defend_G","Defend_G","Defend_G","Defend_G","Defend_G","Survivor","Neutralize","Blade Dance","Prepared+1","Bane","Tools of the Trade","Flying Knee","Backflip","Finisher","Deadly Poison","Die Die Die+1","Cloak And Dagger","Skewer","Adrenaline+1","Prepared+1","Leg Sweep","Bite","Bite","Bite","Bite","Bite","Malaise","Backstab","Dodge and Roll","Well Laid Plans","RitualDagger+1"],"relics":["Ring of the Snake","Mercury Hourglass","Odd Mushroom","Philosopher\u0027s Stone","Bottled Flame","Ginger","Paper Crane","Anchor","InkBottle"],"potions_floor_usage":[16,16,23,23,28],"damage_taken":[{"damage":2,"enemies":"Small Slimes","floor":1,"turns":4},{"damage":0,"enemies":"2 Louse","floor":2,"turns":3},{"damage":1,"enemies":"Jaw Worm","floor":3,"turns":5},{"damage":10,"enemies":"Looter","floor":4,"turns":4},{"damage":10,"enemies":"Exordium Wildlife","floor":7,"turns":7},{"damage":3,"enemies":"Blue Slaver","floor":8,"turns":5},{"damage":10,"enemies":"The Mushroom Lair","floor":10,"turns":5},{"damage":4,"enemies":"Large Slime","floor":11,"turns":5},{"damage":0,"enemies":"Looter","floor":12,"turns":3},{"damage":12,"enemies":"Exordium Wildlife","floor":13,"turns":2},{"damage":0,"enemies":"Blue Slaver","floor":14,"turns":3},{"damage":24,"enemies":"The Guardian","floor":16,"turns":14},{"damage":0,"enemies":"Chosen","floor":18,"turns":4},{"damage":0,"enemies":"Spheric Guardian","floor":21,"turns":3},{"damage":12,"enemies":"Book of Stabbing","floor":23,"turns":5},{"damage":7,"enemies":"Snecko","floor":25,"turns":5},{"damage":9,"enemies":"Cultist and Chosen","floor":27,"turns":6},{"damage":11,"enemies":"Slavers","floor":28,"turns":4},{"damage":115,"enemies":"Collector","floor":33,"turns":18}],"seed_played":"2961937353167469761","potions_obtained":[{"floor":1,"key":"PowerPotion"},{"floor":4,"key":"FairyPotion"},{"floor":11,"key":"Poison Potion"},{"floor":13,"key":"AttackPotion"},{"floor":16,"key":"SkillPotion"},{"floor":18,"key":"AttackPotion"},{"floor":23,"key":"SteroidPotion"}],"is_trial":false,"path_per_floor":["M","M","M","M","?","R","M","M","T","?","M","M","M","M","R","B",null,"M","$","?","M","?","E","R","M","T","M","E","?","R","T","R","B"],"character_chosen":"THE_SILENT","items_purchased":["Bottled Flame","Leg Sweep"],"campfire_rested":1,"item_purchase_floors":[19,19],"current_hp_per_floor":[75,75,74,64,53,53,43,40,40,30,26,26,14,14,37,13,77,77,77,63,63,57,51,51,52,52,52,49,43,43,43,43,0],"gold":189,"neow_bonus":"TEN_PERCENT_HP_BONUS","is_prod":false,"is_daily":false,"chose_seed":false,"campfire_upgraded":4,"win_rate":0,"timestamp":1570871397,"path_taken":["M","M","M","M","?","R","M","M","T","?","M","M","M","M","R","BOSS","M","$","?","M","?","E","R","M","T","?","E","?","R","?","R","BOSS"],"build_version":"2019-09-09v2","purchased_purges":1,"victory":false,"max_hp_per_floor":[77,77,77,77,77,77,77,77,77,77,77,77,77,77,77,77,77,77,77,82,82,57,57,57,57,57,57,57,57,57,57,57,57],"card_choices":[{"not_picked":["Outmaneuver","Riddle With Holes"],"picked":"Blade Dance","floor":1},{"not_picked":["Slice","Flying Knee"],"picked":"Prepared","floor":2},{"not_picked":["Eviscerate","Dagger Throw"],"picked":"Bane","floor":3},{"not_picked":["Terror","Deadly Poison"],"picked":"Tools of the Trade","floor":4},{"not_picked":["Underhanded Strike","Riddle With Holes"],"picked":"Flying Knee","floor":7},{"not_picked":["Outmaneuver","Predator"],"picked":"Backflip","floor":8},{"not_picked":["Dagger Throw","Blade Dance"],"picked":"Finisher","floor":10},{"not_picked":["Prepared","Endless Agony"],"picked":"Deadly Poison","floor":11},{"not_picked":["Flying Knee","Quick Slash"],"picked":"Die Die Die","floor":12},{"not_picked":["Dagger Spray","Sucker Punch"],"picked":"Cloak And Dagger","floor":13},{"not_picked":["Prepared","Tactician"],"picked":"Skewer","floor":14},{"not_picked":["Bullet Time","Unload"],"picked":"Adrenaline","floor":16},{"not_picked":["Quick Slash","Poisoned Stab"],"picked":"Prepared+1","floor":18},{"not_picked":["Dagger Throw","Underhanded Strike","Dagger Spray"],"picked":"SKIP","floor":21},{"not_picked":["Acrobatics","Prepared"],"picked":"Malaise","floor":23},{"not_picked":["Choke","Blade Dance"],"picked":"Backstab","floor":25},{"not_picked":["Terror","Prepared"],"picked":"Dodge and Roll","floor":27},{"not_picked":["Phantasmal Killer","Storm of Steel"],"picked":"Well Laid Plans","floor":28}],"player_experience":130820,"relics_obtained":[{"floor":9,"key":"Mercury Hourglass"},{"floor":10,"key":"Odd Mushroom"},{"floor":23,"key":"Ginger"},{"floor":26,"key":"Paper Crane"},{"floor":28,"key":"Anchor"},{"floor":31,"key":"InkBottle"}],"event_choices":[{"damage_healed":0,"gold_gain":75,"player_choice":"Gather Gold","damage_taken":11,"max_hp_gain":0,"max_hp_loss":0,"event_name":"World of Goop","floor":5,"gold_loss":0},{"damage_healed":0,"gold_gain":0,"player_choice":"Fought Mushrooms","damage_taken":0,"max_hp_gain":0,"max_hp_loss":0,"event_name":"Mushrooms","floor":10,"gold_loss":0},{"damage_healed":0,"gold_gain":0,"player_choice":"Shed Blood","damage_taken":19,"max_hp_gain":5,"max_hp_loss":0,"event_name":"Forgotten Altar","floor":20,"gold_loss":0},{"damage_healed":0,"gold_gain":0,"player_choice":"Became a vampire","damage_taken":0,"max_hp_gain":0,"max_hp_loss":25,"event_name":"Vampires","floor":22,"gold_loss":0,"cards_obtained":["Bite","Bite","Bite","Bite","Bite"]},{"damage_healed":0,"gold_gain":0,"player_choice":"Joined the Cult","damage_taken":6,"max_hp_gain":0,"max_hp_loss":0,"event_name":"Nest","floor":29,"gold_loss":0,"cards_obtained":["RitualDagger"]}],"is_beta":true,"boss_relics":[{"not_picked":["Velvet Choker","Runic Dome"],"picked":"Philosopher\u0027s Stone"}],"items_purged_floors":[19],"is_endless":false,"potions_floor_spawned":[1,4,11,13,14,16,18,21,23],"killed_by":"Collector","ascension_level":2}