{"gold_per_floor":[18,38,38,38,38,76,76,76,76,95,95,111,111,111],"floor_reached":14,"playtime":999,"items_purged":[],"score":97,"play_id":"8d4baaa1-3d64-4ee4-9753-433a4eb3e5c6","local_time":"20190624215740","is_ascension_mode":true,"campfire_choices":[{"floor":8,"key":"REST"},{"data":"Footwork","floor":11,"key":"SMITH"}],"neow_cost":"NO_GOLD","seed_source_timestamp":1051779039995699,"circlet_count":0,"master_deck":["Defend_G","Defend_G","Defend_G","Defend_G","Defend_G","Strike_G","Strike_G+1","Survivor","Neutralize+1","Escape Plan","Footwork+1","Prepared","After Image"],"relics":["Ring of the Snake","Golden Idol","Kunai","WingedGreaves","Dodecahedron"],"potions_floor_usage":[6],"damage_taken":[{"damage":0,"enemies":"2 Louse","floor":1,"turns":3},{"damage":29,"enemies":"Jaw Worm","floor":2,"turns":13},{"damage":17,"enemies":"3 Sentries","floor":6,"turns":15},{"damage":0,"enemies":"Small Slimes","floor":10,"turns":4},{"damage":0,"enemies":"Exordium Wildlife","floor":12,"turns":11},{"damage":32,"enemies":"Gremlin Nob","floor":14,"turns":8}],"seed_played":"-851266284930497063","potions_obtained":[{"floor":2,"key":"Explosive Potion"}],"is_trial":false,"path_per_floor":["M","M","?","?","?","E","?","R","T","M","R","M","?","E"],"character_chosen":"THE_SILENT","items_purchased":[],"campfire_rested":1,"item_purchase_floors":[],"current_hp_per_floor":[70,41,27,27,27,10,3,22,22,22,22,22,22,0],"gold":111,"neow_bonus":"REMOVE_TWO","is_prod":false,"is_daily":false,"chose_seed":false,"campfire_upgraded":1,"win_rate":0,"timestamp":1561438660,"path_taken":["M","M","?","?","?","E","?","R","T","M","R","?","?","E"],"build_version":"2019-01-23","purchased_purges":0,"victory":false,"max_hp_per_floor":[70,70,70,65,65,65,65,65,65,65,65,65,65,65],"card_choices":[{"not_picked":["Sucker Punch","Outmaneuver"],"picked":"Escape Plan","floor":1},{"not_picked":["Reflex","Skewer"],"picked":"Footwork","floor":2},{"not_picked":["Riddle With Holes","Dash","Flying Knee"],"picked":"SKIP","floor":6},{"not_picked":["Backstab","Bane"],"picked":"Prepared","floor":10},{"not_picked":["Flying Knee","Choke","Bane"],"picked":"SKIP","floor":12}],"player_experience":60068,"relics_obtained":[{"floor":6,"key":"Kunai"},{"floor":9,"key":"Dodecahedron"}],"event_choices":[{"damage_healed":0,"gold_gain":0,"player_choice":"Entered Light","damage_taken":14,"max_hp_gain":0,"max_hp_loss":0,"event_name":"Shining Light","floor":3,"gold_loss":0,"cards_upgraded":["Strike_G","Neutralize"]},{"damage_healed":0,"gold_gain":0,"player_choice":"Lose Max HP","damage_taken":0,"relics_obtained":["Golden Idol"],"max_hp_gain":0,"max_hp_loss":5,"event_name":"Golden Idol","floor":4,"gold_loss":0},{"cards_removed":["Strike_G"],"damage_healed":0,"gold_gain":0,"player_choice":"Forget","damage_taken":0,"max_hp_gain":0,"max_hp_loss":0,"event_name":"Living Wall","floor":5,"gold_loss":0},{"damage_healed":0,"gold_gain":0,"player_choice":"Success","damage_taken":7,"relics_obtained":["WingedGreaves"],"max_hp_gain":0,"max_hp_loss":0,"event_name":"Scrap Ooze","floor":7,"gold_loss":0},{"damage_healed":0,"gold_gain":0,"player_choice":"1 cards matched","damage_taken":0,"max_hp_gain":0,"max_hp_loss":0,"event_name":"Match and Keep!","floor":13,"gold_loss":0,"cards_obtained":["After Image"]}],"is_beta":false,"boss_relics":[],"items_purged_floors":[],"is_endless":false,"potions_floor_spawned":[2],"killed_by":"Gremlin Nob","ascension_level":2}