{"gold_per_floor":[116,116,131,131,143,173,173,206,206,233,233,265,279,294,294,390,390,403,413,217,142,27,27,60,71,125,150,150,150],"floor_reached":29,"playtime":3702,"items_purged":["Strike_B"],"score":306,"play_id":"490864a3-9f99-469f-b126-68be55eab47d","local_time":"20191015113459","is_ascension_mode":true,"campfire_choices":[{"data":"Defragment","floor":7,"key":"SMITH"},{"floor":15,"key":"REST"},{"data":"Hologram","floor":23,"key":"SMITH"}],"neow_cost":"NONE","seed_source_timestamp":2545984450904628,"circlet_count":0,"master_deck":["Strike_B","Defend_B","Defend_B","Defend_B","Defend_B","Zap+1","Dualcast","Glacier","Steam","Coolheaded","Defragment+1","Coolheaded","Hologram+1","Fusion","Hologram","Conserve Battery","Creative AI+1","Go for the Eyes","Gash","Self Repair+1","Conserve Battery","Static Discharge+1","Conserve Battery","Reprogram","Multi-Cast","Reprogram"],"relics":["Cracked Core","MealTicket","Frozen Egg 2","Bottled Lightning","InkBottle","Runic Pyramid","Strawberry","Tiny Chest","Ornamental Fan","Cables"],"potions_floor_usage":[13,14,27],"damage_taken":[{"damage":0,"enemies":"Small Slimes","floor":1,"turns":2},{"damage":1,"enemies":"Jaw Worm","floor":3,"turns":5},{"damage":0,"enemies":"Cultist","floor":5,"turns":3},{"damage":26,"enemies":"3 Sentries","floor":6,"turns":14},{"damage":9,"enemies":"Lagavulin","floor":8,"turns":8},{"damage":14,"enemies":"3 Sentries","floor":10,"turns":12},{"damage":16,"enemies":"Gremlin Nob","floor":12,"turns":4},{"damage":0,"enemies":"Lots of Slimes","floor":13,"turns":1},{"damage":0,"enemies":"Blue Slaver","floor":14,"turns":1},{"damage":24,"enemies":"Slime Boss","floor":16,"turns":26},{"damage":10,"enemies":"Shell Parasite","floor":18,"turns":7},{"damage":7,"enemies":"Spheric Guardian","floor":19,"turns":7},{"damage":46,"enemies":"Gremlin Leader","floor":24,"turns":8},{"damage":25,"enemies":"Cultist and Chosen","floor":25,"turns":9},{"damage":34,"enemies":"Book of Stabbing","floor":27,"turns":7},{"damage":18,"enemies":"Snake Plant","floor":29,"turns":2}],"seed_played":"553807889193890856","potions_obtained":[{"floor":3,"key":"SteroidPotion"},{"floor":6,"key":"Fire Potion"},{"floor":8,"key":"Explosive Potion"},{"floor":14,"key":"FearPotion"},{"floor":16,"key":"Strength Potion"},{"floor":24,"key":"Poison Potion"}],"is_trial":false,"path_per_floor":["M","?","M","?","M","E","R","E","T","E","?","E","M","M","R","B",null,"M","M","$","?","$","R","E","M","T","E","T","M"],"character_chosen":"DEFECT","items_purchased":["Self Repair+1","Conserve Battery","Static Discharge+1","Conserve Battery"],"campfire_rested":1,"item_purchase_floors":[20,20,22,22],"current_hp_per_floor":[82,75,74,74,74,48,48,39,39,25,25,9,9,9,33,9,82,72,65,80,80,82,82,53,38,38,14,14,0],"gold":150,"neow_bonus":"TEN_PERCENT_HP_BONUS","is_prod":false,"is_daily":false,"chose_seed":false,"campfire_upgraded":2,"win_rate":0,"timestamp":1571135699,"path_taken":["M","?","M","?","?","E","R","E","T","E","?","E","M","M","R","BOSS","M","?","?","?","$","R","E","M","T","E","?","M"],"build_version":"2019-09-09v2","purchased_purges":1,"victory":false,"max_hp_per_floor":[82,82,82,82,82,82,82,82,82,82,82,82,82,82,82,82,82,82,82,82,82,82,82,89,89,89,89,89,89],"card_choices":[{"not_picked":["Ball Lightning","Steam"],"picked":"Glacier","floor":1},{"not_picked":["Blizzard","Sweeping Beam"],"picked":"Steam","floor":3},{"not_picked":["Doom and Gloom","Stack"],"picked":"Coolheaded","floor":5},{"not_picked":["Doom and Gloom","Stack"],"picked":"Defragment","floor":6},{"not_picked":["Compile Driver","Turbo"],"picked":"Coolheaded","floor":8},{"not_picked":["Thunder Strike","Rebound"],"picked":"Hologram","floor":10},{"not_picked":["Doom and Gloom","Streamline"],"picked":"Fusion","floor":12},{"not_picked":["Consume","Force Field"],"picked":"Hologram","floor":13},{"not_picked":["Streamline","Melter"],"picked":"Conserve Battery","floor":14},{"not_picked":["Multi-Cast","Seek"],"picked":"Creative AI+1","floor":16},{"not_picked":["Cold Snap","Genetic Algorithm+1"],"picked":"Go for the Eyes","floor":18},{"not_picked":["Stack","Streamline"],"picked":"Gash","floor":19},{"not_picked":["Cold Snap","Beam Cell"],"picked":"Reprogram","floor":24},{"not_picked":["Conserve Battery","Self Repair+1"],"picked":"Multi-Cast","floor":25},{"not_picked":["Chaos+1","Sweeping Beam"],"picked":"Reprogram","floor":27}],"player_experience":198139,"relics_obtained":[{"floor":6,"key":"MealTicket"},{"floor":8,"key":"Frozen Egg 2"},{"floor":10,"key":"Bottled Lightning"},{"floor":12,"key":"InkBottle"},{"floor":24,"key":"Strawberry"},{"floor":26,"key":"Tiny Chest"},{"floor":27,"key":"Ornamental Fan"},{"floor":28,"key":"Cables"}],"event_choices":[{"cards_removed":["Strike_B"],"damage_healed":0,"gold_gain":0,"player_choice":"Card Removal","damage_taken":7,"max_hp_gain":0,"max_hp_loss":0,"event_name":"Golden Wing","floor":2,"gold_loss":0},{"damage_healed":0,"gold_gain":0,"player_choice":"Grow","damage_taken":0,"max_hp_gain":0,"max_hp_loss":0,"event_name":"Living Wall","floor":4,"gold_loss":0,"cards_upgraded":["Zap"]},{"damage_healed":0,"gold_gain":0,"player_choice":"Bought 0 Potions","damage_taken":0,"max_hp_gain":0,"max_hp_loss":0,"event_name":"The Woman in Blue","floor":11,"gold_loss":0},{"cards_removed":["Strike_B"],"damage_healed":0,"gold_gain":0,"player_choice":"Gave Gold","damage_taken":0,"max_hp_gain":0,"max_hp_loss":0,"event_name":"Beggar","floor":21,"gold_loss":75}],"is_beta":true,"boss_relics":[{"not_picked":["Fusion Hammer","Busted Crown"],"picked":"Runic Pyramid"}],"items_purged_floors":[20],"is_endless":false,"potions_floor_spawned":[3,6,8,14,16,24],"killed_by":"Snake Plant","ascension_level":1}