{"gold_per_floor":[109,184,184,198,223,261,261,294,294,325,350,350,389,389,389,509,509,522,621,621,621,639,670,694,694,720,760,778,703,744,767,767,890,890,906,906,925,925,97,132,157,213,252,264,26,101,153,0,0,0,0,0,0,34,34],"floor_reached":55,"playtime":3780,"items_purged":[],"score":1272,"play_id":"a8194c7b-195b-4cb0-bb81-a348b1064294","local_time":"20190924012947","is_ascension_mode":true,"campfire_choices":[{"floor":7,"key":"REST"},{"data":"Immolate","floor":12,"key":"SMITH"},{"data":"Iron Wave","floor":15,"key":"SMITH"},{"data":"Dark Embrace","floor":25,"key":"SMITH"},{"data":"Armaments","floor":32,"key":"SMITH"},{"floor":44,"key":"RECALL"},{"floor":49,"key":"REST"},{"data":"Inflame","floor":52,"key":"SMITH"}],"neow_cost":"NONE","seed_source_timestamp":319322949989600,"circlet_count":0,"master_deck":["Bash+1","Anger","Armaments+1","Pommel Strike","Immolate+1","Cleave","Iron Wave+1","Seeing Red+1","Disarm+1","Feed","Flex+1","Disarm+1","Limit Break+1","Dark Embrace+1","Reaper","Havoc+1","Havoc+1","Clothesline","Shrug It Off+1","Blood for Blood+1","Cleave+1","Carnage","Shockwave+1","Blood for Blood+1","Double Tap+1","Shrug It Off+1","Bandage Up+1","Disarm+1","Shrug It Off+1","Inflame+1","Spot Weakness+1","Disarm+1","Warcry+1","Secret Technique+1"],"relics":["Burning Blood","Golden Idol","The Courier","Self Forming Clay","Toxic Egg 2","Odd Mushroom","Whetstone","Pandora\u0027s Box","Red Skull","Juzu Bracelet","Magic Flower","Art of War","Velvet Choker","Vajra","PreservedInsect","Bag of Preparation","Happy Flower","Tiny Chest","Bronze Scales","War Paint","MawBank","Charon\u0027s Ashes","Oddly Smooth Stone","Strawberry","Red Mask","Blood Vial"],"potions_floor_usage":[8,16,16,23,23,33,33,33,55,55,55,55,55],"damage_taken":[{"damage":2,"enemies":"2 Louse","floor":1,"turns":3},{"damage":4,"enemies":"Small Slimes","floor":4,"turns":4},{"damage":16,"enemies":"Jaw Worm","floor":5,"turns":4},{"damage":40,"enemies":"Lagavulin","floor":6,"turns":8},{"damage":7,"enemies":"Gremlin Nob","floor":8,"turns":3},{"damage":0,"enemies":"The Mushroom Lair","floor":10,"turns":2},{"damage":4,"enemies":"Looter","floor":11,"turns":4},{"damage":10,"enemies":"3 Sentries","floor":13,"turns":4},{"damage":32,"enemies":"Hexaghost","floor":16,"turns":10},{"damage":6,"enemies":"Spheric Guardian","floor":18,"turns":3},{"damage":17,"enemies":"Shell Parasite","floor":22,"turns":5},{"damage":17,"enemies":"Book of Stabbing","floor":23,"turns":4},{"damage":10,"enemies":"Chosen and Byrds","floor":24,"turns":7},{"damage":19,"enemies":"Gremlin Leader","floor":27,"turns":5},{"damage":19,"enemies":"Snecko","floor":28,"turns":6},{"damage":21,"enemies":"Book of Stabbing","floor":30,"turns":5},{"damage":10,"enemies":"3 Cultists","floor":31,"turns":4},{"damage":57,"enemies":"Automaton","floor":33,"turns":7},{"damage":0,"enemies":"Orb Walker","floor":35,"turns":2},{"damage":24,"enemies":"3 Darklings","floor":37,"turns":4},{"damage":29,"enemies":"Giant Head","floor":40,"turns":6},{"damage":23,"enemies":"Sphere and 2 Shapes","floor":41,"turns":5},{"damage":24,"enemies":"Nemesis","floor":42,"turns":7},{"damage":69,"enemies":"Awakened One","floor":50,"turns":10},{"damage":61,"enemies":"Shield and Spear","floor":54,"turns":5},{"damage":121,"enemies":"The Heart","floor":55,"turns":8}],"seed_played":"-722782463753273308","potions_obtained":[{"floor":6,"key":"AttackPotion"},{"floor":10,"key":"Energy Potion"},{"floor":11,"key":"Poison Potion"},{"floor":13,"key":"Fire Potion"},{"floor":16,"key":"EssenceOfSteel"},{"floor":18,"key":"Regen Potion"},{"floor":23,"key":"Dexterity Potion"},{"floor":27,"key":"PowerPotion"},{"floor":31,"key":"FearPotion"},{"floor":33,"key":"Regen Potion"},{"floor":37,"key":"Ancient Potion"},{"floor":54,"key":"EntropicBrew"}],"is_trial":false,"path_per_floor":["M","?","?","M","M","E","R","E","T","?","M","R","E","?","R","B",null,"M","?","?","?","M","E","M","R","T","E","M","?","E","M","R","B",null,"M","?","M","?","$","E","M","E","T","R","$","?","T","?","R","B",null,"R","$","E","B"],"character_chosen":"IRONCLAD","items_purchased":["Vajra","PreservedInsect","Bag of Preparation","Happy Flower","Inflame","Tiny Chest","Bronze Scales","War Paint","Oddly Smooth Stone","Secret Technique+1"],"campfire_rested":2,"item_purchase_floors":[39,39,39,39,39,39,39,39,45,45],"current_hp_per_floor":[84,73,51,53,43,9,35,34,34,40,42,42,38,38,38,12,69,72,72,72,72,65,66,69,69,69,68,66,66,72,99,99,58,93,102,102,96,96,96,84,84,80,80,80,80,70,77,77,111,84,107,107,107,82,0],"gold":34,"neow_bonus":"TEN_PERCENT_HP_BONUS","is_prod":false,"is_daily":false,"chose_seed":false,"campfire_upgraded":5,"win_rate":0,"timestamp":1569281387,"path_taken":["M","?","?","M","M","E","R","E","T","?","M","R","E","?","R","BOSS","M","?","?","?","M","E","M","R","T","E","M","?","E","M","R","BOSS","M","?","M","?","$","E","M","E","T","R","$","?","?","?","R","BOSS","R","$","E","BOSS"],"build_version":"2019-07-17","purchased_purges":0,"victory":false,"max_hp_per_floor":[88,88,88,88,88,88,88,88,88,88,88,88,88,88,88,88,88,91,91,91,91,91,91,94,94,94,94,94,94,98,101,101,104,104,104,104,104,104,104,104,107,107,107,107,107,107,114,114,114,114,114,114,114,114,114],"card_choices":[{"not_picked":["True Grit","Sword Boomerang"],"picked":"Anger","floor":1},{"not_picked":["Thunderclap","Ghostly Armor"],"picked":"Armaments","floor":4},{"not_picked":["Body Slam","Anger"],"picked":"Pommel Strike","floor":5},{"not_picked":["Headbutt","Whirlwind"],"picked":"Immolate","floor":6},{"not_picked":["Exhume","Anger"],"picked":"Cleave","floor":8},{"not_picked":["Hemokinesis","Body Slam"],"picked":"Iron Wave","floor":10},{"not_picked":["Heavy Blade","Burning Pact+1"],"picked":"Seeing Red+1","floor":11},{"not_picked":["Sword Boomerang","Clash"],"picked":"Disarm+1","floor":13},{"not_picked":["Bludgeon","Reaper"],"picked":"Feed","floor":16},{"not_picked":["Heavy Blade+1","Havoc+1"],"picked":"Clothesline","floor":18},{"not_picked":["True Grit+1","Evolve"],"picked":"Shrug It Off+1","floor":22},{"not_picked":["Bludgeon","Wild Strike"],"picked":"Blood for Blood+1","floor":23},{"not_picked":["Rampage","Entrench+1"],"picked":"Cleave+1","floor":24},{"not_picked":["Reaper","Thunderclap+1","Pommel Strike"],"picked":"SKIP","floor":27},{"not_picked":["Pommel Strike","Wild Strike"],"picked":"Carnage","floor":28},{"not_picked":["Pummel","Clothesline"],"picked":"Shockwave+1","floor":30},{"not_picked":["Iron Wave","Combust"],"picked":"Blood for Blood+1","floor":31},{"not_picked":["Immolate","Dark Embrace"],"picked":"Double Tap+1","floor":33},{"not_picked":["Body Slam","Corruption"],"picked":"Shrug It Off+1","floor":35},{"not_picked":["Jack Of All Trades+1","Discovery+1"],"picked":"Bandage Up+1","floor":36},{"not_picked":["Power Through+1","Corruption+1"],"picked":"Disarm+1","floor":37},{"not_picked":["Juggernaut","True Grit+1"],"picked":"Spot Weakness+1","floor":40},{"not_picked":["Thunderclap+1","Infernal Blade+1"],"picked":"Disarm+1","floor":41},{"not_picked":["Perfected Strike+1","Feed"],"picked":"Warcry+1","floor":42},{"not_picked":["Thunderclap+1","Body Slam","Hemokinesis"],"picked":"SKIP","floor":54}],"player_experience":241371,"relics_obtained":[{"floor":6,"key":"The Courier"},{"floor":8,"key":"Self Forming Clay"},{"floor":9,"key":"Toxic Egg 2"},{"floor":10,"key":"Odd Mushroom"},{"floor":13,"key":"Whetstone"},{"floor":23,"key":"Red Skull"},{"floor":26,"key":"Juzu Bracelet"},{"floor":27,"key":"Magic Flower"},{"floor":30,"key":"Art of War"},{"floor":40,"key":"MawBank"},{"floor":42,"key":"Charon\u0027s Ashes"},{"floor":47,"key":"Strawberry"},{"floor":54,"key":"Blood Vial"}],"event_choices":[{"damage_healed":0,"gold_gain":75,"player_choice":"Gather Gold","damage_taken":11,"max_hp_gain":0,"max_hp_loss":0,"event_name":"World of Goop","floor":2,"gold_loss":0},{"damage_healed":0,"gold_gain":0,"player_choice":"Take Damage","damage_taken":22,"relics_obtained":["Golden Idol"],"max_hp_gain":0,"max_hp_loss":0,"event_name":"Golden Idol","floor":3,"gold_loss":0},{"damage_healed":0,"gold_gain":0,"player_choice":"Fought Mushrooms","damage_taken":0,"max_hp_gain":0,"max_hp_loss":0,"event_name":"Mushrooms","floor":10,"gold_loss":0},{"damage_healed":0,"gold_gain":0,"player_choice":"Ignored","damage_taken":0,"max_hp_gain":0,"max_hp_loss":0,"event_name":"Liars Game","floor":14,"gold_loss":0},{"damage_healed":0,"gold_gain":99,"player_choice":"Stole From Cult","damage_taken":0,"max_hp_gain":0,"max_hp_loss":0,"event_name":"Nest","floor":19,"gold_loss":0},{"damage_healed":0,"gold_gain":0,"player_choice":"Ignored","damage_taken":0,"max_hp_gain":0,"max_hp_loss":0,"event_name":"Vampires","floor":20,"gold_loss":0},{"cards_removed":["Rupture"],"damage_healed":0,"gold_gain":0,"player_choice":"Elegance","damage_taken":0,"max_hp_gain":0,"max_hp_loss":0,"event_name":"Back to Basics","floor":21,"gold_loss":0},{"cards_removed":["Dual Wield"],"damage_healed":0,"gold_gain":0,"player_choice":"Gave Gold","damage_taken":0,"max_hp_gain":0,"max_hp_loss":0,"event_name":"Beggar","floor":29,"gold_loss":75},{"damage_healed":0,"gold_gain":0,"player_choice":"Memory 1","damage_taken":0,"max_hp_gain":0,"max_hp_loss":0,"event_name":"SensoryStone","floor":36,"gold_loss":0},{"damage_healed":0,"gold_gain":0,"player_choice":"Copied","damage_taken":0,"max_hp_gain":0,"max_hp_loss":0,"event_name":"Duplicator","floor":38,"gold_loss":0,"cards_obtained":["Shrug It Off"]},{"damage_healed":0,"gold_gain":75,"player_choice":"Touch","damage_taken":10,"max_hp_gain":0,"max_hp_loss":0,"event_name":"FaceTrader","floor":46,"gold_loss":0},{"damage_healed":0,"gold_gain":0,"player_choice":"Paid","damage_taken":0,"relics_obtained":["Red Mask"],"max_hp_gain":0,"max_hp_loss":0,"event_name":"Tomb of Lord Red Mask","floor":48,"gold_loss":153}],"is_beta":false,"boss_relics":[{"not_picked":["Runic Cube","Empty Cage"],"picked":"Pandora\u0027s Box"},{"not_picked":["Snecko Eye","Runic Dome"],"picked":"Velvet Choker"}],"items_purged_floors":[],"is_endless":false,"potions_floor_spawned":[6,10,11,13,16,18,23,27,31,33,37,54],"killed_by":"The Heart","ascension_level":9}