{"gold_per_floor":[150,150,150,191,256,256,310,353,353,353,428,469,510,556,556,556],"floor_reached":16,"playtime":515,"items_purged":[],"score":224,"play_id":"219dafa6-7d3c-4f03-82f8-efcbf12cc8c9","local_time":"20191018090107","is_ascension_mode":true,"campfire_choices":[{"data":"Bash","floor":6,"key":"SMITH"},{"data":"HandOfGreed","floor":10,"key":"SMITH"},{"data":"Evolve","floor":15,"key":"SMITH"}],"neow_cost":"PERCENT_DAMAGE","seed_source_timestamp":304030733963600,"circlet_count":0,"master_deck":["AscendersBane","Strike_R","Strike_R","Strike_R","Strike_R","Defend_R","Defend_R+1","Defend_R","Defend_R","Bash+1","HandOfGreed+1","Shrug It Off+1","Power Through","Evolve+1","Second Wind","Clothesline+1","Feel No Pain"],"relics":["Burning Blood","Golden Idol","War Paint","Molten Egg 2","Dream Catcher"],"potions_floor_usage":[8,12,16,16],"damage_taken":[{"damage":4,"enemies":"Small Slimes","floor":1,"turns":5},{"damage":2,"enemies":"Jaw Worm","floor":4,"turns":3},{"damage":0,"enemies":"2 Louse","floor":5,"turns":5},{"damage":6,"enemies":"Exordium Wildlife","floor":7,"turns":4},{"damage":46,"enemies":"Lagavulin","floor":8,"turns":7},{"damage":0,"enemies":"Gremlin Gang","floor":12,"turns":3},{"damage":18,"enemies":"Gremlin Nob","floor":13,"turns":4},{"damage":3,"enemies":"Looter","floor":14,"turns":4},{"damage":16,"enemies":"Hexaghost","floor":16,"turns":13}],"seed_played":"-9110450401368216360","potions_obtained":[{"floor":7,"key":"Regen Potion"},{"floor":8,"key":"Explosive Potion"},{"floor":13,"key":"DistilledChaos"},{"floor":14,"key":"AttackPotion"}],"is_trial":false,"path_per_floor":["M","?","?","M","M","R","M","E","T","R","?","M","E","M","R","B"],"character_chosen":"IRONCLAD","items_purchased":[],"campfire_rested":0,"item_purchase_floors":[],"current_hp_per_floor":[52,52,45,49,55,55,55,30,30,30,19,25,13,16,16,0],"gold":556,"neow_bonus":"RANDOM_COLORLESS_2","is_prod":false,"is_daily":false,"chose_seed":false,"campfire_upgraded":3,"win_rate":0,"timestamp":1571414467,"path_taken":["M","?","?","M","M","R","M","E","T","R","?","?","E","M","R","BOSS"],"build_version":"2019-10-17","purchased_purges":0,"victory":false,"max_hp_per_floor":[75,68,68,68,68,68,68,68,68,68,68,68,68,68,68,68],"card_choices":[{"not_picked":["Secret Weapon","Mayhem"],"picked":"HandOfGreed","floor":0},{"not_picked":["Sword Boomerang","Uppercut"],"picked":"Shrug It Off","floor":1},{"not_picked":["Havoc","Twin Strike"],"picked":"Power Through","floor":4},{"not_picked":["Intimidate","Twin Strike","Pommel Strike"],"picked":"SKIP","floor":5},{"not_picked":["Warcry","Clash"],"picked":"Evolve","floor":7},{"not_picked":["Pummel","Sentinel"],"picked":"Second Wind","floor":8},{"not_picked":["Clash+1","Twin Strike+1"],"picked":"Clothesline+1","floor":12},{"not_picked":["Blood for Blood+1","Warcry","Second Wind"],"picked":"SKIP","floor":13},{"not_picked":["Searing Blow+1","Flex"],"picked":"Feel No Pain","floor":14}],"player_experience":1623050,"relics_obtained":[{"floor":8,"key":"War Paint"},{"floor":9,"key":"Molten Egg 2"},{"floor":13,"key":"Dream Catcher"}],"event_choices":[{"damage_healed":0,"gold_gain":0,"player_choice":"Lose Max HP","damage_taken":0,"relics_obtained":["Golden Idol"],"max_hp_gain":0,"max_hp_loss":7,"event_name":"Golden Idol","floor":2,"gold_loss":0},{"cards_removed":["Strike_R"],"damage_healed":0,"gold_gain":0,"player_choice":"Card Removal","damage_taken":7,"max_hp_gain":0,"max_hp_loss":0,"event_name":"Golden Wing","floor":3,"gold_loss":0},{"damage_healed":0,"gold_gain":75,"player_choice":"Gather Gold","damage_taken":11,"max_hp_gain":0,"max_hp_loss":0,"event_name":"World of Goop","floor":11,"gold_loss":0}],"is_beta":true,"boss_relics":[],"items_purged_floors":[],"is_endless":false,"potions_floor_spawned":[7,8,13,14],"killed_by":"Hexaghost","ascension_level":20}