{"gold_per_floor":[109,127,138,158,158,158,75,118,144,178,194,194,194,209,209,209],"floor_reached":16,"playtime":805,"items_purged":[],"score":207,"play_id":"ecf42c71-ccb4-4a76-85a9-de51dec5bf88","local_time":"20190803231101","is_ascension_mode":true,"campfire_choices":[{"data":"Dagger Spray","floor":6.0,"key":"SMITH"},{"floor":13.0,"key":"REST"},{"floor":15.0,"key":"REST"}],"neow_cost":"NONE","seed_source_timestamp":1746988559877780,"circlet_count":0,"master_deck":["AscendersBane","Strike_G","Strike_G","Strike_G","Strike_G","Strike_G","Defend_G","Defend_G","Defend_G","Defend_G+1","Defend_G+1","Survivor","Neutralize","PiercingWail","Dagger Spray+1","Dash","Skewer","Blur","Dagger Throw","Dodge and Roll"],"special_seed":0,"relics":["Velvet Choker","Golden Idol","Omamori","Bag of Marbles","War Paint"],"potions_floor_usage":[16,16],"damage_taken":[{"damage":1.0,"enemies":"2 Louse","floor":1.0,"turns":4.0},{"damage":0.0,"enemies":"Cultist","floor":2.0,"turns":4.0},{"damage":0.0,"enemies":"Small Slimes","floor":3.0,"turns":5.0},{"damage":2.0,"enemies":"2 Fungi Beasts","floor":4.0,"turns":3.0},{"damage":11.0,"enemies":"Lagavulin","floor":8.0,"turns":7.0},{"damage":8.0,"enemies":"Gremlin Nob","floor":10.0,"turns":5.0},{"damage":0.0,"enemies":"3 Louse","floor":11.0,"turns":1.0},{"damage":0.0,"enemies":"Exordium Thugs","floor":14.0,"turns":4.0},{"damage":54,"enemies":"Slime Boss","floor":16,"turns":10}],"seed_played":"6437049800615789605","potions_obtained":[{"floor":1.0,"key":"SpeedPotion"},{"floor":2.0,"key":"AttackPotion"},{"floor":11.0,"key":"Weak Potion"},{"floor":12.0,"key":"Poison Potion"},{"floor":12.0,"key":"SpeedPotion"}],"is_trial":false,"path_per_floor":["M","M","M","M","?","R","$","E","T","E","M","?","R","M","R","B"],"character_chosen":"THE_SILENT","items_purchased":["Skewer"],"campfire_rested":2,"item_purchase_floors":[7],"current_hp_per_floor":[58,58,58,56,33,33,33,22,22,14,14,14,33,33,52,0],"gold":209,"neow_bonus":"BOSS_RELIC","is_prod":false,"is_daily":false,"chose_seed":false,"campfire_upgraded":1,"win_rate":0,"timestamp":1564899061,"path_taken":["M","M","M","M","?","R","$","E","T","E","M","?","R","M","R","BOSS"],"build_version":"2019-07-17","purchased_purges":0,"victory":false,"max_hp_per_floor":[66,66,66,66,66,66,66,66,66,66,66,66,66,66,66,66],"card_choices":[{"not_picked":["Infinite Blades","Deflect"],"picked":"PiercingWail","floor":1.0},{"not_picked":["Bouncing Flask","Acrobatics"],"picked":"Dagger Spray","floor":2.0},{"not_picked":["Cloak And Dagger","Bane"],"picked":"Dash","floor":3.0},{"not_picked":["Slice","Well Laid Plans","Burst"],"picked":"SKIP","floor":4.0},{"not_picked":["Endless Agony","Slice"],"picked":"Blur","floor":8.0},{"not_picked":["Prepared","Phantasmal Killer"],"picked":"Dagger Throw","floor":10.0},{"not_picked":["Tactician","Catalyst","Poisoned Stab"],"picked":"SKIP","floor":11.0},{"not_picked":["Blade Dance","Eviscerate"],"picked":"Dodge and Roll","floor":14.0}],"player_experience":166031,"relics_obtained":[{"floor":8.0,"key":"Omamori"},{"floor":9.0,"key":"Bag of Marbles"},{"floor":10.0,"key":"War Paint"}],"event_choices":[{"damage_healed":0.0,"max_hp_gain":0.0,"max_hp_loss":0.0,"gold_gain":0.0,"event_name":"Golden Idol","player_choice":"Take Damage","floor":5.0,"gold_loss":0.0,"damage_taken":23.0,"relics_obtained":["Golden Idol"]},{"damage_healed":0.0,"max_hp_gain":0.0,"max_hp_loss":0.0,"gold_gain":0.0,"event_name":"Lab","player_choice":"Got Potions","floor":12.0,"gold_loss":0.0,"damage_taken":0.0}],"is_beta":false,"boss_relics":[],"items_purged_floors":[],"is_endless":false,"potions_floor_spawned":[1,2,11],"killed_by":"Slime Boss","ascension_level":17}