{"gold_per_floor":[118,135,155,169,169,169,196,216,216,231,243,278,278,289,289,289],"floor_reached":16,"playtime":396,"items_purged":[],"score":232,"play_id":"1fb2e1d1-2eaf-4835-a3cf-bc59b562ba3a","local_time":"20191014125317","is_ascension_mode":true,"campfire_choices":[{"data":"Bash","floor":6,"key":"SMITH"},{"floor":13,"key":"REST"},{"data":"Evolve","floor":15,"key":"SMITH"}],"neow_cost":"NONE","seed_source_timestamp":330443191148600,"circlet_count":0,"master_deck":["AscendersBane","Strike_R","Strike_R","Strike_R","Strike_R","Strike_R","Defend_R","Defend_R","Defend_R","Defend_R","Bash+1","Wild Strike","Evolve+1","Spot Weakness+1","Wild Strike","Shockwave","Headbutt","Offering"],"relics":["Burning Blood","Blue Candle","Pear","Matryoshka"],"potions_floor_usage":[4,7,12,16,16],"damage_taken":[{"damage":5,"enemies":"2 Louse","floor":1,"turns":4},{"damage":2,"enemies":"Cultist","floor":2,"turns":4},{"damage":14,"enemies":"Jaw Worm","floor":3,"turns":4},{"damage":10,"enemies":"Red Slaver","floor":4,"turns":4},{"damage":40,"enemies":"3 Sentries","floor":7,"turns":7},{"damage":26,"enemies":"Exordium Wildlife","floor":8,"turns":5},{"damage":16,"enemies":"Blue Slaver","floor":10,"turns":3},{"damage":14,"enemies":"3 Louse","floor":11,"turns":2},{"damage":13,"enemies":"Gremlin Nob","floor":12,"turns":3},{"damage":12,"enemies":"Looter","floor":14,"turns":3},{"damage":46,"enemies":"Slime Boss","floor":16,"turns":5}],"seed_played":"-3646231425664417786","potions_obtained":[{"floor":1,"key":"SpeedPotion"},{"floor":2,"key":"Weak Potion"},{"floor":4,"key":"Regen Potion"},{"floor":7,"key":"GamblersBrew"},{"floor":12,"key":"GamblersBrew"}],"is_trial":false,"path_per_floor":["M","M","M","M","?","R","E","M","T","M","M","E","R","M","R","B"],"character_chosen":"IRONCLAD","items_purchased":[],"campfire_rested":1,"item_purchase_floors":[],"current_hp_per_floor":[76,80,72,68,68,68,49,29,39,29,21,14,41,35,35,0],"gold":289,"neow_bonus":"TEN_PERCENT_HP_BONUS","is_prod":false,"is_daily":false,"chose_seed":false,"campfire_upgraded":2,"win_rate":0,"timestamp":1571082797,"path_taken":["M","M","M","M","?","R","E","?","T","M","M","E","R","M","R","BOSS"],"build_version":"2019-10-11","purchased_purges":0,"victory":false,"max_hp_per_floor":[82,82,82,82,82,82,82,82,92,92,92,92,92,92,92,92],"card_choices":[{"not_picked":["Reckless Charge","Entrench"],"picked":"Wild Strike","floor":1},{"not_picked":["Ghostly Armor","Wild Strike"],"picked":"Evolve","floor":2},{"not_picked":["Fire Breathing","Twin Strike"],"picked":"Spot Weakness","floor":3},{"not_picked":["Anger","Body Slam"],"picked":"Wild Strike","floor":4},{"not_picked":["Pummel","Twin Strike"],"picked":"Shockwave","floor":7},{"not_picked":["Body Slam","Metallicize","Havoc"],"picked":"SKIP","floor":8},{"not_picked":["Sentinel","Havoc","Body Slam"],"picked":"SKIP","floor":10},{"not_picked":["Cleave","Twin Strike"],"picked":"Headbutt","floor":11},{"not_picked":["Reckless Charge","Rupture","Uppercut"],"picked":"SKIP","floor":12},{"not_picked":["Uppercut","Shockwave"],"picked":"Offering","floor":14}],"player_experience":1565362,"relics_obtained":[{"floor":7,"key":"Blue Candle"},{"floor":9,"key":"Pear"},{"floor":12,"key":"Matryoshka"}],"event_choices":[{"damage_healed":0,"gold_gain":0,"player_choice":"Upgraded","damage_taken":0,"max_hp_gain":0,"max_hp_loss":0,"event_name":"Upgrade Shrine","floor":5,"gold_loss":0,"cards_upgraded":["Spot Weakness"]}],"is_beta":true,"boss_relics":[],"items_purged_floors":[],"is_endless":false,"potions_floor_spawned":[1,2,4,7,11,12],"killed_by":"Slime Boss","ascension_level":20}