{"gold_per_floor":[118,131,204,218,233,261,261,286,312,312,47,47,47,63,63,141,141,156,168,168,83,83,116,116,116,139,139,167,186,186,20,20,96,96,113,123,1122,1138,1138,1138,1152,1177,1177,1177,1177,1177,41,53,53,53,53],"floor_reached":51,"playtime":3687,"items_purged":["Strike_G"],"score":1417,"play_id":"48e51ab0-e1a3-4768-abbe-34b45422af24","local_time":"20190809194216","is_ascension_mode":true,"campfire_choices":[{"floor":7.0,"key":"REST"},{"floor":10.0,"key":"REST"},{"data":"Neutralize","floor":12.0,"key":"SMITH"},{"floor":15.0,"key":"REST"},{"floor":24.0,"key":"REST"},{"floor":30.0,"key":"REST"},{"data":"Leg Sweep","floor":32.0,"key":"SMITH"},{"data":"Backflip","floor":40.0,"key":"SMITH"},{"floor":44.0,"key":"REST"},{"data":"Survivor","floor":45.0,"key":"SMITH"},{"data":"Noxious Fumes","floor":49.0,"key":"SMITH"}],"neow_cost":"NONE","seed_source_timestamp":2249303193838483,"circlet_count":0,"master_deck":["AscendersBane","Strike_G","Defend_G","Defend_G+1","Defend_G+1","Defend_G","Defend_G","Survivor+1","Neutralize+1","Dash","Well Laid Plans","Bouncing Flask+1","Dagger Throw","Master of Strategy","Corpse Explosion","Die Die Die","Dagger Throw","Die Die Die","Caltrops","Dash","Leg Sweep+1","Backflip+1","Catalyst+1","Slice","Noxious Fumes+1"],"special_seed":0,"relics":["Velvet Choker","WingedGreaves","Bronze Scales","Orichalcum","Philosopher\u0027s Stone","Omamori","PreservedInsect","War Paint","Eternal Feather","The Courier","Darkstone Periapt","Happy Flower","Bag of Marbles","Juzu Bracelet","Oddly Smooth Stone","Boot","Pear","Kunai"],"potions_floor_usage":[50,50],"damage_taken":[{"damage":0.0,"enemies":"2 Louse","floor":1.0,"turns":3.0},{"damage":0.0,"enemies":"Jaw Worm","floor":2.0,"turns":5.0},{"damage":2.0,"enemies":"Small Slimes","floor":4.0,"turns":4.0},{"damage":5.0,"enemies":"Looter","floor":5.0,"turns":4.0},{"damage":28.0,"enemies":"3 Sentries","floor":6.0,"turns":13.0},{"damage":19.0,"enemies":"Lagavulin","floor":8.0,"turns":9.0},{"damage":1.0,"enemies":"3 Louse","floor":14.0,"turns":4.0},{"damage":34.0,"enemies":"Slime Boss","floor":16.0,"turns":8.0},{"damage":9.0,"enemies":"Shell Parasite","floor":18.0,"turns":5.0},{"damage":17.0,"enemies":"2 Thieves","floor":19.0,"turns":4.0},{"damage":11.0,"enemies":"Book of Stabbing","floor":23.0,"turns":4.0},{"damage":17.0,"enemies":"Gremlin Leader","floor":28.0,"turns":4.0},{"damage":0.0,"enemies":"3 Cultists","floor":29.0,"turns":3.0},{"damage":30.0,"enemies":"Automaton","floor":33.0,"turns":12.0},{"damage":7.0,"enemies":"Orb Walker","floor":35.0,"turns":4.0},{"damage":4.0,"enemies":"3 Darklings","floor":36.0,"turns":3.0},{"damage":16.0,"enemies":"Transient","floor":38.0,"turns":6.0},{"damage":25.0,"enemies":"4 Shapes","floor":41.0,"turns":2.0},{"damage":8.0,"enemies":"Giant Head","floor":42.0,"turns":6.0},{"damage":0.0,"enemies":"Sphere and 2 Shapes","floor":48.0,"turns":3.0},{"damage":67,"enemies":"Time Eater","floor":50,"turns":15},{"damage":11,"enemies":"Donu and Deca","floor":51,"turns":2}],"seed_played":"-7327681415882805709","potions_obtained":[{"floor":1.0,"key":"Strength Potion"},{"floor":2.0,"key":"Swift Potion"},{"floor":4.0,"key":"EssenceOfSteel"},{"floor":16.0,"key":"Explosive Potion"},{"floor":23.0,"key":"Ancient Potion"},{"floor":33.0,"key":"Dexterity Potion"},{"floor":35.0,"key":"Swift Potion"},{"floor":41.0,"key":"SmokeBomb"}],"is_trial":false,"path_per_floor":["M","M","?","M","M","E","R","E","T","R","$","R","?","M","R","B",null,"M","M","?","$","?","E","R","?","T","?","E","M","R","$","R","B",null,"M","M","?","M","?","R","M","E","T","R","R","?","$","M","R","B","B"],"character_chosen":"THE_SILENT","items_purchased":["Master of Strategy","GhostInAJar","SneckoOil","Backflip","Happy Flower","Noxious Fumes","Bag of Marbles","GhostInAJar","Juzu Bracelet","Oddly Smooth Stone","Boot","Pear","Kunai"],"campfire_rested":6,"item_purchase_floors":[11,21,31,31,47,47,47,47,47,47,47,47,47],"current_hp_per_floor":[59,59,59,57,52,24,43,24,24,43,43,43,43,42,61,27,56,47,30,30,30,30,19,38,38,38,38,21,21,40,40,40,10,52,45,41,41,25,25,37,12,4,4,35,47,47,57,57,72,5,0],"gold":53,"neow_bonus":"BOSS_RELIC","is_prod":false,"is_daily":false,"chose_seed":false,"campfire_upgraded":5,"win_rate":0,"timestamp":1565404936,"path_taken":["M","M","?","M","M","E","R","E","T","R","$","R","?","M","R","BOSS","M","M","?","$","?","E","R","?","T","?","E","?","R","$","R","BOSS","M","M","?","M","?","R","?","E","T","R","R","?","$","M","R","BOSS","BOSS"],"build_version":"2019-07-17","purchased_purges":1,"victory":false,"max_hp_per_floor":[66,66,66,66,66,66,66,66,66,66,66,66,66,66,66,66,66,66,66,66,66,66,66,66,66,66,66,66,66,66,66,66,66,66,66,66,66,66,66,66,66,66,66,66,66,66,76,76,76,76,76],"card_choices":[{"not_picked":["Cloak And Dagger","Dodge and Roll"],"picked":"Dash","floor":1.0},{"not_picked":["Underhanded Strike","Slice","Calculated Gamble"],"picked":"SKIP","floor":2.0},{"not_picked":["Prepared","Dagger Spray"],"picked":"Well Laid Plans","floor":4.0},{"not_picked":["Caltrops","Slice"],"picked":"Bouncing Flask","floor":5.0},{"not_picked":["Expertise","Deflect","Predator"],"picked":"SKIP","floor":6.0},{"not_picked":["Flying Knee","Cloak And Dagger"],"picked":"Dagger Throw","floor":8.0},{"not_picked":["Dagger Spray","Dodge and Roll"],"picked":"Corpse Explosion","floor":14.0},{"not_picked":["Venomology","Burst"],"picked":"Die Die Die","floor":16.0},{"not_picked":["Deflect","Underhanded Strike"],"picked":"Dagger Throw","floor":18.0},{"not_picked":["Caltrops","Infinite Blades"],"picked":"Die Die Die","floor":19.0},{"not_picked":["Well Laid Plans","Corpse Explosion","Caltrops"],"picked":"SKIP","floor":23.0},{"not_picked":["Well Laid Plans+1","Escape Plan","Reflex"],"picked":"SKIP","floor":28.0},{"not_picked":["Reflex","Blur"],"picked":"Leg Sweep","floor":29.0},{"not_picked":["Slice","Prepared","Sucker Punch"],"picked":"SKIP","floor":35.0},{"not_picked":["Night Terror","Deadly Poison+1"],"picked":"Catalyst+1","floor":36.0},{"not_picked":["Dodge and Roll","Sucker Punch","Well Laid Plans"],"picked":"SKIP","floor":38.0},{"not_picked":["Outmaneuver","Underhanded Strike","Dagger Throw"],"picked":"SKIP","floor":41.0},{"not_picked":["Crippling Poison","Burst","Skewer"],"picked":"SKIP","floor":42.0},{"not_picked":["Bouncing Flask","Quick Slash","Underhanded Strike"],"picked":"SKIP","floor":48.0}],"player_experience":192519,"relics_obtained":[{"floor":6.0,"key":"WingedGreaves"},{"floor":8.0,"key":"Bronze Scales"},{"floor":9.0,"key":"Orichalcum"},{"floor":23.0,"key":"Omamori"},{"floor":26.0,"key":"PreservedInsect"},{"floor":28.0,"key":"War Paint"},{"floor":42.0,"key":"The Courier"},{"floor":43.0,"key":"Darkstone Periapt"}],"event_choices":[{"damage_healed":0.0,"max_hp_gain":0.0,"max_hp_loss":0.0,"gold_gain":73.0,"event_name":"Golden Wing","player_choice":"Gained Gold","floor":3.0,"gold_loss":0.0,"damage_taken":0.0},{"damage_healed":0.0,"max_hp_gain":0.0,"max_hp_loss":0.0,"gold_gain":0.0,"event_name":"Living Wall","player_choice":"Grow","floor":13.0,"gold_loss":0.0,"damage_taken":0.0,"cards_upgraded":["Bouncing Flask"]},{"damage_healed":0.0,"max_hp_gain":0.0,"max_hp_loss":0.0,"gold_gain":0.0,"cards_transformed":["Strike_G","Strike_G"],"event_name":"Drug Dealer","player_choice":"Became Test Subject","floor":20.0,"gold_loss":0.0,"damage_taken":0.0,"cards_obtained":["Caltrops","Dash"]},{"damage_healed":0.0,"max_hp_gain":0.0,"max_hp_loss":0.0,"gold_gain":0.0,"event_name":"Ghosts","player_choice":"Ignored","floor":25.0,"gold_loss":0.0,"damage_taken":0.0},{"damage_healed":0.0,"max_hp_gain":0.0,"max_hp_loss":0.0,"gold_gain":0.0,"event_name":"Beggar","player_choice":"Ignored","floor":27.0,"gold_loss":0.0,"damage_taken":0.0},{"damage_healed":0.0,"max_hp_gain":0.0,"max_hp_loss":0.0,"gold_gain":999.0,"event_name":"MindBloom","player_choice":"Gold","floor":37.0,"gold_loss":0.0,"damage_taken":0.0,"cards_obtained":["Normality","Normality"]},{"damage_healed":0.0,"max_hp_gain":0.0,"max_hp_loss":0.0,"gold_gain":0.0,"cards_transformed":["Strike_G"],"event_name":"Transmorgrifier","player_choice":"Transformed","floor":39.0,"gold_loss":0.0,"damage_taken":0.0,"cards_obtained":["Slice"]},{"damage_healed":0.0,"max_hp_gain":0.0,"max_hp_loss":0.0,"gold_gain":0.0,"event_name":"Tomb of Lord Red Mask","player_choice":"Ignored","floor":46.0,"gold_loss":0.0,"damage_taken":0.0}],"is_beta":false,"boss_relics":[{"not_picked":["Lizard Tail","Runic Pyramid"],"picked":"Philosopher\u0027s Stone"},{"not_picked":["Runic Dome","Fusion Hammer"],"picked":"Eternal Feather"}],"items_purged_floors":[11],"is_endless":false,"potions_floor_spawned":[1,2,4,16,23,33,35,38,41],"killed_by":"Donu and Deca","ascension_level":20}