{"gold_per_floor":[116,127,146,166,177,177,189,189,240,268,268,268],"floor_reached":12,"playtime":323,"items_purged":[],"score":164,"play_id":"a3ed1c2e-8cb8-4d90-820e-a5ccebb1d90b","local_time":"20191014124633","is_ascension_mode":true,"campfire_choices":[{"data":"Carnage","floor":6,"key":"SMITH"},{"data":"Anger","floor":8,"key":"SMITH"}],"neow_cost":"NONE","seed_source_timestamp":330112727494300,"circlet_count":0,"master_deck":["AscendersBane","Strike_R","Strike_R","Strike_R","Strike_R","Strike_R+1","Defend_R","Defend_R+1","Defend_R","Defend_R","Bash+1","Shrug It Off","Anger+1","Carnage+1","Offering","Spot Weakness"],"relics":["Burning Blood","Dream Catcher","StrikeDummy"],"potions_floor_usage":[2,12],"damage_taken":[{"damage":2,"enemies":"Cultist","floor":1,"turns":4},{"damage":0,"enemies":"Small Slimes","floor":2,"turns":6},{"damage":8,"enemies":"2 Louse","floor":3,"turns":3},{"damage":11,"enemies":"Large Slime","floor":4,"turns":6},{"damage":24,"enemies":"Lots of Slimes","floor":5,"turns":6},{"damage":8,"enemies":"2 Fungi Beasts","floor":7,"turns":4},{"damage":26,"enemies":"3 Sentries","floor":10,"turns":7},{"damage":10,"enemies":"Lagavulin","floor":12,"turns":2}],"seed_played":"-1642112434345333565","potions_obtained":[{"floor":1,"key":"SkillPotion"},{"floor":7,"key":"Weak Potion"}],"is_trial":false,"path_per_floor":["M","M","M","M","M","R","M","R","T","E","?","E"],"character_chosen":"IRONCLAD","items_purchased":[],"campfire_rested":0,"item_purchase_floors":[],"current_hp_per_floor":[72,75,73,68,50,50,48,48,48,28,5,0],"gold":268,"neow_bonus":"UPGRADE_CARD","is_prod":false,"is_daily":false,"chose_seed":false,"campfire_upgraded":2,"win_rate":0,"timestamp":1571082393,"path_taken":["M","M","?","M","M","R","M","R","T","E","?","E"],"build_version":"2019-10-11","purchased_purges":0,"victory":false,"max_hp_per_floor":[75,75,75,75,75,75,75,75,75,75,75,75],"card_choices":[{"not_picked":["Flex","Thunderclap"],"picked":"Shrug It Off","floor":1},{"not_picked":["Bloodletting","Clash","Sword Boomerang"],"picked":"SKIP","floor":2},{"not_picked":["Havoc","Rage"],"picked":"Anger","floor":3},{"not_picked":["Warcry","Thunderclap","Rampage"],"picked":"SKIP","floor":4},{"not_picked":["Rupture","Ghostly Armor"],"picked":"Carnage","floor":5},{"not_picked":["Bloodletting","Twin Strike"],"picked":"Offering","floor":7},{"not_picked":["Heavy Blade","True Grit"],"picked":"Spot Weakness","floor":10}],"player_experience":1565039,"relics_obtained":[{"floor":9,"key":"Dream Catcher"},{"floor":10,"key":"StrikeDummy"}],"event_choices":[{"damage_healed":0,"gold_gain":0,"player_choice":"Entered Light","damage_taken":23,"max_hp_gain":0,"max_hp_loss":0,"event_name":"Shining Light","floor":11,"gold_loss":0,"cards_upgraded":["Defend_R","Strike_R"]}],"is_beta":true,"boss_relics":[],"items_purged_floors":[],"is_endless":false,"potions_floor_spawned":[1,7],"killed_by":"Lagavulin","ascension_level":20}