{"gold_per_floor":[116,127,202,221,241,241,258,258,258,271,271,283,9,9,9,9],"floor_reached":16,"playtime":732,"items_purged":["Defend_G"],"score":94,"play_id":"555cb1c3-222b-4872-a830-61b437aa5eb1","local_time":"20190926003741","is_ascension_mode":false,"campfire_choices":[{"floor":6,"key":"REST"},{"data":"Concentrate","floor":8,"key":"SMITH"},{"data":"Reflex","floor":11,"key":"SMITH"},{"floor":15,"key":"REST"}],"neow_cost":"NONE","seed_source_timestamp":492043132535900,"circlet_count":0,"master_deck":["Strike_G","Strike_G","Strike_G","Strike_G","Strike_G","Defend_G","Defend_G","Defend_G","Defend_G","Survivor","Neutralize","Reflex+1","Prepared","Concentrate+1","Backflip","Reflex+1"],"relics":["Ring of the Snake","NeowsBlessing","Potion Belt","DollysMirror"],"potions_floor_usage":[16,16,16],"damage_taken":[{"damage":0,"enemies":"2 Louse","floor":1,"turns":1},{"damage":0,"enemies":"Small Slimes","floor":2,"turns":1},{"damage":0,"enemies":"Jaw Worm","floor":4,"turns":1},{"damage":32,"enemies":"Exordium Thugs","floor":5,"turns":7},{"damage":10,"enemies":"Looter","floor":7,"turns":3},{"damage":13,"enemies":"Large Slime","floor":10,"turns":9},{"damage":16,"enemies":"Exordium Thugs","floor":12,"turns":9},{"damage":33,"enemies":"Hexaghost","floor":16,"turns":13}],"seed_played":"-4897072116123405124","potions_obtained":[{"floor":4,"key":"SpeedPotion"},{"floor":5,"key":"Energy Potion"},{"floor":10,"key":"SteroidPotion"}],"is_trial":false,"path_per_floor":["M","M","?","M","M","R","M","R","T","M","R","M","$","?","R","B"],"character_chosen":"THE_SILENT","items_purchased":["DollysMirror"],"campfire_rested":2,"item_purchase_floors":[13],"current_hp_per_floor":[70,70,59,59,27,48,38,38,38,25,25,9,9,9,30,0],"gold":9,"neow_bonus":"THREE_ENEMY_KILL","is_prod":false,"is_daily":false,"chose_seed":false,"campfire_upgraded":2,"win_rate":0,"timestamp":1569451061,"path_taken":["M","M","?","M","M","R","M","R","T","M","R","M","$","?","R","BOSS"],"build_version":"2019-07-17","purchased_purges":1,"victory":false,"max_hp_per_floor":[70,70,70,70,70,70,70,70,70,70,70,70,70,70,70,70],"card_choices":[{"not_picked":["Bane","Predator"],"picked":"Reflex","floor":1},{"not_picked":["Blade Dance","Riddle With Holes"],"picked":"Prepared","floor":2},{"not_picked":["Choke","Prepared","Dodge and Roll"],"picked":"SKIP","floor":4},{"not_picked":["Underhanded Strike","Prepared","Blade Dance"],"picked":"SKIP","floor":5},{"not_picked":["Outmaneuver","Deadly Poison"],"picked":"Concentrate","floor":7},{"not_picked":["Deadly Poison","Outmaneuver","Venomology"],"picked":"SKIP","floor":10},{"not_picked":["Dagger Spray","Outmaneuver"],"picked":"Backflip","floor":12}],"player_experience":259076,"relics_obtained":[{"floor":9,"key":"Potion Belt"}],"event_choices":[{"damage_healed":0,"gold_gain":75,"player_choice":"Gather Gold","damage_taken":11,"max_hp_gain":0,"max_hp_loss":0,"event_name":"World of Goop","floor":3,"gold_loss":0},{"damage_healed":0,"gold_gain":0,"player_choice":"Ignored","damage_taken":0,"max_hp_gain":0,"max_hp_loss":0,"event_name":"Golden Idol","floor":14,"gold_loss":0}],"is_beta":false,"boss_relics":[],"items_purged_floors":[13],"is_endless":false,"potions_floor_spawned":[4,5,10],"killed_by":"Hexaghost","ascension_level":0}