{"gold_per_floor":[115,128,144,159,175,175,350,350,373,40,40,67,83,108,108,209,209,226,226,226,242,342,371,75,88,166,189,206,232,242,74,74,176,176,192,267,267,287,305,305,335,335,358,387,387,387,153,153],"floor_reached":48,"playtime":5630,"items_purged":["Doubt","Defend_G"],"score":761,"play_id":"439dc51f-7ddc-4d8e-b1f5-73cbfbfa7832","local_time":"20190630175014","is_ascension_mode":true,"campfire_choices":[{"floor":6.0,"key":"REST"},{"data":"Neutralize","floor":8.0,"key":"SMITH"},{"floor":11.0,"key":"REST"},{"data":"Apotheosis","floor":15.0,"key":"SMITH"},{"data":"Neutralize","floor":32.0,"key":"SMITH"},{"data":"Acrobatics","floor":40.0,"key":"SMITH"},{"data":"Deflect","floor":42.0,"key":"SMITH"},{"data":"Deflect","floor":46.0,"key":"SMITH"}],"neow_cost":"NONE","seed_source_timestamp":449067997805796,"circlet_count":0,"master_deck":["Defend_G+1","Defend_G","Defend_G","Defend_G+1","Survivor","Neutralize+1","Poisoned Stab","Deflect+1","Quick Slash","Poisoned Stab","Apotheosis+1","Acrobatics+1","Corpse Explosion","Deadly Poison","Neutralize+1","Bite","Bite","Bite","Bite","Deflect+1","Well Laid Plans","Backflip+1","Dodge and Roll","Deflect+1","Adrenaline","Deflect+1"],"special_seed":0,"relics":["Ring of the Serpent","Juzu Bracelet","Lantern","Odd Mushroom","Tough Bandages","Dodecahedron","Vajra","Lee\u0027s Waffle","The Courier","Pen Nib","Bird Faced Urn","Sling","Sozu","Ornamental Fan","Ancient Tea Set","Pantograph","War Paint","Bronze Scales"],"potions_floor_usage":[],"damage_taken":[{"damage":0.0,"enemies":"2 Louse","floor":1.0,"turns":3.0},{"damage":2.0,"enemies":"Jaw Worm","floor":2.0,"turns":4.0},{"damage":3.0,"enemies":"Cultist","floor":3.0,"turns":5.0},{"damage":39.0,"enemies":"Large Slime","floor":4.0,"turns":13.0},{"damage":12.0,"enemies":"Exordium Wildlife","floor":5.0,"turns":5.0},{"damage":19.0,"enemies":"3 Sentries","floor":12.0,"turns":8.0},{"damage":0.0,"enemies":"Looter","floor":13.0,"turns":3.0},{"damage":0.0,"enemies":"The Mushroom Lair","floor":14.0,"turns":3.0},{"damage":10.0,"enemies":"Hexaghost","floor":16.0,"turns":6.0},{"damage":21.0,"enemies":"Spheric Guardian","floor":18.0,"turns":8.0},{"damage":3.0,"enemies":"Shell Parasite","floor":21.0,"turns":6.0},{"damage":22.0,"enemies":"Colosseum Slavers","floor":22.0,"turns":4.0},{"damage":0.0,"enemies":"Colosseum Nobs","floor":22.0,"turns":2.0},{"damage":24.0,"enemies":"Book of Stabbing","floor":23.0,"turns":6.0},{"damage":1.0,"enemies":"Snecko","floor":25.0,"turns":4.0},{"damage":1.0,"enemies":"Centurion and Healer","floor":28.0,"turns":5.0},{"damage":25.0,"enemies":"Slavers","floor":29.0,"turns":4.0},{"damage":14.0,"enemies":"Snake Plant","floor":30.0,"turns":4.0},{"damage":49.0,"enemies":"Automaton","floor":33.0,"turns":16.0},{"damage":3.0,"enemies":"Orb Walker","floor":35.0,"turns":3.0},{"damage":3.0,"enemies":"3 Darklings","floor":38.0,"turns":2.0},{"damage":8.0,"enemies":"Jaw Worm Horde","floor":39.0,"turns":2.0},{"damage":9.0,"enemies":"Reptomancer","floor":41.0,"turns":9.0},{"damage":13.0,"enemies":"Giant Head","floor":44.0,"turns":9.0},{"damage":59,"enemies":"2 Orb Walkers","floor":48,"turns":5}],"seed_played":"3522231703427925416","potions_obtained":[{"floor":2.0,"key":"SkillPotion"},{"floor":4.0,"key":"SpeedPotion"},{"floor":16.0,"key":"Regen Potion"},{"floor":21.0,"key":"SteroidPotion"},{"floor":25.0,"key":"Swift Potion"},{"floor":29.0,"key":"Ancient Potion"}],"is_trial":false,"path_per_floor":["M","M","M","M","M","R","?","R","T","$","R","E","M","?","R","B",null,"M","?","?","M","?","E","$","M","T","T","M","E","M","$","R","B",null,"M","?","?","M","M","R","E","R","T","E","$","R","$","?"],"character_chosen":"THE_SILENT","items_purchased":["Apotheosis","Regen Potion","Lee\u0027s Waffle","Sling","War Paint","Bronze Scales"],"campfire_rested":2,"item_purchase_floors":[10,10,24,31,47,47],"current_hp_per_floor":[70,68,65,26,14,37,37,37,37,37,60,56,56,56,56,46,69,48,48,48,53,46,31,60,60,60,60,60,44,56,56,56,31,53,58,52,52,57,52,52,57,57,57,53,53,53,53,0],"gold":153,"neow_bonus":"TEN_PERCENT_HP_BONUS","is_prod":false,"is_daily":false,"chose_seed":false,"campfire_upgraded":6,"win_rate":0,"timestamp":1561942214,"path_taken":["M","M","M","M","M","R","?","R","T","$","R","E","M","?","R","BOSS","M","?","?","M","?","E","$","M","T","?","M","E","M","$","R","BOSS","M","?","?","M","M","R","E","R","T","E","$","R","$","?"],"build_version":"2019-01-23","purchased_purges":2,"victory":false,"max_hp_per_floor":[77,77,77,77,77,77,77,77,77,77,77,77,77,77,77,77,77,77,77,53,53,53,53,60,60,60,60,60,60,60,60,60,60,60,60,60,60,60,60,60,60,60,60,60,60,60,60,60],"card_choices":[{"not_picked":["Choke","Blade Dance"],"picked":"Poisoned Stab","floor":1.0},{"not_picked":["Cloak And Dagger","Leg Sweep"],"picked":"Deflect","floor":2.0},{"not_picked":["Masterful Stab","Calculated Gamble","Underhanded Strike"],"picked":"SKIP","floor":3.0},{"not_picked":["Finisher","Outmaneuver"],"picked":"Quick Slash","floor":4.0},{"not_picked":["Setup","PiercingWail"],"picked":"Poisoned Stab","floor":5.0},{"not_picked":["Bane","Sucker Punch"],"picked":"Acrobatics","floor":12.0},{"not_picked":["Quick Slash","Cloak And Dagger"],"picked":"Corpse Explosion","floor":13.0},{"not_picked":["Predator","PiercingWail"],"picked":"Deadly Poison","floor":14.0},{"not_picked":["Acrobatics","Bane","Setup"],"picked":"SKIP","floor":18.0},{"not_picked":["Tactician+1","Terror","All Out Attack"],"picked":"SKIP","floor":21.0},{"not_picked":["Flechettes","Setup"],"picked":"Deflect","floor":22.0},{"not_picked":["Masterful Stab","Eviscerate"],"picked":"Well Laid Plans","floor":23.0},{"not_picked":["Leg Sweep","Blade Dance"],"picked":"Backflip+1","floor":25.0},{"not_picked":["Terror","Deadly Poison"],"picked":"Dodge and Roll","floor":28.0},{"not_picked":["Phantasmal Killer","Crippling Poison","Sucker Punch"],"picked":"SKIP","floor":29.0},{"not_picked":["Flying Knee","Bane"],"picked":"Deflect+1","floor":30.0},{"not_picked":["Wraith Form v2","Glass Knife"],"picked":"Adrenaline","floor":33.0},{"not_picked":["Flying Knee+1","Cloak And Dagger","Expertise+1"],"picked":"SKIP","floor":35.0},{"not_picked":["Dodge and Roll","Dagger Throw+1","Masterful Stab"],"picked":"SKIP","floor":38.0},{"not_picked":["Deadly Poison","Blade Dance+1","Predator+1"],"picked":"SKIP","floor":39.0},{"not_picked":["Flying Knee","Dagger Throw","Choke"],"picked":"SKIP","floor":41.0},{"not_picked":["Crippling Poison","Expertise+1"],"picked":"Deflect+1","floor":44.0}],"player_experience":96229,"relics_obtained":[{"floor":9.0,"key":"Juzu Bracelet"},{"floor":12.0,"key":"Lantern"},{"floor":14.0,"key":"Odd Mushroom"},{"floor":22.0,"key":"Tough Bandages"},{"floor":22.0,"key":"Dodecahedron"},{"floor":23.0,"key":"Vajra"},{"floor":26.0,"key":"The Courier"},{"floor":27.0,"key":"Pen Nib"},{"floor":29.0,"key":"Bird Faced Urn"},{"floor":41.0,"key":"Ornamental Fan"},{"floor":43.0,"key":"Ancient Tea Set"},{"floor":44.0,"key":"Pantograph"}],"event_choices":[{"damage_healed":0.0,"max_hp_gain":0.0,"max_hp_loss":0.0,"gold_gain":175.0,"event_name":"Liars Game","player_choice":"AGREE","floor":7.0,"gold_loss":0.0,"damage_taken":0.0,"cards_obtained":["Doubt"]},{"damage_healed":0.0,"max_hp_gain":0.0,"max_hp_loss":0.0,"gold_gain":0.0,"event_name":"Mushrooms","player_choice":"Fought Mushrooms","floor":14.0,"gold_loss":0.0,"damage_taken":0.0},{"damage_healed":0.0,"max_hp_gain":0.0,"max_hp_loss":0.0,"gold_gain":0.0,"event_name":"Match and Keep!","player_choice":"1 cards matched","floor":19.0,"gold_loss":0.0,"damage_taken":0.0,"cards_obtained":["Neutralize"]},{"damage_healed":0.0,"max_hp_gain":0.0,"max_hp_loss":24.0,"gold_gain":0.0,"event_name":"Vampires","player_choice":"Became a vampire","floor":20.0,"gold_loss":0.0,"damage_taken":0.0,"cards_obtained":["Bite","Bite","Bite","Bite","Bite"]},{"damage_healed":0.0,"max_hp_gain":0.0,"max_hp_loss":0.0,"gold_gain":0.0,"event_name":"Colosseum","player_choice":"Fight","floor":22.0,"gold_loss":0.0,"damage_taken":0.0},{"damage_healed":0.0,"max_hp_gain":0.0,"max_hp_loss":0.0,"gold_gain":0.0,"event_name":"Colosseum","player_choice":"Fought Nobs","floor":22.0,"gold_loss":0.0,"damage_taken":0.0},{"damage_healed":0.0,"max_hp_gain":0.0,"max_hp_loss":0.0,"gold_gain":75.0,"event_name":"FaceTrader","player_choice":"Touch","floor":36.0,"gold_loss":0.0,"damage_taken":6.0},{"cards_removed":["Bite"],"damage_healed":0.0,"max_hp_gain":0.0,"max_hp_loss":0.0,"gold_gain":0.0,"event_name":"Falling","player_choice":"Removed Attack","floor":37.0,"gold_loss":0.0,"damage_taken":0.0},{"damage_healed":0,"gold_gain":0,"player_choice":"Fight","damage_taken":0,"max_hp_gain":0,"max_hp_loss":0,"event_name":"Mysterious Sphere","floor":48,"gold_loss":0}],"is_beta":false,"boss_relics":[{"not_picked":["Empty Cage","Runic Pyramid"],"picked":"Ring of the Serpent"},{"not_picked":["Orrery","Snecko Eye"],"picked":"Sozu"}],"items_purged_floors":[10,24],"is_endless":false,"potions_floor_spawned":[2,4,16,21,22,25,29,39,41],"killed_by":"2 Orb Walkers","ascension_level":6}