{"gold_per_floor":[118,135,151,151,164,164,243,262,289,289,303,331,18,18,18,121,121,133,83,95,5,21,21,48,48,348,348,348,359,376,376,376,475,475,490,505,552,567,0,0,0,0,50,62,74,74,174,194,194,194],"floor_reached":51,"playtime":4622,"items_purged":[],"score":669,"play_id":"7f2ca6dd-9bd9-4333-9fc3-caf034caea26","local_time":"20190910030638","is_ascension_mode":false,"campfire_choices":[{"data":"Bash","floor":6,"key":"SMITH"},{"data":"Pommel Strike","floor":10,"key":"SMITH"},{"data":"1","floor":15,"key":"LIFT"},{"data":"2","floor":23,"key":"LIFT"},{"data":"3","floor":25,"key":"LIFT"},{"data":"Infernal Blade","floor":27,"key":"SMITH"},{"data":"Heavy Blade","floor":32,"key":"SMITH"},{"floor":40,"key":"REST"},{"data":"Strike_R+1","floor":42,"key":"PURGE"},{"floor":46,"key":"REST"},{"data":"Enlightenment","floor":49,"key":"PURGE"}],"neow_cost":"NONE","seed_source_timestamp":1450134662134900,"circlet_count":0,"master_deck":["Strike_R+1","Strike_R+1","Strike_R+1","Strike_R+1","Defend_R+1","Bash+1","Twin Strike","Clash+1","Spot Weakness+1","Twin Strike","Pommel Strike+1","Sword Boomerang","Flex","Fiend Fire","Rage+1","Reaper+1","Intimidate+1","Sever Soul+1","Flex","Infernal Blade+1","Cleave","Blood for Blood","Flame Barrier+1","Spot Weakness","Anger","Heavy Blade+1","Fiend Fire","Clash+1","Twin Strike","Thunderclap","Burning Pact+1","Sword Boomerang+1","Warcry+1","Sword Boomerang","Armaments+1"],"relics":["Burning Blood","Whetstone","Blood Vial","Girya","Astrolabe","Oddly Smooth Stone","Old Coin","Fusion Hammer","Peace Pipe","Red Mask","Pen Nib","Pocketwatch"],"potions_floor_usage":[12,16,33,33,33,48,48,50],"damage_taken":[{"damage":15,"enemies":"Jaw Worm","floor":1,"turns":4},{"damage":0,"enemies":"Small Slimes","floor":2,"turns":3},{"damage":1,"enemies":"Cultist","floor":3,"turns":3},{"damage":0,"enemies":"Looter","floor":5,"turns":3},{"damage":1,"enemies":"2 Fungi Beasts","floor":8,"turns":3},{"damage":24,"enemies":"Gremlin Gang","floor":11,"turns":4},{"damage":13,"enemies":"3 Sentries","floor":12,"turns":4},{"damage":14,"enemies":"Slime Boss","floor":16,"turns":7},{"damage":20,"enemies":"2 Thieves","floor":18,"turns":3},{"damage":10,"enemies":"Spheric Guardian","floor":20,"turns":3},{"damage":18,"enemies":"3 Cultists","floor":22,"turns":4},{"damage":20,"enemies":"Book of Stabbing","floor":24,"turns":3},{"damage":0,"enemies":"Centurion and Healer","floor":29,"turns":3},{"damage":15,"enemies":"Snake Plant","floor":30,"turns":3},{"damage":60,"enemies":"Automaton","floor":33,"turns":7},{"damage":41,"enemies":"3 Shapes","floor":35,"turns":2},{"damage":4,"enemies":"3 Darklings","floor":36,"turns":3},{"damage":43,"enemies":"2 Orb Walkers","floor":37,"turns":3},{"damage":25,"enemies":"Writhing Mass","floor":38,"turns":4},{"damage":29,"enemies":"Sphere and 2 Shapes","floor":44,"turns":4},{"damage":12,"enemies":"Spire Growth","floor":45,"turns":2},{"damage":42,"enemies":"Mind Bloom Boss Battle","floor":47,"turns":4},{"damage":4,"enemies":"Transient","floor":48,"turns":5},{"damage":79,"enemies":"Awakened One","floor":50,"turns":8}],"seed_played":"-4743244878183418173","potions_obtained":[{"floor":1,"key":"Fire Potion"},{"floor":8,"key":"AttackPotion"},{"floor":12,"key":"Weak Potion"},{"floor":16,"key":"SkillPotion"},{"floor":18,"key":"Swift Potion"},{"floor":30,"key":"Block Potion"},{"floor":36,"key":"Poison Potion"},{"floor":44,"key":"PowerPotion"},{"floor":45,"key":"Dexterity Potion"},{"floor":48,"key":"Energy Potion"}],"is_trial":false,"path_per_floor":["M","M","M","?","M","R","?","M","T","R","M","E","$","?","R","B",null,"M","$","M","$","M","R","E","R","T","R","?","M","M","?","R","B",null,"M","M","?","M","?","R","?","R","T","M","M","R","?","M","R","B",null],"character_chosen":"IRONCLAD","items_purchased":["Girya","Flex","Cleave","Blood for Blood"],"campfire_rested":2,"item_purchase_floors":[13,19,21,21],"current_hp_per_floor":[79,85,88,88,88,88,88,88,88,88,70,63,63,88,88,80,88,74,74,72,72,76,76,71,71,71,71,71,79,80,80,80,28,88,68,72,55,38,38,64,64,64,64,43,39,65,41,88,88,35],"gold":194,"neow_bonus":"TEN_PERCENT_HP_BONUS","is_prod":false,"is_daily":false,"chose_seed":false,"campfire_upgraded":4,"win_rate":0.0,"timestamp":1568077598,"path_taken":["M","M","M","?","M","R","?","M","T","R","?","E","?","?","R","BOSS","M","$","M","$","M","R","E","R","T","R","?","?","M","?","R","BOSS","M","M","?","M","?","R","?","R","T","M","M","R","?","M","R","BOSS"],"build_version":"2019-07-17","purchased_purges":0,"victory":true,"max_hp_per_floor":[88,88,88,88,88,88,88,88,88,88,88,88,88,88,88,88,88,88,88,88,88,88,88,88,88,88,88,88,88,88,88,88,88,88,88,88,88,88,88,88,88,88,88,88,88,88,88,88,88,88],"card_choices":[{"not_picked":["Hemokinesis","Clothesline"],"picked":"Twin Strike","floor":1},{"not_picked":["Second Wind","True Grit"],"picked":"Clash","floor":2},{"not_picked":["Armaments","True Grit"],"picked":"Spot Weakness","floor":3},{"not_picked":["Uppercut","Anger"],"picked":"Twin Strike","floor":5},{"not_picked":["Burning Pact","Perfected Strike"],"picked":"Pommel Strike","floor":8},{"not_picked":["Rupture","Iron Wave"],"picked":"Sword Boomerang","floor":11},{"not_picked":["Pommel Strike","Cleave"],"picked":"Flex","floor":12},{"not_picked":["Brutality","Feed"],"picked":"Fiend Fire","floor":16},{"not_picked":["Body Slam","Thunderclap"],"picked":"Sever Soul+1","floor":18},{"not_picked":["Perfected Strike","Armaments"],"picked":"Infernal Blade","floor":20},{"not_picked":["Cleave","Infernal Blade"],"picked":"Flame Barrier+1","floor":22},{"not_picked":["Pommel Strike","Clash+1"],"picked":"Spot Weakness","floor":24},{"not_picked":["Cleave","True Grit"],"picked":"Anger","floor":29},{"not_picked":["Anger","Disarm"],"picked":"Heavy Blade","floor":30},{"not_picked":["Bludgeon","Offering"],"picked":"Fiend Fire","floor":33},{"not_picked":["True Grit","Pommel Strike"],"picked":"Clash+1","floor":35},{"not_picked":["Iron Wave+1","Flame Barrier+1"],"picked":"Twin Strike","floor":36},{"not_picked":["Body Slam","Burning Pact"],"picked":"Thunderclap","floor":37},{"not_picked":["Infernal Blade","Twin Strike"],"picked":"Burning Pact+1","floor":38},{"not_picked":["Chrysalis","Dark Shackles"],"picked":"Enlightenment","floor":41},{"not_picked":["Feel No Pain+1","Anger"],"picked":"Sword Boomerang+1","floor":44},{"not_picked":["Cleave+1","Flame Barrier+1"],"picked":"Warcry+1","floor":45},{"not_picked":["Combust","Carnage"],"picked":"Sword Boomerang","floor":47},{"not_picked":["Cleave","Shockwave"],"picked":"Armaments+1","floor":48}],"player_experience":16344,"relics_obtained":[{"floor":9,"key":"Whetstone"},{"floor":12,"key":"Blood Vial"},{"floor":24,"key":"Oddly Smooth Stone"},{"floor":26,"key":"Old Coin"},{"floor":37,"key":"Peace Pipe"},{"floor":43,"key":"Pen Nib"},{"floor":47,"key":"Pocketwatch"}],"event_choices":[{"damage_healed":0,"gold_gain":0,"player_choice":"Grow","damage_taken":0,"max_hp_gain":0,"max_hp_loss":0,"event_name":"Living Wall","floor":4,"gold_loss":0,"cards_upgraded":["Spot Weakness"]},{"damage_healed":0,"gold_gain":79,"player_choice":"Gained Gold","damage_taken":0,"max_hp_gain":0,"max_hp_loss":0,"event_name":"Golden Wing","floor":7,"gold_loss":0},{"damage_healed":29,"gold_gain":0,"player_choice":"Banana","damage_taken":0,"max_hp_gain":0,"max_hp_loss":0,"event_name":"Big Fish","floor":14,"gold_loss":0},{"damage_healed":0,"gold_gain":0,"player_choice":"Ignored","damage_taken":0,"max_hp_gain":0,"max_hp_loss":0,"event_name":"N\u0027loth","floor":28,"gold_loss":0},{"damage_healed":0,"gold_gain":0,"player_choice":"Simplicity","damage_taken":0,"max_hp_gain":0,"max_hp_loss":0,"event_name":"Back to Basics","floor":31,"gold_loss":0,"cards_upgraded":["Strike_R","Strike_R","Strike_R","Strike_R","Defend_R"]},{"damage_healed":0,"gold_gain":0,"player_choice":"Fight","damage_taken":0,"max_hp_gain":0,"max_hp_loss":0,"event_name":"Mysterious Sphere","floor":37,"gold_loss":0},{"damage_healed":0,"gold_gain":0,"player_choice":"Paid","damage_taken":0,"relics_obtained":["Red Mask"],"max_hp_gain":0,"max_hp_loss":0,"event_name":"Tomb of Lord Red Mask","floor":39,"gold_loss":567},{"damage_healed":0,"gold_gain":0,"player_choice":"Memory 1","damage_taken":0,"max_hp_gain":0,"max_hp_loss":0,"event_name":"SensoryStone","floor":41,"gold_loss":0},{"damage_healed":0,"gold_gain":0,"player_choice":"Fight","damage_taken":0,"max_hp_gain":0,"max_hp_loss":0,"event_name":"MindBloom","floor":47,"gold_loss":0}],"is_beta":false,"boss_relics":[{"not_picked":["Sozu","Busted Crown"],"picked":"Astrolabe"},{"not_picked":["Runic Pyramid","Tiny House"],"picked":"Fusion Hammer"}],"items_purged_floors":[],"is_endless":false,"potions_floor_spawned":[1,8,12,16,18,30,36,44,45,48],"ascension_level":0}