{"gold_per_floor":[117,130,130,141,152,178,195,226,304,335,347,23,40,65,65,167,167,177,188,207,207,224,256,256,4,4,19,19,118,136,15,15,110,110,124,137,147,147,167,167],"floor_reached":40,"playtime":3848,"items_purged":["Strike_R","Defend_R","Strike_R"],"score":511,"play_id":"e3776826-e017-4b40-a48c-2708c884beff","local_time":"20190914060605","is_ascension_mode":true,"campfire_choices":[{"data":"Iron Wave","floor":15,"key":"SMITH"},{"data":"Iron Wave","floor":24,"key":"SMITH"},{"data":"Body Slam","floor":28,"key":"SMITH"},{"data":"Inflame","floor":32,"key":"SMITH"}],"neow_cost":"NONE","seed_source_timestamp":149361654106000,"circlet_count":0,"master_deck":["Strike_R","Defend_R","Defend_R","Bash+1","Cleave","Iron Wave+1","Intimidate","Hemokinesis","Pommel Strike+1","Iron Wave+1","Body Slam+1","Reaper","True Grit+1","Havoc+1","Shockwave+1","Flex+1","Demon Form","Battle Trance+1","Power Through+1","Flame Barrier+1","Battle Trance+1","Combust","Flex+1","True Grit+1","Disarm+1","Inflame+1","Infernal Blade+1","Parasite","Power Through+1"],"relics":["Burning Blood","Lantern","Meat on the Bone","Mercury Hourglass","Toxic Egg 2","Bird Faced Urn","Whetstone","Smiling Mask","Velvet Choker","Sundial","Red Skull","Bottled Flame","Empty Cage"],"potions_floor_usage":[8,10,16,16,22,33,40,40],"damage_taken":[{"damage":0,"enemies":"Small Slimes","floor":1,"turns":3},{"damage":1,"enemies":"Cultist","floor":2,"turns":3},{"damage":6,"enemies":"2 Louse","floor":4,"turns":3},{"damage":0,"enemies":"2 Fungi Beasts","floor":5,"turns":3},{"damage":36,"enemies":"3 Sentries","floor":6,"turns":8},{"damage":19,"enemies":"Large Slime","floor":7,"turns":5},{"damage":38,"enemies":"Lagavulin","floor":8,"turns":4},{"damage":10,"enemies":"Gremlin Nob","floor":10,"turns":3},{"damage":0,"enemies":"3 Louse","floor":11,"turns":1},{"damage":0,"enemies":"Looter","floor":13,"turns":2},{"damage":25,"enemies":"3 Sentries","floor":14,"turns":7},{"damage":54,"enemies":"The Guardian","floor":16,"turns":9},{"damage":19,"enemies":"2 Thieves","floor":18,"turns":4},{"damage":0,"enemies":"Chosen","floor":19,"turns":3},{"damage":25,"enemies":"Snecko","floor":20,"turns":5},{"damage":7,"enemies":"Cultist and Chosen","floor":22,"turns":5},{"damage":24,"enemies":"Slavers","floor":23,"turns":6},{"damage":23,"enemies":"Sentry and Sphere","floor":27,"turns":5},{"damage":0,"enemies":"Centurion and Healer","floor":30,"turns":4},{"damage":34,"enemies":"Champ","floor":33,"turns":8},{"damage":9,"enemies":"Orb Walker","floor":35,"turns":3},{"damage":1,"enemies":"3 Shapes","floor":36,"turns":2},{"damage":24,"enemies":"Spire Growth","floor":37,"turns":5},{"damage":29,"enemies":"Writhing Mass","floor":39,"turns":5},{"damage":60,"enemies":"Giant Head","floor":40,"turns":7}],"seed_played":"-7475112382027938499","potions_obtained":[{"floor":2,"key":"Energy Potion"},{"floor":6,"key":"GamblersBrew"},{"floor":7,"key":"SteroidPotion"},{"floor":13,"key":"AttackPotion"},{"floor":14,"key":"Poison Potion"},{"floor":16,"key":"LiquidBronze"},{"floor":23,"key":"SkillPotion"},{"floor":27,"key":"Swift Potion"},{"floor":39,"key":"GamblersBrew"}],"is_trial":false,"path_per_floor":["M","M","?","M","M","E","M","E","T","E","M","$","M","E","R","B",null,"M","M","M","?","M","E","R","$","T","M","R","?","M","$","R","B",null,"M","M","M","?","M","E"],"character_chosen":"IRONCLAD","items_purchased":["Whetstone","True Grit+1","Havoc+1","Flex+1","Red Skull","Inflame"],"campfire_rested":0,"item_purchase_floors":[12,12,12,25,25,31],"current_hp_per_floor":[80,80,72,72,78,48,47,27,27,35,53,53,59,52,52,22,80,80,80,71,56,57,51,51,51,51,48,48,48,56,56,56,60,85,85,85,69,69,56,0],"gold":167,"neow_bonus":"RANDOM_COMMON_RELIC","is_prod":false,"is_daily":false,"chose_seed":false,"campfire_upgraded":4,"win_rate":0,"timestamp":1568433965,"path_taken":["M","M","?","M","M","E","M","E","T","E","M","$","?","E","R","BOSS","M","M","M","?","M","E","R","$","T","M","R","?","M","$","R","BOSS","M","M","M","?","M","E"],"build_version":"2019-07-17","purchased_purges":3,"victory":false,"max_hp_per_floor":[80,80,80,80,80,80,80,80,80,80,80,80,80,80,80,80,80,80,80,80,85,85,85,85,85,85,85,85,85,85,85,85,85,85,85,85,85,85,85,85],"card_choices":[{"not_picked":["Flex","Clash"],"picked":"Cleave","floor":1},{"not_picked":["Feel No Pain","Shrug It Off"],"picked":"Iron Wave","floor":2},{"not_picked":["Twin Strike","Heavy Blade"],"picked":"Intimidate","floor":4},{"not_picked":["Seeing Red","Clothesline"],"picked":"Hemokinesis","floor":5},{"not_picked":["Thunderclap","Reckless Charge"],"picked":"Pommel Strike","floor":6},{"not_picked":["Blood for Blood","Cleave"],"picked":"Iron Wave","floor":7},{"not_picked":["Blood for Blood","Heavy Blade"],"picked":"Body Slam","floor":8},{"not_picked":["Flex+1","Warcry+1"],"picked":"Reaper","floor":10},{"not_picked":["Feel No Pain","Sword Boomerang","Perfected Strike"],"picked":"SKIP","floor":11},{"not_picked":["Combust","Fire Breathing"],"picked":"Shockwave+1","floor":13},{"not_picked":["Dark Embrace","Fiend Fire"],"picked":"Flex+1","floor":14},{"not_picked":["Exhume+1","Fiend Fire"],"picked":"Demon Form","floor":16},{"not_picked":["Clothesline+1","Heavy Blade+1"],"picked":"Battle Trance+1","floor":18},{"not_picked":["Bloodletting+1","Perfected Strike+1"],"picked":"Power Through+1","floor":19},{"not_picked":["Whirlwind","Uppercut"],"picked":"Flame Barrier+1","floor":20},{"not_picked":["Clash","Heavy Blade"],"picked":"Battle Trance+1","floor":22},{"not_picked":["Shockwave+1","Seeing Red+1"],"picked":"Combust","floor":23},{"not_picked":["Perfected Strike","Pommel Strike"],"picked":"True Grit+1","floor":27},{"not_picked":["Battle Trance+1","Feel No Pain"],"picked":"Disarm+1","floor":30},{"not_picked":["Evolve","Thunderclap+1","Anger"],"picked":"SKIP","floor":35},{"not_picked":["Entrench+1","Bloodletting+1"],"picked":"Infernal Blade+1","floor":36},{"not_picked":["Fire Breathing+1","Armaments+1","Second Wind+1"],"picked":"SKIP","floor":37},{"not_picked":["Rampage","Armaments+1"],"picked":"Power Through+1","floor":39}],"player_experience":114201,"relics_obtained":[{"floor":6,"key":"Meat on the Bone"},{"floor":8,"key":"Mercury Hourglass"},{"floor":9,"key":"Toxic Egg 2"},{"floor":10,"key":"Bird Faced Urn"},{"floor":14,"key":"Smiling Mask"},{"floor":23,"key":"Sundial"},{"floor":26,"key":"Bottled Flame"}],"event_choices":[{"damage_healed":0,"gold_gain":0,"player_choice":"Damaged","damage_taken":8,"max_hp_gain":0,"max_hp_loss":0,"event_name":"Wheel of Change","floor":3,"gold_loss":0},{"damage_healed":0,"gold_gain":0,"player_choice":"Shed Blood","damage_taken":20,"max_hp_gain":5,"max_hp_loss":0,"event_name":"Forgotten Altar","floor":21,"gold_loss":0},{"damage_healed":0,"gold_gain":99,"player_choice":"Stole From Cult","damage_taken":0,"max_hp_gain":0,"max_hp_loss":0,"event_name":"Nest","floor":29,"gold_loss":0},{"cards_removed":["Strike_R"],"damage_healed":0,"gold_gain":0,"player_choice":"Removed Attack","damage_taken":0,"max_hp_gain":0,"max_hp_loss":0,"event_name":"Falling","floor":38,"gold_loss":0}],"is_beta":false,"boss_relics":[{"not_picked":["Fusion Hammer","Orrery"],"picked":"Velvet Choker"},{"not_picked":["Calling Bell","Runic Dome"],"picked":"Empty Cage"}],"items_purged_floors":[12,25,31],"is_endless":false,"potions_floor_spawned":[2,6,7,13,14,16,23,27,30,39],"killed_by":"Giant Head","ascension_level":3}