{"gold_per_floor":[109,284,295,25,55,55,69,19,19,52,67,93,108,136,136,237,237,247,247,247,257,273,273,308,335,372,384,396,443,466,220,220,324,374,390,439,349,364,381,381,381],"floor_reached":41,"playtime":1870,"items_purged":["Doubt","Shame"],"score":656,"play_id":"d628abca-b598-4919-b783-7983b6490011","local_time":"20190922173346","is_ascension_mode":true,"campfire_choices":[{"data":"Perfected Strike","floor":6,"key":"SMITH"},{"data":"Seeing Red","floor":15,"key":"SMITH"},{"data":"Inflame","floor":23,"key":"SMITH"},{"floor":28,"key":"REST"},{"floor":32,"key":"REST"},{"floor":40,"key":"REST"}],"neow_cost":"CURSE","seed_source_timestamp":206270105358800,"circlet_count":0,"master_deck":["Strike_R","Strike_R","Strike_R","Strike_R","Defend_R","Defend_R+1","Defend_R+1","Bash","Parasite","Flame Barrier+1","Inflame+1","Perfected Strike+1","Seeing Red+1","Twin Strike","Pommel Strike+1","Inflame","Spot Weakness+1","Disarm","Carnage+1","Twin Strike","Perfected Strike","Spot Weakness+1","Clothesline+1","Doubt","Flame Barrier","Power Through","Feed","Shrug It Off","Iron Wave+1","Perfected Strike","Twin Strike"],"relics":["Burning Blood","Bag of Preparation","Tiny Chest","Lantern","Centennial Puzzle","WingedGreaves","War Paint","Cursed Key","MawBank","Smiling Mask","Matryoshka","Omamori","Red Skull","Tiny House","Du-Vu Doll"],"potions_floor_usage":[29,30,30,33,33,38,41],"damage_taken":[{"damage":5,"enemies":"2 Louse","floor":1,"turns":3},{"damage":20,"enemies":"Cultist","floor":3,"turns":5},{"damage":0,"enemies":"Small Slimes","floor":7,"turns":3},{"damage":20,"enemies":"3 Sentries","floor":10,"turns":7},{"damage":0,"enemies":"2 Fungi Beasts","floor":11,"turns":2},{"damage":6,"enemies":"Gremlin Nob","floor":12,"turns":3},{"damage":4,"enemies":"Red Slaver","floor":13,"turns":2},{"damage":19,"enemies":"3 Sentries","floor":14,"turns":5},{"damage":1,"enemies":"Slime Boss","floor":16,"turns":8},{"damage":3,"enemies":"Chosen","floor":18,"turns":3},{"damage":22,"enemies":"2 Thieves","floor":21,"turns":2},{"damage":16,"enemies":"Snecko","floor":22,"turns":3},{"damage":36,"enemies":"Slavers","floor":24,"turns":5},{"damage":6,"enemies":"Snake Plant","floor":25,"turns":3},{"damage":23,"enemies":"Gremlin Leader","floor":29,"turns":4},{"damage":4,"enemies":"Chosen and Byrds","floor":30,"turns":4},{"damage":25,"enemies":"Collector","floor":33,"turns":5},{"damage":3,"enemies":"Orb Walker","floor":35,"turns":3},{"damage":32,"enemies":"2 Orb Walkers","floor":36,"turns":5},{"damage":21,"enemies":"3 Shapes","floor":38,"turns":5},{"damage":18,"enemies":"Sphere and 2 Shapes","floor":39,"turns":5},{"damage":107,"enemies":"Giant Head","floor":41,"turns":6}],"seed_played":"6807512429680024900","potions_obtained":[{"floor":3,"key":"Ancient Potion"},{"floor":11,"key":"Ancient Potion"},{"floor":13,"key":"SkillPotion"},{"floor":14,"key":"PowerPotion"},{"floor":21,"key":"Explosive Potion"},{"floor":29,"key":"AttackPotion"},{"floor":30,"key":"Poison Potion"},{"floor":34,"key":"Block Potion"},{"floor":36,"key":"AttackPotion"},{"floor":38,"key":"Strength Potion"},{"floor":39,"key":"Strength Potion"}],"is_trial":false,"path_per_floor":["M","?","M","$","?","R","M","?","T","E","M","E","M","E","R","B",null,"M","?","?","M","M","R","E","M","T","T","R","E","M","$","R","B",null,"M","?","?","M","M","R","E"],"character_chosen":"IRONCLAD","items_purchased":["Bag of Preparation","Perfected Strike","Red Skull","Strength Potion"],"campfire_rested":3,"item_purchase_floors":[4,4,31,31],"current_hp_per_floor":[89,89,75,75,75,75,81,81,81,67,73,73,75,62,62,67,89,92,92,92,76,66,66,36,36,36,36,64,47,49,49,77,58,92,95,72,72,57,48,80,0],"gold":381,"neow_bonus":"TWENTY_PERCENT_HP_BONUS","is_prod":false,"is_daily":false,"chose_seed":false,"campfire_upgraded":3,"win_rate":0,"timestamp":1569166426,"path_taken":["M","?","M","$","?","R","?","?","T","E","M","E","M","E","R","BOSS","M","?","?","?","?","R","E","M","T","?","R","E","M","$","R","BOSS","M","?","?","M","?","R","E"],"build_version":"2019-07-17","purchased_purges":2,"victory":false,"max_hp_per_floor":[96,96,96,96,96,96,96,96,96,96,96,96,96,96,96,96,96,96,96,96,96,96,96,96,96,96,96,96,96,96,96,96,96,101,101,104,104,104,107,107,107],"card_choices":[{"not_picked":["Rampage","Metallicize"],"picked":"Flame Barrier","floor":1},{"not_picked":["Power Through","Perfected Strike"],"picked":"Inflame","floor":3},{"not_picked":["Thunderclap","Feel No Pain"],"picked":"Seeing Red","floor":7},{"not_picked":["Power Through","Battle Trance"],"picked":"Twin Strike","floor":10},{"not_picked":["Clash","Body Slam"],"picked":"Pommel Strike","floor":11},{"not_picked":["Fire Breathing","Searing Blow"],"picked":"Inflame","floor":12},{"not_picked":["Feel No Pain","Inflame"],"picked":"Spot Weakness","floor":13},{"not_picked":["Wild Strike","Clash"],"picked":"Disarm","floor":14},{"not_picked":["Armaments","Warcry+1"],"picked":"Carnage+1","floor":18},{"not_picked":["Anger+1","Havoc"],"picked":"Perfected Strike","floor":21},{"not_picked":["Thunderclap","Anger","Heavy Blade"],"picked":"SKIP","floor":22},{"not_picked":["Rampage+1","Clothesline"],"picked":"Spot Weakness+1","floor":24},{"not_picked":["Second Wind","Sever Soul+1"],"picked":"Clothesline+1","floor":25},{"not_picked":["Hemokinesis","Wild Strike+1"],"picked":"Flame Barrier","floor":29},{"not_picked":["Sever Soul","Sword Boomerang"],"picked":"Power Through","floor":30},{"not_picked":["Fiend Fire","Demon Form"],"picked":"Feed","floor":33},{"not_picked":["Body Slam","Entrench+1"],"picked":"Shrug It Off","floor":34},{"not_picked":["Clash+1","Rupture"],"picked":"Iron Wave+1","floor":35},{"not_picked":["Evolve","Cleave"],"picked":"Perfected Strike","floor":36},{"not_picked":["Warcry","Flex","Demon Form"],"picked":"SKIP","floor":38},{"not_picked":["Clash","Armaments"],"picked":"Twin Strike","floor":39}],"player_experience":224453,"relics_obtained":[{"floor":9,"key":"Lantern"},{"floor":10,"key":"Centennial Puzzle"},{"floor":12,"key":"WingedGreaves"},{"floor":14,"key":"War Paint"},{"floor":24,"key":"MawBank"},{"floor":26,"key":"Smiling Mask"},{"floor":27,"key":"Matryoshka"},{"floor":29,"key":"Omamori"},{"floor":36,"key":"Du-Vu Doll"}],"event_choices":[{"damage_healed":0,"gold_gain":175,"player_choice":"AGREE","damage_taken":0,"max_hp_gain":0,"max_hp_loss":0,"event_name":"Liars Game","floor":2,"gold_loss":0,"cards_obtained":["Doubt"]},{"damage_healed":0,"gold_gain":0,"player_choice":"Gave Potion","damage_taken":0,"relics_obtained":["Tiny Chest"],"max_hp_gain":0,"max_hp_loss":0,"event_name":"WeMeetAgain","floor":5,"gold_loss":0},{"cards_removed":["Defend_R"],"damage_healed":0,"gold_gain":0,"player_choice":"Card Removal","damage_taken":0,"max_hp_gain":0,"max_hp_loss":0,"event_name":"The Cleric","floor":8,"gold_loss":50},{"damage_healed":0,"gold_gain":0,"player_choice":"Read","damage_taken":0,"max_hp_gain":0,"max_hp_loss":0,"event_name":"The Library","floor":19,"gold_loss":0,"cards_obtained":["Twin Strike"]},{"damage_healed":0,"gold_gain":0,"player_choice":"Upgraded","damage_taken":0,"max_hp_gain":0,"max_hp_loss":0,"event_name":"Upgrade Shrine","floor":20,"gold_loss":0,"cards_upgraded":["Pommel Strike"]},{"damage_healed":0,"gold_gain":0,"player_choice":"Fight","damage_taken":0,"max_hp_gain":0,"max_hp_loss":0,"event_name":"Mysterious Sphere","floor":36,"gold_loss":0},{"cards_removed":["Strike_R"],"damage_healed":0,"gold_gain":0,"player_choice":"Upgrade and Remove","damage_taken":0,"max_hp_gain":0,"max_hp_loss":0,"event_name":"Designer","floor":37,"gold_loss":90,"cards_upgraded":["Defend_R"]}],"is_beta":false,"boss_relics":[{"not_picked":["Busted Crown","Astrolabe"],"picked":"Cursed Key"},{"not_picked":["Eternal Feather","Empty Cage"],"picked":"Tiny House"}],"items_purged_floors":[4,31],"is_endless":false,"potions_floor_spawned":[3,11,13,14,21,29,30,36,38,39],"killed_by":"Giant Head","ascension_level":8}