{"gold_per_floor":[116,39,53,1,1,27,27,58,58,75,75,100,116,143,143,245,245,261,31,44,144,144,176,176,189,242,242,270,270,297,323,323,422,422,434,452,506,525,525,550,569,596,596,596,596,50,50,66,66,66,66,66,24,53,53],"floor_reached":56,"playtime":5219,"items_purged":["Strike_G","Defend_G"],"score":1653,"play_id":"fcb03bef-f80d-47b6-818c-5f07d672e265","local_time":"20190626220634","is_ascension_mode":true,"campfire_choices":[{"data":"Survivor","floor":7.0,"key":"SMITH"},{"data":"Noxious Fumes","floor":11.0,"key":"SMITH"},{"data":"Cloak And Dagger","floor":15.0,"key":"SMITH"},{"data":"Prepared","floor":24.0,"key":"SMITH"},{"data":"Acrobatics","floor":27.0,"key":"SMITH"},{"data":"Noxious Fumes+1","floor":29.0,"key":"PURGE"},{"data":"Defend_G","floor":32.0,"key":"PURGE"},{"floor":47,"key":"RECALL"},{"floor":49,"key":"REST"},{"data":"Finisher","floor":52,"key":"SMITH"}],"neow_cost":"PERCENT_DAMAGE","seed_source_timestamp":123866373670009,"circlet_count":0,"master_deck":["Defend_G","Defend_G","Strike_G","Strike_G","Strike_G","Strike_G","Survivor+1","Neutralize+1","Well Laid Plans","Dagger Throw","Cloak And Dagger+1","Prepared+1","Finisher+1","Acrobatics+1","Infinite Blades","J.A.X.+1","Heel Hook","Prepared+1","Infinite Blades+1","Tactician+1","Backflip+1","Blade Dance+1","Reflex+1"],"special_seed":0,"relics":["Ring of the Snake","FossilizedHelix","Orichalcum","Shuriken","Ninja Scroll","Meat on the Bone","Cursed Key","Vajra","Nunchaku","Toxic Egg 2","Omamori","Lantern","Peace Pipe","The Courier","Black Star","Shovel","Blood Vial","Frozen Egg 2","Mercury Hourglass","Snake Skull","Oddly Smooth Stone","Strawberry","Dodecahedron","Centennial Puzzle","Pear"],"potions_floor_usage":[50,50,55,55],"damage_taken":[{"damage":0.0,"enemies":"Cultist","floor":1.0,"turns":4.0},{"damage":4.0,"enemies":"2 Louse","floor":3.0,"turns":4.0},{"damage":16.0,"enemies":"Gremlin Nob","floor":6.0,"turns":4.0},{"damage":4.0,"enemies":"3 Sentries","floor":8.0,"turns":12.0},{"damage":0.0,"enemies":"Small Slimes","floor":10.0,"turns":3.0},{"damage":0.0,"enemies":"Lagavulin","floor":12.0,"turns":8.0},{"damage":0.0,"enemies":"Blue Slaver","floor":13.0,"turns":2.0},{"damage":0.0,"enemies":"Gremlin Nob","floor":14.0,"turns":4.0},{"damage":0.0,"enemies":"Slime Boss","floor":16.0,"turns":9.0},{"damage":0.0,"enemies":"Chosen","floor":18.0,"turns":4.0},{"damage":0.0,"enemies":"Shell Parasite","floor":20.0,"turns":1.0},{"damage":0.0,"enemies":"Colosseum Slavers","floor":21.0,"turns":3.0},{"damage":0.0,"enemies":"Colosseum Nobs","floor":21.0,"turns":4.0},{"damage":10.0,"enemies":"Slavers","floor":23.0,"turns":4.0},{"damage":0.0,"enemies":"Shelled Parasite and Fungi","floor":25.0,"turns":2.0},{"damage":0.0,"enemies":"Gremlin Leader","floor":28.0,"turns":3.0},{"damage":3.0,"enemies":"Slavers","floor":31.0,"turns":3.0},{"damage":19.0,"enemies":"Collector","floor":33.0,"turns":4.0},{"damage":10.0,"enemies":"3 Darklings","floor":35.0,"turns":3.0},{"damage":2.0,"enemies":"3 Shapes","floor":36.0,"turns":3.0},{"damage":4.0,"enemies":"2 Orb Walkers","floor":37.0,"turns":3.0},{"damage":23.0,"enemies":"Writhing Mass","floor":38.0,"turns":4.0},{"damage":9.0,"enemies":"Reptomancer","floor":40.0,"turns":2.0},{"damage":16.0,"enemies":"3 Darklings","floor":41.0,"turns":3.0},{"damage":4,"enemies":"Nemesis","floor":42,"turns":3},{"damage":0,"enemies":"4 Shapes","floor":48,"turns":6},{"damage":30,"enemies":"Time Eater","floor":50,"turns":6},{"damage":6,"enemies":"Shield and Spear","floor":54,"turns":3},{"damage":68,"enemies":"The Heart","floor":55,"turns":5}],"seed_played":"-4501894289481700128","potions_obtained":[{"floor":1.0,"key":"Block Potion"},{"floor":6.0,"key":"PowerPotion"},{"floor":14.0,"key":"Fire Potion"},{"floor":16.0,"key":"Explosive Potion"},{"floor":18.0,"key":"Dexterity Potion"},{"floor":23.0,"key":"Regen Potion"},{"floor":25.0,"key":"EssenceOfSteel"},{"floor":33.0,"key":"Dexterity Potion"},{"floor":36.0,"key":"FearPotion"},{"floor":37.0,"key":"Weak Potion"},{"floor":41,"key":"GamblersBrew"}],"is_trial":false,"path_per_floor":["M","$","M","$","?","E","R","E","T","M","R","E","M","E","R","B",null,"M","$","M","?","?","E","R","M","T","R","E","R","T","E","R","B",null,"M","M","?","M","?","E","M","E","T","?","?","$","R","M","R","B",null,"R","$","E","B",null],"character_chosen":"THE_SILENT","items_purchased":["Regen Potion","SkillPotion","Vajra","Oddly Smooth Stone","Strawberry","Strength Potion","Dodecahedron","FearPotion"],"campfire_rested":1,"item_purchase_floors":[2,4,19,46,46,46,46,53],"current_hp_per_floor":[63,63,59,59,59,55,55,51,51,51,51,51,51,51,51,51,84,84,84,84,84,84,74,74,74,74,74,74,74,74,71,71,61,84,74,72,68,45,45,48,46,44,44,44,44,51,51,53,80,52,91,91,91,95,41],"gold":53,"neow_bonus":"TWENTY_PERCENT_HP_BONUS","is_prod":false,"is_daily":false,"chose_seed":false,"campfire_upgraded":6,"win_rate":0,"timestamp":1561611994,"path_taken":["M","$","M","?","?","E","R","E","T","?","R","E","?","E","R","BOSS","M","$","M","?","?","E","R","M","T","R","E","R","?","E","R","BOSS","M","?","?","M","?","E","?","E","T","?","?","?","R","M","R","BOSS","R","$","E","BOSS"],"build_version":"2019-01-23","purchased_purges":2,"victory":true,"max_hp_per_floor":[84,84,84,84,84,84,84,84,84,84,84,84,84,84,84,84,84,84,84,84,84,84,84,84,84,84,84,84,84,84,84,84,84,84,84,84,84,84,84,84,84,84,84,84,84,91,91,91,91,91,91,91,91,101,101],"card_choices":[{"not_picked":["Flying Knee","Predator"],"picked":"Well Laid Plans","floor":1.0},{"not_picked":["Blade Dance","Slice","Cloak And Dagger"],"picked":"SKIP","floor":3.0},{"not_picked":["Outmaneuver","Concentrate"],"picked":"Dagger Throw","floor":6.0},{"not_picked":["Skewer","Acrobatics"],"picked":"Noxious Fumes","floor":8.0},{"not_picked":["PiercingWail","Eviscerate"],"picked":"Cloak And Dagger","floor":10.0},{"not_picked":["Eviscerate","Dagger Spray","Dodge and Roll"],"picked":"SKIP","floor":12.0},{"not_picked":["Slice","Deadly Poison","Noxious Fumes"],"picked":"SKIP","floor":13.0},{"not_picked":["Night Terror","Poisoned Stab"],"picked":"Prepared","floor":14.0},{"not_picked":["Underhanded Strike","Well Laid Plans"],"picked":"Finisher","floor":18.0},{"not_picked":["Prepared","Deflect+1"],"picked":"Acrobatics","floor":20.0},{"not_picked":["Underhanded Strike+1","Dodge and Roll"],"picked":"Infinite Blades","floor":21.0},{"not_picked":["Outmaneuver+1","Well Laid Plans"],"picked":"Heel Hook","floor":23.0},{"not_picked":["Setup+1","PiercingWail+1"],"picked":"Prepared+1","floor":25.0},{"not_picked":["Underhanded Strike","Eviscerate"],"picked":"Infinite Blades+1","floor":28.0},{"not_picked":["Outmaneuver+1","Envenom"],"picked":"Tactician+1","floor":31.0},{"not_picked":["Setup+1","Distraction+1","Outmaneuver+1"],"picked":"SKIP","floor":35.0},{"not_picked":["PiercingWail+1","Noxious Fumes","Underhanded Strike+1"],"picked":"SKIP","floor":36.0},{"not_picked":["Prepared+1","Accuracy+1"],"picked":"Backflip+1","floor":38.0},{"not_picked":["Cloak And Dagger+1","Acrobatics+1"],"picked":"Blade Dance+1","floor":40.0},{"not_picked":["Masterful Stab","Venomology+1","Dagger Spray+1"],"picked":"SKIP","floor":41},{"not_picked":["Dodge and Roll+1","Backstab+1","Quick Slash"],"picked":"SKIP","floor":42},{"not_picked":["Poisoned Stab+1","Bouncing Flask+1"],"picked":"Reflex+1","floor":48},{"not_picked":["Crippling Poison+1","Dagger Spray","Dodge and Roll+1"],"picked":"SKIP","floor":54}],"player_experience":72702,"relics_obtained":[{"floor":6.0,"key":"FossilizedHelix"},{"floor":8.0,"key":"Orichalcum"},{"floor":9.0,"key":"Shuriken"},{"floor":12.0,"key":"Ninja Scroll"},{"floor":14.0,"key":"Meat on the Bone"},{"floor":21.0,"key":"Nunchaku"},{"floor":21.0,"key":"Toxic Egg 2"},{"floor":23.0,"key":"Omamori"},{"floor":26.0,"key":"Lantern"},{"floor":28.0,"key":"Peace Pipe"},{"floor":31.0,"key":"The Courier"},{"floor":37.0,"key":"Shovel"},{"floor":40.0,"key":"Blood Vial"},{"floor":40.0,"key":"Frozen Egg 2"},{"floor":42,"key":"Mercury Hourglass"},{"floor":42,"key":"Snake Skull"},{"floor":54,"key":"Centennial Puzzle"},{"floor":54,"key":"Pear"}],"event_choices":[{"damage_healed":0.0,"max_hp_gain":0.0,"max_hp_loss":0.0,"gold_gain":0.0,"event_name":"Accursed Blacksmith","player_choice":"Forge","floor":5.0,"gold_loss":0.0,"damage_taken":0.0,"cards_upgraded":["Neutralize"]},{"damage_healed":0.0,"max_hp_gain":0.0,"max_hp_loss":0.0,"gold_gain":0.0,"event_name":"Colosseum","player_choice":"Fight","floor":21.0,"gold_loss":0.0,"damage_taken":0.0},{"damage_healed":0.0,"max_hp_gain":0.0,"max_hp_loss":0.0,"gold_gain":0.0,"event_name":"Colosseum","player_choice":"Fought Nobs","floor":21.0,"gold_loss":0.0,"damage_taken":0.0},{"damage_healed":0.0,"max_hp_gain":0.0,"max_hp_loss":0.0,"gold_gain":0.0,"event_name":"Drug Dealer","player_choice":"Obtain J.A.X.","floor":22.0,"gold_loss":0.0,"damage_taken":0.0,"cards_obtained":["J.A.X."]},{"damage_healed":0.0,"max_hp_gain":0.0,"max_hp_loss":0.0,"gold_gain":0.0,"event_name":"Mysterious Sphere","player_choice":"Fight","floor":37.0,"gold_loss":0.0,"damage_taken":0.0},{"cards_removed":["Defend_G"],"damage_healed":0.0,"max_hp_gain":0.0,"max_hp_loss":0.0,"gold_gain":0.0,"event_name":"Wheel of Change","player_choice":"Card Removal","floor":39.0,"gold_loss":0.0,"damage_taken":0.0},{"damage_healed":0,"gold_gain":0,"player_choice":"Memory 1","damage_taken":0,"max_hp_gain":0,"max_hp_loss":0,"event_name":"SensoryStone","floor":44,"gold_loss":0},{"damage_healed":0,"gold_gain":0,"player_choice":"Ignored","damage_taken":0,"max_hp_gain":0,"max_hp_loss":0,"event_name":"Tomb of Lord Red Mask","floor":45,"gold_loss":0}],"is_beta":false,"boss_relics":[{"not_picked":["Velvet Choker","Runic Dome"],"picked":"Cursed Key"},{"not_picked":["WristBlade","Sozu"],"picked":"Black Star"}],"items_purged_floors":[19,46],"is_endless":false,"potions_floor_spawned":[1,6,14,16,18,23,25,28,33,36,37,41],"ascension_level":2}