{"gold_per_floor":[17,32,50,50,10,35,35,49,95,125,141,141,155,165,165,240,240,240,240,180,180,180,180,180,180,180,180,180,180,180,180,180,180],"floor_reached":33,"playtime":1740,"items_purged":[],"score":504,"play_id":"301228e5-ab64-4490-8926-4f7340e6fa65","local_time":"20190923083348","is_ascension_mode":true,"campfire_choices":[{"data":"Armaments","floor":7,"key":"SMITH"},{"floor":15,"key":"REST"},{"floor":23,"key":"REST"},{"floor":25,"key":"REST"},{"floor":27,"key":"REST"},{"floor":32,"key":"REST"}],"neow_cost":"NO_GOLD","seed_source_timestamp":114602906757893,"circlet_count":0,"master_deck":["AscendersBane","Strike_R","Strike_R","Strike_R","Strike_R","Defend_R","Defend_R","Defend_R","Defend_R","Bash","Armaments+1","Clothesline+1","Iron Wave","Headbutt","Inflame","Limit Break","Exhume","Heavy Blade","Impervious"],"relics":["Burning Blood","Ornamental Fan","Bag of Marbles","Oddly Smooth Stone","Blood Vial","Matryoshka","Ectoplasm","PreservedInsect","Smiling Mask"],"potions_floor_usage":[6,6,6,10,14,16,16,24,30,33],"damage_taken":[{"damage":7,"enemies":"Cultist","floor":1,"turns":4},{"damage":4,"enemies":"2 Louse","floor":2,"turns":3},{"damage":12,"enemies":"Jaw Worm","floor":3,"turns":5},{"damage":40,"enemies":"Lagavulin","floor":6,"turns":6},{"damage":15,"enemies":"3 Louse","floor":8,"turns":3},{"damage":25,"enemies":"Gremlin Nob","floor":10,"turns":5},{"damage":14,"enemies":"Lots of Slimes","floor":11,"turns":5},{"damage":6,"enemies":"2 Fungi Beasts","floor":13,"turns":3},{"damage":0,"enemies":"Gremlin Gang","floor":14,"turns":2},{"damage":35,"enemies":"Hexaghost","floor":16,"turns":12},{"damage":13,"enemies":"Shell Parasite","floor":18,"turns":6},{"damage":25,"enemies":"2 Thieves","floor":20,"turns":4},{"damage":17,"enemies":"Centurion and Healer","floor":21,"turns":7},{"damage":40,"enemies":"Snake Plant","floor":22,"turns":4},{"damage":54,"enemies":"Chosen and Byrds","floor":24,"turns":6},{"damage":46,"enemies":"Sentry and Sphere","floor":29,"turns":8},{"damage":14,"enemies":"Snake Plant","floor":30,"turns":3},{"damage":17,"enemies":"3 Cultists","floor":31,"turns":5},{"damage":96,"enemies":"Automaton","floor":33,"turns":6}],"seed_played":"1988241125806610563","potions_obtained":[{"floor":2,"key":"EssenceOfSteel"},{"floor":5,"key":"Energy Potion"},{"floor":5,"key":"EntropicBrew"},{"floor":8,"key":"Block Potion"},{"floor":11,"key":"Explosive Potion"},{"floor":14,"key":"Block Potion"},{"floor":22,"key":"BloodPotion"},{"floor":29,"key":"SkillPotion"},{"floor":31,"key":"Fire Potion"}],"is_trial":false,"path_per_floor":["M","M","M","?","?","E","R","M","T","E","M","T","M","M","R","B",null,"M","?","M","M","M","R","M","R","T","R","?","M","M","M","R","B"],"character_chosen":"IRONCLAD","items_purchased":[],"campfire_rested":5,"item_purchase_floors":[],"current_hp_per_floor":[81,83,77,72,72,52,52,43,43,24,18,18,20,28,54,27,74,69,69,52,43,11,37,13,39,39,65,65,27,21,12,38,0],"gold":180,"neow_bonus":"TWENTY_PERCENT_HP_BONUS","is_prod":false,"is_daily":false,"chose_seed":false,"campfire_upgraded":1,"win_rate":0,"timestamp":1569252828,"path_taken":["M","M","M","?","?","E","R","M","T","E","?","?","M","M","R","BOSS","M","?","M","M","?","R","M","R","T","R","?","M","?","M","R","BOSS"],"build_version":"2019-07-17","purchased_purges":0,"victory":false,"max_hp_per_floor":[89,89,89,89,89,89,89,89,89,89,89,89,89,89,89,89,89,89,89,89,89,89,89,89,89,89,89,89,89,89,89,89,89],"card_choices":[{"not_picked":["Thunderclap","Sword Boomerang","Combust"],"picked":"SKIP","floor":1},{"not_picked":["Heavy Blade","Battle Trance"],"picked":"Armaments","floor":2},{"not_picked":["Uppercut","Warcry"],"picked":"Clothesline","floor":3},{"not_picked":["Pommel Strike","Searing Blow"],"picked":"Iron Wave","floor":6},{"not_picked":["Thunderclap","Havoc"],"picked":"Headbutt","floor":8},{"not_picked":["Clothesline","Havoc","Warcry"],"picked":"SKIP","floor":10},{"not_picked":["Bloodletting","Warcry"],"picked":"Inflame","floor":11},{"not_picked":["Perfected Strike","Dropkick","Fiend Fire"],"picked":"SKIP","floor":13},{"not_picked":["Cleave","Iron Wave","Armaments"],"picked":"SKIP","floor":14},{"not_picked":["Offering","Reaper"],"picked":"Limit Break","floor":16},{"not_picked":["Twin Strike","Clothesline","Sever Soul+1"],"picked":"SKIP","floor":18},{"not_picked":["Cleave+1","True Grit","Clash"],"picked":"SKIP","floor":20},{"not_picked":["Havoc","Anger+1","Spot Weakness"],"picked":"SKIP","floor":21},{"not_picked":["Carnage","Spot Weakness","Offering"],"picked":"SKIP","floor":22},{"not_picked":["Sword Boomerang","Twin Strike","Seeing Red"],"picked":"SKIP","floor":24},{"not_picked":["Warcry","Uppercut"],"picked":"Heavy Blade","floor":29},{"not_picked":["Reckless Charge","Havoc","Hemokinesis"],"picked":"SKIP","floor":30},{"not_picked":["Blood for Blood","Heavy Blade"],"picked":"Impervious","floor":31}],"player_experience":345752,"relics_obtained":[{"floor":6,"key":"Bag of Marbles"},{"floor":9,"key":"Oddly Smooth Stone"},{"floor":10,"key":"Blood Vial"},{"floor":12,"key":"Matryoshka"},{"floor":26,"key":"PreservedInsect"},{"floor":26,"key":"Smiling Mask"}],"event_choices":[{"damage_healed":0,"gold_gain":0,"player_choice":"Success","damage_taken":5,"relics_obtained":["Ornamental Fan"],"max_hp_gain":0,"max_hp_loss":0,"event_name":"Scrap Ooze","floor":4,"gold_loss":0},{"damage_healed":0,"gold_gain":0,"player_choice":"Bought 3 Potions","damage_taken":0,"max_hp_gain":0,"max_hp_loss":0,"event_name":"The Woman in Blue","floor":5,"gold_loss":0},{"damage_healed":0,"gold_gain":0,"cards_transformed":["Strike_R"],"player_choice":"Transformed","damage_taken":0,"max_hp_gain":0,"max_hp_loss":0,"event_name":"Transmorgrifier","floor":19,"gold_loss":0,"cards_obtained":["Exhume"]},{"damage_healed":0,"gold_gain":0,"player_choice":"Upgraded","damage_taken":0,"max_hp_gain":0,"max_hp_loss":0,"event_name":"Upgrade Shrine","floor":28,"gold_loss":0,"cards_upgraded":["Clothesline"]}],"is_beta":false,"boss_relics":[{"not_picked":["Empty Cage","Tiny House"],"picked":"Ectoplasm"}],"items_purged_floors":[],"is_endless":false,"potions_floor_spawned":[2,8,11,13,14,22,29,31],"killed_by":"Automaton","ascension_level":18}