{"gold_per_floor":[112,112,112,112,130,164,164,174,197,207,207,382,396,430,430,526,526,540,540,555,161,161,190,209,209,235,260,273,233,233,248,248,349,349,360,360,376,326,336,336,347,363,363,386,3,3],"floor_reached":46,"playtime":3079,"items_purged":["Doubt","Consume","Static Discharge"],"score":757,"play_id":"f0caa1b8-a26a-49a6-aded-e26fa7b6d299","local_time":"20191017010959","is_ascension_mode":true,"campfire_choices":[{"floor":7,"key":"REST"},{"floor":11,"key":"REST"},{"floor":15,"key":"REST"},{"floor":25,"key":"REST"},{"data":"Defragment","floor":30,"key":"SMITH"},{"floor":32,"key":"REST"},{"data":"Rainbow","floor":40,"key":"SMITH"}],"neow_cost":"NONE","seed_source_timestamp":518342672297100,"circlet_count":0,"master_deck":["AscendersBane","Strike_B+1","Strike_B+1","Strike_B+1","Defend_B+1","Defend_B+1","Defend_B+1","Defend_B+1","Zap","Dualcast","Defragment+1","Ball Lightning","Defragment+1","Undo","Hologram","Glacier","Rainbow+1","Leap+1","Defragment+1","Chaos+1","Coolheaded","Cold Snap","Echo Form","Impatience","Chaos","Defragment+1","Glacier"],"relics":["Velvet Choker","Happy Flower","Regal Pillow","The Courier","Black Star","Potion Belt","MealTicket","Smiling Mask","Sundial","DataDisk","Art of War","PreservedInsect","Busted Crown","MawBank","Thread and Needle"],"potions_floor_usage":[6,16,20,27,27,33,44,44,46],"damage_taken":[{"damage":0,"enemies":"Small Slimes","floor":1,"turns":3},{"damage":7,"enemies":"2 Louse","floor":5,"turns":4},{"damage":38,"enemies":"Gremlin Nob","floor":6,"turns":4},{"damage":0,"enemies":"Cultist","floor":8,"turns":3},{"damage":3,"enemies":"2 Fungi Beasts","floor":10,"turns":3},{"damage":18,"enemies":"Exordium Thugs","floor":13,"turns":5},{"damage":12,"enemies":"Lagavulin","floor":14,"turns":5},{"damage":31,"enemies":"The Guardian","floor":16,"turns":10},{"damage":1,"enemies":"Chosen","floor":18,"turns":7},{"damage":25,"enemies":"3 Byrds","floor":20,"turns":5},{"damage":16,"enemies":"Slavers","floor":23,"turns":6},{"damage":0,"enemies":"Centurion and Healer","floor":24,"turns":8},{"damage":23,"enemies":"Gremlin Leader","floor":27,"turns":7},{"damage":0,"enemies":"Snecko","floor":28,"turns":5},{"damage":0,"enemies":"Cultist and Chosen","floor":31,"turns":7},{"damage":4,"enemies":"Automaton","floor":33,"turns":10},{"damage":17,"enemies":"3 Darklings","floor":35,"turns":9},{"damage":13,"enemies":"3 Shapes","floor":37,"turns":6},{"damage":5,"enemies":"Maw","floor":39,"turns":8},{"damage":4,"enemies":"Sphere and 2 Shapes","floor":41,"turns":7},{"damage":21,"enemies":"3 Darklings","floor":42,"turns":6},{"damage":26,"enemies":"Transient","floor":44,"turns":5},{"damage":34,"enemies":"Reptomancer","floor":46,"turns":2}],"seed_played":"-727039828010279443","potions_obtained":[{"floor":1,"key":"FearPotion"},{"floor":4,"key":"Energy Potion"},{"floor":6,"key":"PowerPotion"},{"floor":18,"key":"Explosive Potion"},{"floor":23,"key":"Poison Potion"},{"floor":31,"key":"FocusPotion"},{"floor":33,"key":"Explosive Potion"},{"floor":35,"key":"Regen Potion"},{"floor":37,"key":"GamblersBrew"}],"is_trial":false,"path_per_floor":["M","?","?","?","M","E","R","M","T","M","R","?","M","E","R","B",null,"M","?","M","$","?","E","M","R","T","E","M","?","R","M","R","B",null,"M","?","M","$","M","R","M","M","T","M","$","E"],"character_chosen":"DEFECT","items_purchased":["Potion Belt","MealTicket","Static Discharge","Glacier","Thread and Needle","PowerPotion"],"campfire_rested":5,"item_purchase_floors":[21,21,21,45,45,45],"current_hp_per_floor":[68,53,53,53,46,8,30,30,30,27,64,64,46,34,71,40,66,65,65,40,40,40,24,24,61,61,38,38,38,38,38,75,71,74,57,57,44,59,54,54,50,29,29,18,33,0],"gold":3,"neow_bonus":"BOSS_RELIC","is_prod":false,"is_daily":false,"chose_seed":false,"campfire_upgraded":2,"win_rate":0,"timestamp":1571267399,"path_taken":["M","?","?","?","M","E","R","M","T","?","R","?","M","E","R","BOSS","M","?","?","$","?","E","M","R","T","E","M","?","R","?","R","BOSS","M","?","M","$","?","R","M","M","T","M","$","E"],"build_version":"2019-07-17","purchased_purges":3,"victory":false,"max_hp_per_floor":[75,75,75,75,75,75,75,75,75,75,75,75,75,75,75,75,75,75,75,75,75,75,75,75,75,75,75,75,75,75,75,75,75,75,75,75,75,75,75,75,75,75,75,75,75,75],"card_choices":[{"not_picked":["Conserve Battery","Sweeping Beam"],"picked":"Defragment","floor":1},{"not_picked":["Conserve Battery","Beam Cell"],"picked":"Ball Lightning","floor":5},{"not_picked":["Hologram","Stack"],"picked":"Consume","floor":6},{"not_picked":["Barrage","Recycle"],"picked":"Defragment","floor":8},{"not_picked":["Turbo","Melter"],"picked":"Undo","floor":10},{"not_picked":["Beam Cell","Aggregate"],"picked":"Hologram","floor":13},{"not_picked":["Go for the Eyes","Aggregate"],"picked":"Glacier","floor":14},{"not_picked":["Reboot","Hyperbeam"],"picked":"Rainbow","floor":16},{"not_picked":["Turbo","Barrage"],"picked":"Leap+1","floor":18},{"not_picked":["Steam","Beam Cell","Gash"],"picked":"SKIP","floor":20},{"not_picked":["Gash","Amplify"],"picked":"Defragment","floor":23},{"not_picked":["Leap+1","Hello World+1"],"picked":"Chaos+1","floor":24},{"not_picked":["Hologram+1","Cold Snap"],"picked":"Coolheaded","floor":27},{"not_picked":["Scrape+1","Beam Cell+1","Steam+1"],"picked":"SKIP","floor":28},{"not_picked":["Beam Cell+1","Turbo"],"picked":"Cold Snap","floor":31},{"not_picked":["Core Surge","Machine Learning"],"picked":"Echo Form","floor":33},{"not_picked":["Streamline+1"],"picked":"SKIP","floor":35},{"not_picked":["Hello World+1"],"picked":"SKIP","floor":37},{"not_picked":["Coolheaded"],"picked":"SKIP","floor":39},{"not_picked":[],"picked":"Defragment+1","floor":41},{"not_picked":["Gash+1"],"picked":"SKIP","floor":42},{"not_picked":["Storm"],"picked":"SKIP","floor":44}],"player_experience":375632,"relics_obtained":[{"floor":6,"key":"Happy Flower"},{"floor":9,"key":"Regal Pillow"},{"floor":14,"key":"The Courier"},{"floor":23,"key":"Smiling Mask"},{"floor":23,"key":"Sundial"},{"floor":26,"key":"DataDisk"},{"floor":27,"key":"Art of War"},{"floor":27,"key":"PreservedInsect"},{"floor":43,"key":"MawBank"}],"event_choices":[{"damage_healed":0,"gold_gain":0,"player_choice":"Entered Light","damage_taken":15,"max_hp_gain":0,"max_hp_loss":0,"event_name":"Shining Light","floor":2,"gold_loss":0,"cards_upgraded":["Defragment","Defend_B"]},{"damage_healed":0,"gold_gain":0,"player_choice":"Ignored","damage_taken":0,"max_hp_gain":0,"max_hp_loss":0,"event_name":"Golden Idol","floor":3,"gold_loss":0},{"damage_healed":0,"gold_gain":0,"player_choice":"Got Potions","damage_taken":0,"max_hp_gain":0,"max_hp_loss":0,"event_name":"Lab","floor":4,"gold_loss":0},{"damage_healed":0,"gold_gain":175,"player_choice":"AGREE","damage_taken":0,"max_hp_gain":0,"max_hp_loss":0,"event_name":"Liars Game","floor":12,"gold_loss":0,"cards_obtained":["Doubt"]},{"cards_removed":["Strike_B"],"damage_healed":0,"gold_gain":0,"player_choice":"Purged","damage_taken":0,"max_hp_gain":0,"max_hp_loss":0,"event_name":"Purifier","floor":19,"gold_loss":0},{"damage_healed":0,"gold_gain":0,"player_choice":"Simplicity","damage_taken":0,"max_hp_gain":0,"max_hp_loss":0,"event_name":"Back to Basics","floor":22,"gold_loss":0,"cards_upgraded":["Strike_B","Strike_B","Strike_B","Defend_B","Defend_B","Defend_B"]},{"damage_healed":0,"gold_gain":0,"player_choice":"Upgrade","damage_taken":0,"max_hp_gain":0,"max_hp_loss":0,"event_name":"Designer","floor":29,"gold_loss":40,"cards_upgraded":["Defragment"]},{"damage_healed":0,"gold_gain":0,"player_choice":"2 cards matched","damage_taken":0,"max_hp_gain":0,"max_hp_loss":0,"event_name":"Match and Keep!","floor":36,"gold_loss":0,"cards_obtained":["Impatience","Chaos"]}],"is_beta":false,"boss_relics":[{"not_picked":["Sozu","Runic Dome"],"picked":"Black Star"},{"not_picked":["Tiny House","Runic Pyramid"],"picked":"Busted Crown"}],"items_purged_floors":[21,38,45],"is_endless":false,"potions_floor_spawned":[1,6,13,18,23,31,33,35,37],"killed_by":"Reptomancer","ascension_level":11}