{"gold_per_floor":[116,116,135,153,170,198,198,229,255,255,30,43,63,39,39,39],"floor_reached":16,"playtime":785,"items_purged":["Strike_B"],"score":174,"play_id":"d9859f49-cd9b-49c9-9a3c-971c68a3b78c","local_time":"20191018080141","is_ascension_mode":true,"campfire_choices":[{"floor":7,"key":"REST"},{"floor":15,"key":"REST"}],"neow_cost":"PERCENT_DAMAGE","seed_source_timestamp":631738525719700,"circlet_count":0,"master_deck":["AscendersBane","Strike_B","Strike_B","Defend_B","Defend_B","Defend_B","Defend_B","Zap","Dualcast","Trip","Dark Shackles","Cold Snap","Genetic Algorithm","Chaos","Sunder","Compile Driver","Hologram"],"relics":["Cracked Core","Sundial","Omamori","Smiling Mask","Tiny Chest"],"potions_floor_usage":[6,16],"damage_taken":[{"damage":0,"enemies":"Small Slimes","floor":1,"turns":3},{"damage":0,"enemies":"Cultist","floor":3,"turns":3},{"damage":4,"enemies":"Jaw Worm","floor":4,"turns":4},{"damage":3,"enemies":"Looter","floor":5,"turns":3},{"damage":31,"enemies":"Gremlin Nob","floor":6,"turns":5},{"damage":33,"enemies":"Lagavulin","floor":8,"turns":6},{"damage":0,"enemies":"Large Slime","floor":12,"turns":3},{"damage":0,"enemies":"Blue Slaver","floor":13,"turns":2},{"damage":24,"enemies":"Hexaghost","floor":16,"turns":9}],"seed_played":"-5856749223793163677","potions_obtained":[{"floor":1,"key":"SkillPotion"},{"floor":6,"key":"Strength Potion"}],"is_trial":false,"path_per_floor":["M","?","M","M","M","E","R","E","T","?","$","M","M","?","R","B"],"character_chosen":"DEFECT","items_purchased":["Tiny Chest","Explosive Potion"],"campfire_rested":2,"item_purchase_floors":[11,11],"current_hp_per_floor":[50,50,50,46,43,12,34,1,1,1,1,1,1,1,23,0],"gold":39,"neow_bonus":"RANDOM_COLORLESS_2","is_prod":false,"is_daily":false,"chose_seed":false,"campfire_upgraded":0,"win_rate":0,"timestamp":1571378501,"path_taken":["M","?","M","M","?","E","R","E","T","?","$","M","M","?","R","BOSS"],"build_version":"2019-07-17","purchased_purges":1,"victory":false,"max_hp_per_floor":[75,75,75,75,75,75,75,75,75,75,75,75,75,75,75,75],"card_choices":[{"not_picked":["Tempest","Stack"],"picked":"Cold Snap","floor":1},{"not_picked":["Cold Snap","Conserve Battery"],"picked":"Genetic Algorithm","floor":3},{"not_picked":["Force Field","Hologram"],"picked":"Chaos","floor":4},{"not_picked":["Capacitor","Gash"],"picked":"Sunder","floor":5},{"not_picked":["Gash","Beam Cell"],"picked":"Compile Driver","floor":6},{"not_picked":["Storm","Gash","Heatsinks"],"picked":"SKIP","floor":8},{"not_picked":["Force Field","Fusion","Reprogram"],"picked":"SKIP","floor":12},{"not_picked":["Cold Snap","Compile Driver"],"picked":"Hologram","floor":13}],"player_experience":388966,"relics_obtained":[{"floor":6,"key":"Sundial"},{"floor":8,"key":"Omamori"},{"floor":9,"key":"Smiling Mask"}],"event_choices":[{"cards_removed":["Strike_B"],"damage_healed":0,"gold_gain":0,"player_choice":"Offered Basic","damage_taken":0,"max_hp_gain":0,"max_hp_loss":0,"event_name":"Bonfire Elementals","floor":2,"gold_loss":0},{"damage_healed":0,"gold_gain":0,"player_choice":"Ignored","damage_taken":0,"max_hp_gain":0,"max_hp_loss":0,"event_name":"Golden Idol","floor":10,"gold_loss":0},{"damage_healed":0,"gold_gain":0,"player_choice":"Left Gold","damage_taken":0,"max_hp_gain":0,"max_hp_loss":0,"event_name":"World of Goop","floor":14,"gold_loss":24}],"is_beta":false,"boss_relics":[],"items_purged_floors":[11],"is_endless":false,"potions_floor_spawned":[1,6,13],"killed_by":"Hexaghost","ascension_level":11}