{"gold_per_floor":[112,130,205,221,221,252,252,268,268,295,295,355,370,390,390,465,465,479,479,489,151,151,151,151,177,204,233,148,175,2,31,31,31],"floor_reached":33,"playtime":990,"items_purged":["Searing Blow"],"score":757,"play_id":"25793900-0d91-40ea-9814-4e85fc121b75","local_time":"20191014173243","is_ascension_mode":true,"campfire_choices":[{"data":"Perfected Strike","floor":7.0,"key":"SMITH"},{"data":"Immolate","floor":11.0,"key":"SMITH"},{"data":"Disarm","floor":15.0,"key":"SMITH"},{"data":"Offering","floor":23.0,"key":"SMITH"},{"floor":32,"key":"DIG"}],"neow_cost":"NONE","seed_source_timestamp":346596575236500,"circlet_count":0,"master_deck":["AscendersBane","Strike_R","Strike_R","Strike_R","Strike_R","Defend_R","Defend_R","Defend_R+1","Defend_R","Bash","Wild Strike","Perfected Strike+1","Pommel Strike","Pommel Strike","Immolate+1","Ghostly Armor","Battle Trance+1","Disarm+1","Offering+1","Evolve","Pommel Strike","Perfected Strike+1"],"special_seed":0,"relics":["Burning Blood","Singing Bowl","Self Forming Clay","Red Skull","Tiny Chest","SlaversCollar","Ice Cream","Matryoshka","Bag of Preparation","War Paint","StrikeDummy","Strawberry","Anchor","Question Card","Champion Belt","Shovel","DollysMirror","MealTicket","Orichalcum"],"potions_floor_usage":[25,29,31],"damage_taken":[{"damage":4.0,"enemies":"Jaw Worm","floor":1.0,"turns":4.0},{"damage":0.0,"enemies":"2 Louse","floor":2.0,"turns":2.0},{"damage":1.0,"enemies":"Cultist","floor":4.0,"turns":3.0},{"damage":32.0,"enemies":"Gremlin Nob","floor":6.0,"turns":4.0},{"damage":5.0,"enemies":"Gremlin Gang","floor":8.0,"turns":4.0},{"damage":7.0,"enemies":"3 Sentries","floor":10.0,"turns":6.0},{"damage":8.0,"enemies":"Gremlin Nob","floor":12.0,"turns":3.0},{"damage":9.0,"enemies":"Red Slaver","floor":13.0,"turns":2.0},{"damage":6.0,"enemies":"Looter","floor":14.0,"turns":3.0},{"damage":37.0,"enemies":"Hexaghost","floor":16.0,"turns":10.0},{"damage":25.0,"enemies":"3 Byrds","floor":18.0,"turns":6.0},{"damage":6.0,"enemies":"Chosen","floor":20.0,"turns":3.0},{"damage":12,"enemies":"Slavers","floor":25,"turns":5},{"damage":0,"enemies":"Gremlin Leader","floor":27,"turns":3},{"damage":7,"enemies":"Slavers","floor":29,"turns":4},{"damage":12,"enemies":"Book of Stabbing","floor":31,"turns":4},{"damage":67,"enemies":"Champ","floor":33,"turns":12}],"seed_played":"-2435560485492285932","potions_obtained":[{"floor":1.0,"key":"EssenceOfSteel"},{"floor":8.0,"key":"Explosive Potion"},{"floor":18.0,"key":"AttackPotion"},{"floor":20.0,"key":"LiquidBronze"},{"floor":27,"key":"Regen Potion"}],"is_trial":false,"path_per_floor":["M","M","?","M","?","E","R","M","T","E","R","E","M","M","R","B",null,"M","T","M","$","T","R","?","E","T","E","?","E","$","E","R","B"],"character_chosen":"IRONCLAD","items_purchased":["Matryoshka","DollysMirror"],"campfire_rested":0,"item_purchase_floors":[21,30],"current_hp_per_floor":[70,75,64,69,69,43,43,44,44,45,45,43,42,42,42,11,62,45,45,47,47,47,47,47,41,48,56,56,69,69,65,65,0],"gold":31,"neow_bonus":"THREE_CARDS","is_prod":false,"is_daily":false,"chose_seed":false,"campfire_upgraded":4,"win_rate":0,"timestamp":1571099563,"path_taken":["M","M","?","M","?","E","R","M","T","E","R","E","M","M","R","BOSS","M","?","?","$","?","R","?","E","T","E","?","E","$","E","R","BOSS"],"build_version":"2019-10-14","purchased_purges":1,"victory":false,"max_hp_per_floor":[75,75,75,75,75,75,75,75,75,77,77,77,79,79,79,79,79,81,81,83,83,83,83,83,83,90,92,92,94,94,96,96,96],"card_choices":[{"not_picked":["Sword Boomerang","Cleave"],"picked":"Wild Strike","floor":0.0},{"not_picked":["Whirlwind","Perfected Strike","Sword Boomerang"],"picked":"SKIP","floor":1.0},{"not_picked":["Whirlwind","Sword Boomerang"],"picked":"Perfected Strike","floor":1.0},{"not_picked":["Wild Strike","Clothesline"],"picked":"Pommel Strike","floor":2.0},{"not_picked":["Metallicize","Thunderclap"],"picked":"Pommel Strike","floor":4.0},{"not_picked":["Infernal Blade","Spot Weakness"],"picked":"Immolate","floor":6.0},{"not_picked":["Cleave","Rupture"],"picked":"Ghostly Armor","floor":8.0},{"not_picked":["Headbutt","Hemokinesis","Clash"],"picked":"Singing Bowl","floor":10.0},{"not_picked":["Shrug It Off","Rupture"],"picked":"Battle Trance","floor":12.0},{"not_picked":["Fire Breathing","Dual Wield","Second Wind"],"picked":"Singing Bowl","floor":13.0},{"not_picked":["Warcry","Sword Boomerang"],"picked":"Disarm","floor":14.0},{"not_picked":["Feed","Juggernaut"],"picked":"Offering","floor":16.0},{"not_picked":["Clothesline","Armaments","Flex"],"picked":"Singing Bowl","floor":18.0},{"not_picked":["Heavy Blade","Searing Blow","Pommel Strike"],"picked":"Singing Bowl","floor":20.0},{"not_picked":["Flex","Rage"],"picked":"Pommel Strike","floor":25},{"not_picked":["Dark Embrace","Pummel","Thunderclap"],"picked":"Singing Bowl","floor":27},{"not_picked":["Iron Wave+1","Combust+1","Heavy Blade","Cleave"],"picked":"Singing Bowl","floor":29},{"not_picked":["Whirlwind","Flex","Cleave","Juggernaut"],"picked":"Singing Bowl","floor":31}],"player_experience":1572631,"relics_obtained":[{"floor":6.0,"key":"Singing Bowl"},{"floor":9.0,"key":"Self Forming Clay"},{"floor":10.0,"key":"Red Skull"},{"floor":12.0,"key":"Tiny Chest"},{"floor":19.0,"key":"Ice Cream"},{"floor":22.0,"key":"Bag of Preparation"},{"floor":22.0,"key":"War Paint"},{"floor":25,"key":"StrikeDummy"},{"floor":26,"key":"Strawberry"},{"floor":26,"key":"Anchor"},{"floor":27,"key":"Question Card"},{"floor":29,"key":"Shovel"},{"floor":31,"key":"MealTicket"},{"floor":32,"key":"Orichalcum"}],"event_choices":[{"damage_healed":0.0,"max_hp_gain":0.0,"max_hp_loss":0.0,"gold_gain":75.0,"event_name":"World of Goop","player_choice":"Gather Gold","floor":3.0,"gold_loss":0.0,"damage_taken":11.0},{"damage_healed":0.0,"max_hp_gain":0.0,"max_hp_loss":0.0,"gold_gain":0.0,"cards_transformed":["Strike_R"],"event_name":"Transmorgrifier","player_choice":"Transformed","floor":5.0,"gold_loss":0.0,"damage_taken":0.0,"cards_obtained":["Searing Blow"]},{"damage_healed":0.0,"max_hp_gain":0.0,"max_hp_loss":0.0,"gold_gain":0.0,"event_name":"The Library","player_choice":"Read","floor":24.0,"gold_loss":0.0,"damage_taken":0.0,"cards_obtained":["Evolve"]},{"damage_healed":0,"gold_gain":0,"player_choice":"Obtained Relic","damage_taken":0,"relics_obtained":["Champion Belt"],"max_hp_gain":0,"max_hp_loss":0,"event_name":"Addict","floor":28,"gold_loss":85}],"is_beta":true,"boss_relics":[{"not_picked":["Astrolabe","Empty Cage"],"picked":"SlaversCollar"}],"items_purged_floors":[21],"is_endless":false,"potions_floor_spawned":[1,8,18,20,27],"killed_by":"Champ","ascension_level":20}