{"gold_per_floor":[12,28,48,63,63,63,63,93,141,200,228,228,245,245,245,320,320,333,343,101,120,120,120,154,154,179,179,197,211,230,249,249,322,322,339,339,354,373,42,75,75,103,115,127,173,135,25,44,44,44,44],"floor_reached":52,"playtime":2707,"items_purged":["Strike_R","Strike_R+1","Strike_R+1"],"score":2044,"play_id":"81b3bd0c-14ed-453c-b86f-49aff92c0aa0","local_time":"20191005111651","is_ascension_mode":true,"campfire_choices":[{"data":"Carnage","floor":6,"key":"SMITH"},{"data":"Anger","floor":12,"key":"SMITH"},{"data":"Bash","floor":15,"key":"SMITH"},{"data":"Juggernaut","floor":23,"key":"SMITH"},{"floor":32,"key":"REST"},{"floor":41,"key":"REST"},{"floor":44,"key":"REST"},{"data":"Juggernaut","floor":49,"key":"SMITH"}],"neow_cost":"NO_GOLD","seed_source_timestamp":41334873894700,"circlet_count":0,"master_deck":["AscendersBane","Strike_R+1","Defend_R+1","Defend_R+1","Defend_R+1","Defend_R+1","Bash+1","Anger+1","Clothesline+1","Carnage+1","Shrug It Off","Power Through","Second Wind","Juggernaut+1","Headbutt+1","Offering","Shrug It Off","Shrug It Off","Juggernaut+1","Feel No Pain","Body Slam+1","Burning Pact+1"],"relics":["Burning Blood","Mango","Regal Pillow","Anchor","Pantograph","Mummified Hand","PreservedInsect","Sozu","Champion Belt","Smiling Mask","Nilry\u0027s Codex","Runic Cube","Self Forming Clay","Lantern","MawBank","Pear","Whetstone"],"potions_floor_usage":[10,16,21],"damage_taken":[{"damage":13,"enemies":"Jaw Worm","floor":1,"turns":6},{"damage":4,"enemies":"Small Slimes","floor":2,"turns":4},{"damage":0,"enemies":"2 Louse","floor":3,"turns":3},{"damage":8,"enemies":"Exordium Wildlife","floor":4,"turns":4},{"damage":24,"enemies":"Lagavulin","floor":8,"turns":6},{"damage":22,"enemies":"3 Sentries","floor":10,"turns":6},{"damage":6,"enemies":"Gremlin Nob","floor":11,"turns":3},{"damage":0,"enemies":"Blue Slaver","floor":13,"turns":3},{"damage":0,"enemies":"Slime Boss","floor":16,"turns":5},{"damage":0,"enemies":"Chosen","floor":18,"turns":3},{"damage":34,"enemies":"2 Thieves","floor":19,"turns":4},{"damage":13,"enemies":"Snecko","floor":21,"turns":5},{"damage":21,"enemies":"Book of Stabbing","floor":24,"turns":5},{"damage":4,"enemies":"Centurion and Healer","floor":28,"turns":7},{"damage":14,"enemies":"Shelled Parasite and Fungi","floor":29,"turns":4},{"damage":4,"enemies":"Chosen and Byrds","floor":30,"turns":5},{"damage":8,"enemies":"3 Cultists","floor":31,"turns":3},{"damage":59,"enemies":"Champ","floor":33,"turns":24},{"damage":2,"enemies":"Orb Walker","floor":35,"turns":2},{"damage":7,"enemies":"3 Shapes","floor":37,"turns":5},{"damage":29,"enemies":"Spire Growth","floor":38,"turns":6},{"damage":86,"enemies":"Reptomancer","floor":40,"turns":7},{"damage":31,"enemies":"Giant Head","floor":42,"turns":6},{"damage":37,"enemies":"Reptomancer","floor":45,"turns":4},{"damage":6,"enemies":"4 Shapes","floor":48,"turns":4},{"damage":32,"enemies":"Donu and Deca","floor":50,"turns":8},{"damage":34,"enemies":"Time Eater","floor":51,"turns":9}],"seed_played":"6077546497713735868","potions_obtained":[{"floor":2,"key":"Explosive Potion"},{"floor":8,"key":"PowerPotion"},{"floor":11,"key":"AttackPotion"},{"floor":16,"key":"FairyPotion"}],"is_trial":false,"path_per_floor":["M","M","M","M","?","R","?","E","T","?","E","R","M","T","R","B",null,"M","M","$","M","?","R","E","?","T","?","M","M","M","M","R","B",null,"M","?","M","M","$","E","R","E","T","R","E","$","?","M","R","B","B",null],"character_chosen":"IRONCLAD","items_purchased":["Offering","Self Forming Clay"],"campfire_rested":3,"item_purchase_floors":[20,39],"current_hp_per_floor":[75,77,83,81,81,81,81,63,63,47,47,47,53,53,53,84,88,89,61,61,54,54,54,39,39,39,18,20,12,14,12,53,25,73,77,77,76,53,53,16,57,32,42,86,55,55,55,55,55,54,51],"gold":44,"neow_bonus":"ONE_RARE_RELIC","is_prod":false,"is_daily":false,"chose_seed":false,"campfire_upgraded":5,"win_rate":0,"timestamp":1570299411,"path_taken":["M","M","M","M","?","R","?","E","T","?","E","R","M","?","R","BOSS","M","M","$","M","?","R","E","?","T","?","M","M","M","?","R","BOSS","M","?","M","M","$","E","R","E","T","R","E","$","?","M","R","BOSS","BOSS"],"build_version":"2019-10-04","purchased_purges":3,"victory":true,"max_hp_per_floor":[89,89,89,89,89,89,89,89,89,89,89,89,89,89,89,89,89,89,89,89,89,89,89,89,89,89,89,89,89,89,89,89,89,89,89,89,89,89,89,89,89,89,99,99,99,99,99,99,99,99,99],"card_choices":[{"not_picked":["Searing Blow","Cleave"],"picked":"Anger","floor":1},{"not_picked":["Body Slam","Armaments"],"picked":"Clothesline","floor":2},{"not_picked":["Armaments","Pommel Strike"],"picked":"Carnage","floor":3},{"not_picked":["Heavy Blade","Fire Breathing"],"picked":"Shrug It Off","floor":4},{"not_picked":["Barricade","Wild Strike","Bloodletting"],"picked":"SKIP","floor":8},{"not_picked":["Rampage","Blood for Blood"],"picked":"Power Through","floor":10},{"not_picked":["Armaments","Headbutt"],"picked":"Second Wind","floor":11},{"not_picked":["Havoc","Entrench","Anger"],"picked":"SKIP","floor":13},{"not_picked":["Exhume","Brutality"],"picked":"Juggernaut","floor":16},{"not_picked":["Searing Blow","Clothesline"],"picked":"Headbutt+1","floor":18},{"not_picked":["Cleave","Warcry","Havoc"],"picked":"SKIP","floor":19},{"not_picked":["Blood for Blood","Anger","Berserk"],"picked":"SKIP","floor":21},{"not_picked":["Thunderclap","Iron Wave","Pommel Strike+1"],"picked":"SKIP","floor":24},{"not_picked":["Ghostly Armor+1","Body Slam"],"picked":"Shrug It Off","floor":28},{"not_picked":["Perfected Strike+1","Heavy Blade","Entrench"],"picked":"SKIP","floor":29},{"not_picked":["Havoc","Anger"],"picked":"Shrug It Off","floor":30},{"not_picked":["Clothesline","Clash","Iron Wave"],"picked":"SKIP","floor":31},{"not_picked":["Bludgeon","Double Tap"],"picked":"Juggernaut","floor":33},{"not_picked":["Twin Strike","Body Slam+1"],"picked":"Feel No Pain","floor":35},{"not_picked":["Hemokinesis","Wild Strike+1"],"picked":"Body Slam","floor":37},{"not_picked":["Iron Wave","Wild Strike+1","Armaments"],"picked":"SKIP","floor":38},{"not_picked":["Rampage","Wild Strike","Clash+1"],"picked":"SKIP","floor":40},{"not_picked":["Clothesline","Cleave"],"picked":"Burning Pact","floor":42},{"not_picked":["Cleave","Body Slam","Armaments+1"],"picked":"SKIP","floor":45},{"not_picked":["Iron Wave+1","Sever Soul+1","Bludgeon"],"picked":"SKIP","floor":48}],"player_experience":1258987,"relics_obtained":[{"floor":8,"key":"Regal Pillow"},{"floor":9,"key":"Anchor"},{"floor":10,"key":"Pantograph"},{"floor":11,"key":"Mummified Hand"},{"floor":14,"key":"PreservedInsect"},{"floor":24,"key":"Champion Belt"},{"floor":26,"key":"Smiling Mask"},{"floor":27,"key":"Nilry\u0027s Codex"},{"floor":40,"key":"Lantern"},{"floor":42,"key":"MawBank"},{"floor":43,"key":"Pear"},{"floor":45,"key":"Whetstone"}],"event_choices":[{"damage_healed":0,"gold_gain":0,"player_choice":"Leave","damage_taken":0,"max_hp_gain":0,"max_hp_loss":0,"event_name":"The Cleric","floor":5,"gold_loss":0},{"damage_healed":0,"gold_gain":0,"player_choice":"Grow","damage_taken":0,"max_hp_gain":0,"max_hp_loss":0,"event_name":"Living Wall","floor":7,"gold_loss":0,"cards_upgraded":["Clothesline"]},{"damage_healed":0,"gold_gain":30,"player_choice":"Searched \u00273\u0027 times","damage_taken":0,"max_hp_gain":0,"max_hp_loss":0,"event_name":"Dead Adventurer","floor":10,"gold_loss":0},{"damage_healed":0,"gold_gain":0,"player_choice":"Simplicity","damage_taken":0,"max_hp_gain":0,"max_hp_loss":0,"event_name":"Back to Basics","floor":22,"gold_loss":0,"cards_upgraded":["Strike_R","Strike_R","Strike_R","Strike_R","Defend_R","Defend_R","Defend_R","Defend_R"]},{"damage_healed":0,"gold_gain":0,"player_choice":"Ignored","damage_taken":0,"max_hp_gain":0,"max_hp_loss":0,"event_name":"Vampires","floor":25,"gold_loss":0},{"damage_healed":0,"gold_gain":0,"player_choice":"Obtained Book","damage_taken":21,"max_hp_gain":0,"max_hp_loss":0,"event_name":"Cursed Tome","floor":27,"gold_loss":0},{"damage_healed":0,"gold_gain":0,"player_choice":"Ignored","damage_taken":0,"max_hp_gain":0,"max_hp_loss":0,"event_name":"Tomb of Lord Red Mask","floor":36,"gold_loss":0},{"cards_removed":["Strike_R"],"damage_healed":0,"gold_gain":0,"player_choice":"Upgrade and Remove","damage_taken":0,"max_hp_gain":0,"max_hp_loss":0,"event_name":"Designer","floor":47,"gold_loss":110,"cards_upgraded":["Burning Pact"]}],"is_beta":true,"boss_relics":[{"not_picked":["Coffee Dripper","Empty Cage"],"picked":"Sozu"},{"not_picked":["SacredBark","Tiny House"],"picked":"Runic Cube"}],"items_purged_floors":[20,39,46],"is_endless":false,"potions_floor_spawned":[2,8,11,13,16,18,28,30,37,45],"ascension_level":20}