{"gold_per_floor":[119,137,137,153,171,171,202,218,268,268,268,286,286,46,46,122,122,133,145,145,420,434,434,444,444,468,468,500,131,164,164,164,242,242,261,271,109,109,123,123,123,123,149,149,167,167,187,0,0,0,0],"floor_reached":52,"playtime":2827,"items_purged":["Regret"],"score":1780,"play_id":"46f2df54-b7cb-483a-bdb8-7ce1e6843120","local_time":"20190929011135","is_ascension_mode":true,"campfire_choices":[{"data":"Inflame","floor":6.0,"key":"SMITH"},{"data":"Whirlwind","floor":10.0,"key":"SMITH"},{"data":"Demon Form","floor":15.0,"key":"SMITH"},{"data":"Corruption","floor":23.0,"key":"SMITH"},{"data":"Bash","floor":25.0,"key":"SMITH"},{"data":"Clothesline","floor":27.0,"key":"SMITH"},{"data":"Evolve","floor":32.0,"key":"SMITH"},{"data":"Defend_R","floor":40,"key":"SMITH"},{"data":"Defend_R","floor":42,"key":"SMITH"},{"floor":46,"key":"REST"},{"floor":49,"key":"REST"}],"neow_cost":"NONE","seed_source_timestamp":0,"circlet_count":0,"master_deck":["AscendersBane","Strike_R","Strike_R","Strike_R","Strike_R","Defend_R+1","Defend_R+1","Defend_R+1","Bash+1","Clothesline+1","True Grit+1","Power Through+1","Inflame+1","Whirlwind+1","Demon Form+1","Reaper","Battle Trance+1","Exhume+1","J.A.X.+1","Corruption+1","Ghostly Armor+1","Evolve+1","True Grit+1","Reaper","Impervious+1","Burning Pact+1","Sentinel+1","Madness+1","Madness+1","Shockwave+1"],"special_seed":0,"relics":["Burning Blood","Centennial Puzzle","Bag of Preparation","Toxic Egg 2","Mark of Pain","Vajra","Bag of Marbles","Pear","Oddly Smooth Stone","Mummified Hand","Busted Crown","Red Skull","War Paint","Red Mask"],"potions_floor_usage":[45,51,51],"damage_taken":[{"damage":2.0,"enemies":"Cultist","floor":1.0,"turns":4.0},{"damage":4.0,"enemies":"2 Louse","floor":2.0,"turns":3.0},{"damage":8.0,"enemies":"Small Slimes","floor":4.0,"turns":4.0},{"damage":26.0,"enemies":"Exordium Wildlife","floor":5.0,"turns":7.0},{"damage":26.0,"enemies":"3 Sentries","floor":7.0,"turns":10.0},{"damage":4.0,"enemies":"Large Slime","floor":8.0,"turns":6.0},{"damage":6.0,"enemies":"Lots of Slimes","floor":12.0,"turns":3.0},{"damage":25.0,"enemies":"Hexaghost","floor":16.0,"turns":7.0},{"damage":45.0,"enemies":"Shell Parasite","floor":18.0,"turns":6.0},{"damage":22.0,"enemies":"Spheric Guardian","floor":19.0,"turns":4.0},{"damage":10.0,"enemies":"Cultist and Chosen","floor":22.0,"turns":7.0},{"damage":24.0,"enemies":"Snake Plant","floor":24.0,"turns":4.0},{"damage":35.0,"enemies":"Book of Stabbing","floor":28.0,"turns":5.0},{"damage":3.0,"enemies":"Slavers","floor":30.0,"turns":1.0},{"damage":73.0,"enemies":"Champ","floor":33.0,"turns":10.0},{"damage":20,"enemies":"Orb Walker","floor":35,"turns":5},{"damage":14,"enemies":"3 Shapes","floor":36,"turns":2},{"damage":29,"enemies":"Transient","floor":39,"turns":6},{"damage":26,"enemies":"Spire Growth","floor":45,"turns":6},{"damage":64,"enemies":"Sphere and 2 Shapes","floor":47,"turns":5},{"damage":85,"enemies":"Awakened One","floor":50,"turns":13},{"damage":28,"enemies":"Donu and Deca","floor":51,"turns":7}],"seed_played":"-5809415579817679045","potions_obtained":[{"floor":2.0,"key":"Poison Potion"},{"floor":5.0,"key":"EssenceOfSteel"},{"floor":8.0,"key":"SteroidPotion"},{"floor":16.0,"key":"Swift Potion"},{"floor":19.0,"key":"Block Potion"},{"floor":24.0,"key":"Dexterity Potion"},{"floor":28.0,"key":"Strength Potion"},{"floor":35,"key":"Energy Potion"},{"floor":39,"key":"Swift Potion"},{"floor":47,"key":"Weak Potion"}],"is_trial":false,"path_per_floor":["M","M","?","M","M","R","E","M","T","R","?","M","?","$","R","B",null,"M","M","?","?","M","R","M","R","T","R","E","$","E","?","R","B",null,"M","M","$","?","M","R","?","R","T","?","M","R","M","?","R","B","B",null],"character_chosen":"IRONCLAD","items_purchased":["Reaper","Battle Trance+1","True Grit+1","Pear","Red Skull"],"campfire_rested":2,"item_purchase_floors":[14,14,29,29,37],"current_hp_per_floor":[79,81,81,79,59,59,39,41,41,41,36,36,41,41,41,22,71,69,53,53,53,61,61,67,67,67,67,38,48,51,51,51,26,79,77,74,74,74,89,89,72,72,72,72,52,81,73,73,97,97,77],"gold":0,"neow_bonus":"TEN_PERCENT_HP_BONUS","is_prod":false,"is_daily":false,"chose_seed":false,"campfire_upgraded":9,"win_rate":0,"timestamp":1569744695,"path_taken":["M","M","?","M","M","R","E","M","T","R","?","M","?","$","R","BOSS","M","M","?","?","?","R","M","R","T","R","E","$","E","?","R","BOSS","M","M","$","?","M","R","?","R","T","?","M","R","?","?","R","BOSS","BOSS"],"build_version":"2019-07-17","purchased_purges":1,"victory":true,"max_hp_per_floor":[82,82,82,82,82,82,82,82,82,82,82,82,87,87,87,87,87,87,87,87,87,87,87,87,87,87,87,87,97,97,97,97,97,97,97,97,97,97,97,97,97,97,97,97,97,97,97,97,97,97,97],"card_choices":[{"not_picked":["Anger","Blood for Blood"],"picked":"Clothesline","floor":1.0},{"not_picked":["Thunderclap","Cleave"],"picked":"True Grit","floor":2.0},{"not_picked":["Clothesline","Dual Wield"],"picked":"Power Through","floor":4.0},{"not_picked":["Combust","Havoc"],"picked":"Inflame","floor":5.0},{"not_picked":["Uppercut","Anger"],"picked":"Whirlwind","floor":7.0},{"not_picked":["Clothesline","Heavy Blade","Clash"],"picked":"SKIP","floor":8.0},{"not_picked":["Thunderclap","Rage+1"],"picked":"Demon Form","floor":12.0},{"not_picked":["Offering+1","Reaper"],"picked":"Exhume+1","floor":16.0},{"not_picked":["Whirlwind","Infernal Blade+1","Hemokinesis"],"picked":"SKIP","floor":18.0},{"not_picked":["Cleave+1","Dropkick","Uppercut"],"picked":"SKIP","floor":19.0},{"not_picked":["Warcry+1","Thunderclap+1"],"picked":"Corruption","floor":22.0},{"not_picked":["Havoc+1","Rupture"],"picked":"Ghostly Armor+1","floor":24.0},{"not_picked":["Wild Strike+1","Combust"],"picked":"Evolve","floor":28.0},{"not_picked":["Armaments+1","Havoc+1"],"picked":"Reaper","floor":30.0},{"not_picked":["Offering+1","Demon Form"],"picked":"Impervious+1","floor":33.0},{"not_picked":["Iron Wave"],"picked":"SKIP","floor":35},{"not_picked":[],"picked":"Burning Pact+1","floor":36},{"not_picked":[],"picked":"Sentinel+1","floor":39},{"not_picked":["Headbutt+1"],"picked":"SKIP","floor":45},{"not_picked":[],"picked":"Shockwave+1","floor":47}],"player_experience":364837,"relics_obtained":[{"floor":7.0,"key":"Centennial Puzzle"},{"floor":9.0,"key":"Bag of Preparation"},{"floor":26.0,"key":"Vajra"},{"floor":28.0,"key":"Bag of Marbles"},{"floor":30.0,"key":"Oddly Smooth Stone"},{"floor":43,"key":"War Paint"}],"event_choices":[{"damage_healed":0.0,"max_hp_gain":0.0,"max_hp_loss":0.0,"gold_gain":0.0,"event_name":"Living Wall","player_choice":"Grow","floor":3.0,"gold_loss":0.0,"damage_taken":0.0,"cards_upgraded":["True Grit"]},{"damage_healed":0.0,"max_hp_gain":0.0,"max_hp_loss":0.0,"gold_gain":0.0,"event_name":"Scrap Ooze","player_choice":"Success","floor":11.0,"gold_loss":0.0,"damage_taken":5.0,"relics_obtained":["Toxic Egg 2"]},{"damage_healed":0.0,"max_hp_gain":5.0,"max_hp_loss":0.0,"gold_gain":0.0,"event_name":"Big Fish","player_choice":"Donut","floor":13.0,"gold_loss":0.0,"damage_taken":0.0},{"damage_healed":0.0,"max_hp_gain":0.0,"max_hp_loss":0.0,"gold_gain":0.0,"event_name":"Drug Dealer","player_choice":"Obtain J.A.X.","floor":20.0,"gold_loss":0.0,"damage_taken":0.0,"cards_obtained":["J.A.X."]},{"damage_healed":0.0,"max_hp_gain":0.0,"max_hp_loss":0.0,"gold_gain":275.0,"event_name":"Golden Shrine","player_choice":"Desecrate","floor":21.0,"gold_loss":0.0,"damage_taken":0.0,"cards_obtained":["Regret"]},{"damage_healed":0.0,"max_hp_gain":0.0,"max_hp_loss":0.0,"gold_gain":0.0,"event_name":"WeMeetAgain","player_choice":"Gave Potion","floor":31.0,"gold_loss":0.0,"damage_taken":0.0,"relics_obtained":["Mummified Hand"]},{"cards_removed":["Strike_R"],"damage_healed":0,"gold_gain":0,"player_choice":"Removed Attack","damage_taken":0,"max_hp_gain":0,"max_hp_loss":0,"event_name":"Falling","floor":38,"gold_loss":0},{"damage_healed":0,"gold_gain":0,"player_choice":"Embrace Madness","damage_taken":17,"max_hp_gain":0,"max_hp_loss":0,"event_name":"Winding Halls","floor":41,"gold_loss":0,"cards_obtained":["Madness","Madness"]},{"cards_removed":["Defend_R"],"damage_healed":0,"gold_gain":0,"player_choice":"Purged","damage_taken":0,"max_hp_gain":0,"max_hp_loss":0,"event_name":"Purifier","floor":44,"gold_loss":0},{"damage_healed":0,"gold_gain":0,"player_choice":"Paid","damage_taken":0,"relics_obtained":["Red Mask"],"max_hp_gain":0,"max_hp_loss":0,"event_name":"Tomb of Lord Red Mask","floor":48,"gold_loss":187}],"is_beta":false,"boss_relics":[{"not_picked":["Black Star","Runic Pyramid"],"picked":"Mark of Pain"},{"not_picked":["Sozu","Snecko Eye"],"picked":"Busted Crown"}],"items_purged_floors":[29],"is_endless":false,"potions_floor_spawned":[2,5,8,16,19,24,28,35,39,47],"ascension_level":20}