{"gold_per_floor":[109,31,45,65,140,140,155,169,246,246,246,246,263,287,287,287],"floor_reached":16,"playtime":897,"items_purged":[],"score":110,"play_id":"649c05ee-3508-4b04-acf5-d966079f501c","local_time":"20191017072942","is_ascension_mode":true,"campfire_choices":[{"floor":6,"key":"RECALL"},{"floor":12,"key":"REST"},{"floor":15,"key":"REST"}],"neow_cost":"NONE","seed_source_timestamp":2706876604141255,"circlet_count":0,"master_deck":["Strike_G","Strike_G","Strike_G","Strike_G","Strike_G","Defend_G","Defend_G","Defend_G","Defend_G","Defend_G","Survivor","Neutralize","Expertise","Infinite Blades","Dodge and Roll","Unload","Deflect","Blur","Crippling Poison"],"relics":["Fusion Hammer","Gremlin Horn","FossilizedHelix","TungstenRod","Strawberry"],"potions_floor_usage":[16],"damage_taken":[{"damage":9,"enemies":"Cultist","floor":1,"turns":5},{"damage":2,"enemies":"Jaw Worm","floor":3,"turns":4},{"damage":3,"enemies":"2 Louse","floor":4,"turns":4},{"damage":11,"enemies":"Large Slime","floor":7,"turns":5},{"damage":8,"enemies":"Gremlin Gang","floor":8,"turns":5},{"damage":0,"enemies":"Blue Slaver","floor":13,"turns":4},{"damage":79,"enemies":"Hexaghost","floor":16,"turns":16}],"seed_played":"-7687182296776635845","potions_obtained":[{"floor":1,"key":"SkillPotion"},{"floor":4,"key":"GhostInAJar"},{"floor":8,"key":"FearPotion"}],"is_trial":false,"path_per_floor":["M","$","M","M","?","R","M","M","T","?","?","R","M","T","R","B"],"character_chosen":"THE_SILENT","items_purchased":["Infinite Blades"],"campfire_rested":2,"item_purchase_floors":[2],"current_hp_per_floor":[61,61,59,56,45,45,34,26,26,23,23,44,44,51,74,0],"gold":287,"neow_bonus":"BOSS_RELIC","is_prod":false,"is_daily":false,"chose_seed":false,"campfire_upgraded":0,"win_rate":0,"timestamp":1571293782,"path_taken":["M","?","M","?","?","R","M","M","T","?","?","R","?","?","R","BOSS"],"build_version":"2019-09-09v2","purchased_purges":0,"victory":false,"max_hp_per_floor":[70,70,70,70,70,70,70,70,70,70,70,70,70,77,77,77],"card_choices":[{"not_picked":["Flechettes","Quick Slash"],"picked":"Expertise","floor":1},{"not_picked":["Masterful Stab","Sucker Punch"],"picked":"Dodge and Roll","floor":3},{"not_picked":["Caltrops","Blade Dance"],"picked":"Unload","floor":4},{"not_picked":["Blade Dance","Outmaneuver"],"picked":"Deflect","floor":7},{"not_picked":["Endless Agony","Prepared"],"picked":"Blur","floor":8},{"not_picked":["Unload","Endless Agony"],"picked":"Crippling Poison","floor":13}],"player_experience":241148,"relics_obtained":[{"floor":9,"key":"Gremlin Horn"},{"floor":14,"key":"Strawberry"}],"event_choices":[{"damage_healed":0,"gold_gain":75,"player_choice":"Gather Gold","damage_taken":11,"max_hp_gain":0,"max_hp_loss":0,"event_name":"World of Goop","floor":5,"gold_loss":0},{"damage_healed":0,"gold_gain":0,"player_choice":"Success","damage_taken":3,"relics_obtained":["FossilizedHelix"],"max_hp_gain":0,"max_hp_loss":0,"event_name":"Scrap Ooze","floor":10,"gold_loss":0},{"damage_healed":0,"gold_gain":0,"player_choice":"Gave Potion","damage_taken":0,"relics_obtained":["TungstenRod"],"max_hp_gain":0,"max_hp_loss":0,"event_name":"WeMeetAgain","floor":11,"gold_loss":0}],"is_beta":true,"boss_relics":[],"items_purged_floors":[],"is_endless":false,"potions_floor_spawned":[1,4,8],"killed_by":"Hexaghost","ascension_level":4}