{"gold_per_floor":[119,134,134,145,163,163,174,191,191,206,217,167,167,242,242,341,341,357,357,272,28,47,47,80,80,105,122,122],"floor_reached":28,"playtime":2036,"items_purged":[],"score":334,"play_id":"cb087cfa-74a9-4bc9-9e1e-1e4fe46b6dfe","local_time":"20190701191604","is_ascension_mode":true,"campfire_choices":[{"data":"Neutralize","floor":6.0,"key":"SMITH"},{"floor":13.0,"key":"REST"},{"floor":15.0,"key":"REST"},{"floor":23,"key":"REST"}],"neow_cost":"NONE","seed_source_timestamp":553954036738834,"circlet_count":0,"master_deck":["Defend_G","Defend_G","Defend_G","Defend_G","Defend_G","Strike_G","Strike_G","Strike_G","Survivor","Neutralize+1","Noxious Fumes","Envenom","Leg Sweep","PiercingWail+1","Corpse Explosion","Deadly Poison+1","Mayhem","Calculated Gamble+1","Acrobatics"],"special_seed":0,"relics":["HoveringKite","Bottled Lightning","Black Star","Pear","The Specimen","Sundial","Art of War"],"potions_floor_usage":[24,27,28],"damage_taken":[{"damage":1.0,"enemies":"2 Louse","floor":1.0,"turns":5.0},{"damage":3.0,"enemies":"Cultist","floor":2.0,"turns":4.0},{"damage":8.0,"enemies":"Small Slimes","floor":4.0,"turns":5.0},{"damage":22.0,"enemies":"3 Louse","floor":5.0,"turns":6.0},{"damage":18.0,"enemies":"2 Fungi Beasts","floor":7.0,"turns":6.0},{"damage":5.0,"enemies":"Red Slaver","floor":8.0,"turns":5.0},{"damage":5.0,"enemies":"Exordium Wildlife","floor":10.0,"turns":8.0},{"damage":0.0,"enemies":"Blue Slaver","floor":11.0,"turns":5.0},{"damage":20.0,"enemies":"The Guardian","floor":16.0,"turns":14.0},{"damage":8.0,"enemies":"3 Byrds","floor":18.0,"turns":5.0},{"damage":27,"enemies":"Spheric Guardian","floor":22,"turns":6},{"damage":44,"enemies":"Gremlin Leader","floor":24,"turns":10},{"damage":10,"enemies":"Chosen and Byrds","floor":27,"turns":6},{"damage":20,"enemies":"Book of Stabbing","floor":28,"turns":5}],"seed_played":"-7576578340747451433","potions_obtained":[{"floor":4.0,"key":"Regen Potion"},{"floor":10.0,"key":"EssenceOfSteel"},{"floor":11.0,"key":"Strength Potion"},{"floor":24,"key":"SpeedPotion"},{"floor":27,"key":"Regen Potion"}],"is_trial":false,"path_per_floor":["M","M","?","M","M","R","M","M","T","M","M","?","R","?","R","B",null,"M","?","?","$","M","R","E","?","T","M","E"],"character_chosen":"THE_SILENT","items_purchased":["Mayhem","Swift Potion"],"campfire_rested":3,"item_purchase_floors":[21,21],"current_hp_per_floor":[62,59,59,51,29,29,26,21,21,16,16,16,37,26,47,27,59,51,51,61,61,34,58,14,14,14,4,0],"gold":122,"neow_bonus":"BOSS_RELIC","is_prod":false,"is_daily":false,"chose_seed":false,"campfire_upgraded":1,"win_rate":0,"timestamp":1562033764,"path_taken":["M","M","?","M","?","R","M","M","T","M","M","?","R","?","R","BOSS","M","?","?","$","M","R","E","?","T","?","E"],"build_version":"2019-01-23","purchased_purges":0,"victory":false,"max_hp_per_floor":[70,70,70,70,70,70,70,70,70,70,70,70,70,70,70,70,70,70,70,80,80,80,80,80,80,80,80,80],"card_choices":[{"not_picked":["PiercingWail","Quick Slash"],"picked":"Noxious Fumes","floor":1.0},{"not_picked":["Underhanded Strike","Outmaneuver","Masterful Stab"],"picked":"SKIP","floor":2.0},{"not_picked":["Terror","Outmaneuver","Dagger Throw"],"picked":"SKIP","floor":4.0},{"not_picked":["Bane","Masterful Stab"],"picked":"Envenom","floor":5.0},{"not_picked":["Caltrops","Dodge and Roll"],"picked":"Leg Sweep","floor":7.0},{"not_picked":["Distraction","Flechettes","Accuracy"],"picked":"SKIP","floor":8.0},{"not_picked":["Underhanded Strike","Blade Dance"],"picked":"PiercingWail","floor":10.0},{"not_picked":["Quick Slash","Deflect","Flying Knee"],"picked":"SKIP","floor":11.0},{"not_picked":["Wraith Form v2","Die Die Die"],"picked":"Corpse Explosion","floor":16.0},{"not_picked":["Acrobatics","Dagger Spray"],"picked":"Deadly Poison+1","floor":18.0},{"not_picked":["Slice+1","Cloak And Dagger"],"picked":"Calculated Gamble+1","floor":22},{"not_picked":["Cloak And Dagger","Bane"],"picked":"Acrobatics","floor":24},{"not_picked":["Dagger Throw","Accuracy+1","Prepared"],"picked":"SKIP","floor":27}],"player_experience":103471,"relics_obtained":[{"floor":9.0,"key":"Bottled Lightning"},{"floor":24,"key":"The Specimen"},{"floor":24,"key":"Sundial"},{"floor":26,"key":"Art of War"}],"event_choices":[{"cards_removed":["Strike_G"],"damage_healed":0.0,"max_hp_gain":0.0,"max_hp_loss":0.0,"gold_gain":0.0,"event_name":"Purifier","player_choice":"Purged","floor":3.0,"gold_loss":0.0,"damage_taken":0.0},{"cards_removed":["Strike_G"],"damage_healed":0.0,"max_hp_gain":0.0,"max_hp_loss":0.0,"gold_gain":0.0,"event_name":"The Cleric","player_choice":"Card Removal","floor":12.0,"gold_loss":50.0,"damage_taken":0.0},{"damage_healed":0.0,"max_hp_gain":0.0,"max_hp_loss":0.0,"gold_gain":75.0,"event_name":"World of Goop","player_choice":"Gather Gold","floor":14.0,"gold_loss":0.0,"damage_taken":11.0},{"damage_healed":0.0,"max_hp_gain":0.0,"max_hp_loss":0.0,"gold_gain":0.0,"event_name":"Cursed Tome","player_choice":"Ignored","floor":19.0,"gold_loss":0.0,"damage_taken":0.0},{"damage_healed":0.0,"max_hp_gain":0.0,"max_hp_loss":0.0,"gold_gain":0.0,"event_name":"Addict","player_choice":"Obtained Relic","floor":20.0,"gold_loss":85.0,"damage_taken":0.0,"relics_obtained":["Pear"]},{"damage_healed":0,"gold_gain":0,"player_choice":"Forge","damage_taken":0,"max_hp_gain":0,"max_hp_loss":0,"event_name":"Accursed Blacksmith","floor":25,"gold_loss":0,"cards_upgraded":["PiercingWail"]}],"is_beta":false,"boss_relics":[{"not_picked":["Snecko Eye","Sozu"],"picked":"Black Star"}],"items_purged_floors":[],"is_endless":false,"potions_floor_spawned":[4,10,11,24,27],"killed_by":"Book of Stabbing","ascension_level":6}