{"gold_per_floor":[117,131,150,26,26,55,55,66,66,66,14,14,114,127,127,225,225,243,255,51,65,77,108,108,108],"floor_reached":25,"playtime":1128,"items_purged":["Strike_R"],"score":335,"play_id":"275ed397-c8cd-4ec0-8abd-762acd0fa83c","local_time":"20190927221216","is_ascension_mode":true,"campfire_choices":[{"data":"Bash","floor":7,"key":"SMITH"},{"data":"Spot Weakness","floor":15,"key":"SMITH"}],"neow_cost":"NONE","seed_source_timestamp":655719075219300,"circlet_count":0,"master_deck":["AscendersBane","Strike_R","Strike_R","Defend_R","Defend_R","Defend_R","Defend_R","Bash+1","Cleave","Clothesline","Shrug It Off","Shrug It Off","Spot Weakness+1","Rampage","Twin Strike","Pommel Strike","Twin Strike","Immolate","Inflame+1","Pommel Strike+1","Corruption","Shrug It Off","Metallicize+1","Perfected Strike","Sever Soul"],"relics":["Burning Blood","Regal Pillow","Bronze Scales","Self Forming Clay","Vajra","Omamori","Runic Cube","Du-Vu Doll"],"potions_floor_usage":[6,16,22,23,23],"damage_taken":[{"damage":1,"enemies":"Cultist","floor":1,"turns":3},{"damage":6,"enemies":"2 Louse","floor":2,"turns":2},{"damage":5,"enemies":"Jaw Worm","floor":3,"turns":4},{"damage":16,"enemies":"3 Sentries","floor":6,"turns":5},{"damage":3,"enemies":"Looter","floor":8,"turns":4},{"damage":2,"enemies":"2 Fungi Beasts","floor":14,"turns":3},{"damage":33,"enemies":"Slime Boss","floor":16,"turns":9},{"damage":11,"enemies":"Chosen","floor":18,"turns":4},{"damage":11,"enemies":"Spheric Guardian","floor":19,"turns":3},{"damage":28,"enemies":"Cultist and Chosen","floor":21,"turns":6},{"damage":33,"enemies":"Snake Plant","floor":22,"turns":4},{"damage":30,"enemies":"Gremlin Leader","floor":23,"turns":5},{"damage":20,"enemies":"Centurion and Healer","floor":25,"turns":2}],"seed_played":"-6531749047697029950","potions_obtained":[{"floor":1,"key":"AttackPotion"},{"floor":6,"key":"Block Potion"},{"floor":16,"key":"BloodPotion"},{"floor":18,"key":"AttackPotion"},{"floor":22,"key":"Energy Potion"}],"is_trial":false,"path_per_floor":["M","M","M","$","T","E","R","M","T","?","$","T","?","M","R","B",null,"M","M","$","M","M","E","?","M"],"character_chosen":"IRONCLAD","items_purchased":["Shrug It Off","Spot Weakness","Pommel Strike","Corruption","Shrug It Off"],"campfire_rested":0,"item_purchase_floors":[4,4,11,20,20],"current_hp_per_floor":[77,77,78,78,78,68,68,71,71,64,64,64,64,68,68,41,70,65,60,60,38,31,7,7,0],"gold":108,"neow_bonus":"RANDOM_COMMON_RELIC","is_prod":false,"is_daily":false,"chose_seed":false,"campfire_upgraded":2,"win_rate":0,"timestamp":1569615136,"path_taken":["M","M","?","?","?","E","R","M","T","?","?","?","?","M","R","BOSS","M","?","$","M","?","E","?","?"],"build_version":"2019-07-17","purchased_purges":1,"victory":false,"max_hp_per_floor":[80,80,80,80,80,80,80,80,80,80,80,80,80,80,80,80,80,80,80,80,80,80,80,80,80],"card_choices":[{"not_picked":["Reckless Charge","Heavy Blade"],"picked":"Cleave","floor":1},{"not_picked":["Hemokinesis","Armaments"],"picked":"Clothesline","floor":2},{"not_picked":["Perfected Strike","Uppercut"],"picked":"Shrug It Off","floor":3},{"not_picked":["Second Wind","Intimidate"],"picked":"Rampage","floor":6},{"not_picked":["Armaments","Thunderclap"],"picked":"Twin Strike","floor":8},{"not_picked":["Reckless Charge","Havoc"],"picked":"Twin Strike","floor":14},{"not_picked":["Dark Embrace","Exhume"],"picked":"Immolate","floor":16},{"not_picked":["Intimidate","Clash"],"picked":"Inflame+1","floor":18},{"not_picked":["Wild Strike","Armaments"],"picked":"Pommel Strike+1","floor":19},{"not_picked":["Inflame","Body Slam"],"picked":"Metallicize+1","floor":21},{"not_picked":["Clothesline","Reckless Charge+1","Thunderclap+1"],"picked":"SKIP","floor":22},{"not_picked":["Anger","Cleave"],"picked":"Perfected Strike","floor":23}],"player_experience":265283,"relics_obtained":[{"floor":5,"key":"Bronze Scales"},{"floor":6,"key":"Self Forming Clay"},{"floor":9,"key":"Vajra"},{"floor":12,"key":"Omamori"},{"floor":23,"key":"Du-Vu Doll"}],"event_choices":[{"cards_removed":["Strike_R"],"damage_healed":0,"gold_gain":0,"player_choice":"Card Removal","damage_taken":7,"max_hp_gain":0,"max_hp_loss":0,"event_name":"Golden Wing","floor":10,"gold_loss":0},{"damage_healed":0,"gold_gain":100,"player_choice":"Pray","damage_taken":0,"max_hp_gain":0,"max_hp_loss":0,"event_name":"Golden Shrine","floor":13,"gold_loss":0},{"damage_healed":0,"gold_gain":0,"cards_transformed":["Strike_R"],"player_choice":"Transformed","damage_taken":0,"max_hp_gain":0,"max_hp_loss":0,"event_name":"Transmorgrifier","floor":24,"gold_loss":0,"cards_obtained":["Sever Soul"]}],"is_beta":false,"boss_relics":[{"not_picked":["White Beast Statue","Runic Pyramid"],"picked":"Runic Cube"}],"items_purged_floors":[20],"is_endless":false,"potions_floor_spawned":[1,6,16,18,22],"killed_by":"Centurion and Healer","ascension_level":10}