{"gold_per_floor":[217,217,227,238,208,208,238,238,238,238,263,263,274,300,300,401,401,420,420,437,453,368,368],"floor_reached":23,"playtime":1066,"items_purged":[],"score":261,"play_id":"80168100-1d34-498e-9170-c586475faba5","local_time":"20190904200757","is_ascension_mode":true,"campfire_choices":[{"data":"Bash","floor":6.0,"key":"SMITH"},{"data":"Demon Form","floor":8.0,"key":"SMITH"},{"floor":10.0,"key":"REST"},{"data":"Defend_R","floor":12.0,"key":"SMITH"},{"floor":15.0,"key":"REST"}],"neow_cost":"NONE","seed_source_timestamp":7996662944423,"circlet_count":0,"master_deck":["Strike_R+1","Strike_R+1","Strike_R+1","Strike_R+1","Strike_R+1","Defend_R+1","Defend_R+1","Defend_R+1","Defend_R+1","Bash+1","Headbutt","Headbutt","Demon Form+1","Heavy Blade","Shrug It Off"],"special_seed":0,"relics":["Burning Blood","Ornamental Fan","Nunchaku","Centennial Puzzle","Ancient Tea Set","Fusion Hammer","Matryoshka"],"potions_floor_usage":[],"damage_taken":[{"damage":4.0,"enemies":"2 Louse","floor":1.0,"turns":4.0},{"damage":3.0,"enemies":"Jaw Worm","floor":3.0,"turns":4.0},{"damage":1.0,"enemies":"Cultist","floor":4.0,"turns":3.0},{"damage":21.0,"enemies":"3 Sentries","floor":7.0,"turns":6.0},{"damage":28.0,"enemies":"Gremlin Nob","floor":11.0,"turns":4.0},{"damage":5.0,"enemies":"Blue Slaver","floor":13.0,"turns":4.0},{"damage":19.0,"enemies":"3 Sentries","floor":14.0,"turns":6.0},{"damage":16.0,"enemies":"Slime Boss","floor":16.0,"turns":7.0},{"damage":18.0,"enemies":"2 Thieves","floor":18.0,"turns":4.0},{"damage":15.0,"enemies":"3 Byrds","floor":20.0,"turns":5.0},{"damage":10.0,"enemies":"Shelled Parasite and Fungi","floor":21.0,"turns":6.0},{"damage":52,"enemies":"Slavers","floor":23,"turns":3}],"seed_played":"-8624775692381516006","potions_obtained":[{"floor":5.0,"key":"SkillPotion"},{"floor":5.0,"key":"Explosive Potion"},{"floor":11.0,"key":"FearPotion"},{"floor":16.0,"key":"SneckoOil"},{"floor":18.0,"key":"GamblersBrew"}],"is_trial":false,"path_per_floor":["M","?","M","M","?","R","E","R","T","R","E","R","M","E","R","B",null,"M","?","M","M","?","E"],"character_chosen":"IRONCLAD","items_purchased":[],"campfire_rested":2,"item_purchase_floors":[],"current_hp_per_floor":[80,64,67,72,72,72,57,57,57,80,58,58,59,46,70,60,75,63,63,54,50,50,0],"gold":368,"neow_bonus":"HUNDRED_GOLD","is_prod":false,"is_daily":false,"chose_seed":false,"campfire_upgraded":3,"win_rate":0,"timestamp":1567652877,"path_taken":["M","?","M","M","?","R","E","R","T","R","E","R","?","E","R","BOSS","M","?","M","M","?","E"],"build_version":"2019-07-17","purchased_purges":0,"victory":false,"max_hp_per_floor":[80,80,80,80,80,80,80,80,80,80,80,80,80,80,80,80,80,80,80,80,80,80,80],"card_choices":[{"not_picked":["Havoc","Heavy Blade"],"picked":"Headbutt","floor":1.0},{"not_picked":["Thunderclap","Wild Strike"],"picked":"Headbutt","floor":3.0},{"not_picked":["Clothesline","Clash","Rage"],"picked":"SKIP","floor":4.0},{"not_picked":["Heavy Blade","Body Slam"],"picked":"Demon Form","floor":7.0},{"not_picked":["Seeing Red","Thunderclap","Corruption"],"picked":"SKIP","floor":11.0},{"not_picked":["Entrench","Clothesline","True Grit"],"picked":"SKIP","floor":13.0},{"not_picked":["True Grit","Disarm"],"picked":"Heavy Blade","floor":14.0},{"not_picked":["Clash","Rampage","Headbutt"],"picked":"SKIP","floor":18.0},{"not_picked":["True Grit","Blood for Blood","Cleave"],"picked":"SKIP","floor":20.0},{"not_picked":["Iron Wave","Wild Strike"],"picked":"Shrug It Off","floor":21.0}],"player_experience":256509,"relics_obtained":[{"floor":7.0,"key":"Ornamental Fan"},{"floor":9.0,"key":"Nunchaku"},{"floor":11.0,"key":"Centennial Puzzle"},{"floor":14.0,"key":"Ancient Tea Set"}],"event_choices":[{"damage_healed":0.0,"max_hp_gain":0.0,"max_hp_loss":0.0,"gold_gain":0.0,"event_name":"Shining Light","player_choice":"Entered Light","floor":2.0,"gold_loss":0.0,"damage_taken":16.0,"cards_upgraded":["Strike_R","Strike_R"]},{"damage_healed":0.0,"max_hp_gain":0.0,"max_hp_loss":0.0,"gold_gain":0.0,"event_name":"The Woman in Blue","player_choice":"Bought 2 Potions","floor":5.0,"gold_loss":0.0,"damage_taken":0.0},{"damage_healed":0.0,"max_hp_gain":0.0,"max_hp_loss":0.0,"gold_gain":0.0,"event_name":"Back to Basics","player_choice":"Simplicity","floor":19.0,"gold_loss":0.0,"damage_taken":0.0,"cards_upgraded":["Strike_R","Strike_R","Strike_R","Defend_R","Defend_R","Defend_R"]},{"damage_healed":0.0,"max_hp_gain":0.0,"max_hp_loss":0.0,"gold_gain":0.0,"event_name":"Addict","player_choice":"Obtained Relic","floor":22.0,"gold_loss":85.0,"damage_taken":0.0,"relics_obtained":["Matryoshka"]}],"is_beta":false,"boss_relics":[{"not_picked":["Astrolabe","Lizard Tail"],"picked":"Fusion Hammer"}],"items_purged_floors":[],"is_endless":false,"potions_floor_spawned":[11,16,18],"killed_by":"Slavers","ascension_level":5}