{"gold_per_floor":[111,123,48,48,48,48,63,63,109,209,225,236,250,267,267,267],"floor_reached":16,"playtime":691,"items_purged":["Strike_B"],"score":103,"play_id":"fa9722d2-4902-4943-85a8-7a6b46446890","local_time":"20190913221646","is_ascension_mode":true,"campfire_choices":[{"data":"Heatsinks","floor":6,"key":"SMITH"},{"data":"Zap","floor":8,"key":"SMITH"},{"data":"Leap","floor":15,"key":"SMITH"}],"neow_cost":"NONE","seed_source_timestamp":124360927034700,"circlet_count":0,"master_deck":["Strike_B","Strike_B","Strike_B","Defend_B","Defend_B","Defend_B","Zap+1","Dualcast+1","Heatsinks+1","FTL","Leap","Coolheaded","Ball Lightning","Steam Power","Leap+1"],"relics":["Cracked Core","Strawberry"],"potions_floor_usage":[11,16],"damage_taken":[{"damage":0,"enemies":"Cultist","floor":1,"turns":3},{"damage":3,"enemies":"2 Louse","floor":2,"turns":2},{"damage":2,"enemies":"Jaw Worm","floor":7,"turns":3},{"damage":16,"enemies":"Gremlin Gang","floor":11,"turns":4},{"damage":15,"enemies":"Exordium Thugs","floor":12,"turns":3},{"damage":0,"enemies":"Exordium Wildlife","floor":13,"turns":2},{"damage":0,"enemies":"2 Fungi Beasts","floor":14,"turns":2},{"damage":41,"enemies":"Hexaghost","floor":16,"turns":11}],"seed_played":"-2986758516340668944","potions_obtained":[{"floor":1,"key":"Poison Potion"},{"floor":13,"key":"FearPotion"}],"is_trial":false,"path_per_floor":["M","M","$","?","?","R","M","R","T","?","M","M","M","M","R","B"],"character_chosen":"DEFECT","items_purchased":[],"campfire_rested":0,"item_purchase_floors":[],"current_hp_per_floor":[75,72,72,65,65,65,63,63,70,70,54,39,39,39,39,0],"gold":267,"neow_bonus":"UPGRADE_CARD","is_prod":false,"is_daily":false,"chose_seed":false,"campfire_upgraded":3,"win_rate":0,"timestamp":1568405806,"path_taken":["M","?","$","?","?","R","M","R","T","?","M","?","M","M","R","BOSS"],"build_version":"2019-07-17","purchased_purges":1,"victory":false,"max_hp_per_floor":[75,75,75,75,75,75,75,75,82,82,82,82,82,82,82,82],"card_choices":[{"not_picked":["Storm","Self Repair"],"picked":"Heatsinks","floor":1},{"not_picked":["Cold Snap","Hologram"],"picked":"FTL","floor":2},{"not_picked":["Compile Driver","Hologram"],"picked":"Leap","floor":7},{"not_picked":["Streamline","Steam"],"picked":"Coolheaded","floor":11},{"not_picked":["Steam","Darkness"],"picked":"Ball Lightning","floor":12},{"not_picked":["Aggregate","Rebound"],"picked":"Steam Power","floor":13},{"not_picked":["Force Field","Sweeping Beam"],"picked":"Leap","floor":14}],"player_experience":100904,"relics_obtained":[{"floor":9,"key":"Strawberry"}],"event_choices":[{"cards_removed":["Defend_B"],"damage_healed":0,"gold_gain":0,"player_choice":"Card Removal","damage_taken":7,"max_hp_gain":0,"max_hp_loss":0,"event_name":"Golden Wing","floor":4,"gold_loss":0},{"damage_healed":0,"gold_gain":0,"player_choice":"Ignored","damage_taken":0,"max_hp_gain":0,"max_hp_loss":0,"event_name":"Liars Game","floor":5,"gold_loss":0},{"damage_healed":0,"gold_gain":100,"player_choice":"Gold","damage_taken":0,"max_hp_gain":0,"max_hp_loss":0,"event_name":"Wheel of Change","floor":10,"gold_loss":0}],"is_beta":false,"boss_relics":[],"items_purged_floors":[3],"is_endless":false,"potions_floor_spawned":[1,13],"killed_by":"Hexaghost","ascension_level":2}