{"gold_per_floor":[118,118,118,43,63,63,73,104,129,154,166,196,220,232,244,358,370,402,433,445,470,493,505,530,542,579,591,603,632,661,147,147,252,252,265,225,238,90,108,74,93,110,183,183,183,195,195,213,213,213],"floor_reached":50,"playtime":4719,"items_purged":["Defend_B","Strike_B"],"score":450,"play_id":"e7c8884b-9974-40f4-aa1f-feaf6a80f0f0","local_time":"20190911214701","is_ascension_mode":false,"campfire_choices":[{"data":"Dualcast","floor":6,"key":"SMITH"},{"data":"Zap","floor":11,"key":"SMITH"},{"floor":15,"key":"REST"},{"data":"Electrodynamics","floor":23,"key":"SMITH"},{"data":"Auto Shields","floor":25,"key":"SMITH"},{"data":"Defragment","floor":27,"key":"SMITH"},{"data":"Defragment","floor":32,"key":"SMITH"}],"neow_cost":"PERCENT_DAMAGE","seed_source_timestamp":66831614796900,"circlet_count":0,"master_deck":["Defend_B","Zap+1","Dualcast+1","Multi-Cast","Hologram+1","Consume+1","Cold Snap","Beam Cell+1","Coolheaded+1","Ball Lightning","Auto Shields+1","Sunder+1","Electrodynamics+1","Defragment+1","Steam","Iron Wave","Conserve Battery","Skim","Rebound+1","Hologram","Multi-Cast","Defragment+1","Reboot","Machine Learning","Static Discharge","Stack+1","Lockon","Stack+1","Writhe","Electrodynamics+1","Steam Power"],"relics":["Cracked Core","Vajra","MawBank","Coffee Dripper","Anchor","PreservedInsect","Frozen Eye","Fusion Hammer","Strawberry","Question Card"],"potions_floor_usage":[16,22,24,33,50,50],"damage_taken":[{"damage":0,"enemies":"Cultist","floor":1,"turns":3},{"damage":6,"enemies":"2 Louse","floor":5,"turns":3},{"damage":8,"enemies":"Jaw Worm","floor":7,"turns":2},{"damage":14,"enemies":"Lagavulin","floor":8,"turns":7},{"damage":4,"enemies":"Blue Slaver","floor":10,"turns":4},{"damage":4,"enemies":"Red Slaver","floor":12,"turns":3},{"damage":1,"enemies":"3 Louse","floor":13,"turns":3},{"damage":10,"enemies":"Hexaghost","floor":16,"turns":9},{"damage":9,"enemies":"Shell Parasite","floor":18,"turns":4},{"damage":0,"enemies":"Spheric Guardian","floor":19,"turns":3},{"damage":0,"enemies":"Cultist and Chosen","floor":21,"turns":3},{"damage":28,"enemies":"Shelled Parasite and Fungi","floor":22,"turns":4},{"damage":0,"enemies":"3 Cultists","floor":24,"turns":4},{"damage":0,"enemies":"Snake Plant","floor":29,"turns":2},{"damage":0,"enemies":"Chosen and Byrds","floor":30,"turns":4},{"damage":24,"enemies":"Collector","floor":33,"turns":8},{"damage":0,"enemies":"3 Darklings","floor":35,"turns":2},{"damage":13,"enemies":"Orb Walker","floor":37,"turns":3},{"damage":0,"enemies":"4 Shapes","floor":39,"turns":1},{"damage":0,"enemies":"Maw","floor":41,"turns":6},{"damage":23,"enemies":"Jaw Worm Horde","floor":42,"turns":2},{"damage":0,"enemies":"4 Shapes","floor":46,"turns":2},{"damage":10,"enemies":"3 Darklings","floor":48,"turns":4},{"damage":74,"enemies":"Awakened One","floor":50,"turns":11}],"seed_played":"6658592212755028344","potions_obtained":[{"floor":1,"key":"Energy Potion"},{"floor":8,"key":"SteroidPotion"},{"floor":12,"key":"Swift Potion"},{"floor":16,"key":"Ancient Potion"},{"floor":24,"key":"FearPotion"},{"floor":29,"key":"Ancient Potion"},{"floor":33,"key":"Ancient Potion"},{"floor":35,"key":"EssenceOfSteel"},{"floor":46,"key":"FocusPotion"}],"is_trial":false,"path_per_floor":["M","?","?","$","M","R","M","E","T","M","R","M","M","?","R","B",null,"M","M","?","M","M","R","M","R","T","R","?","M","M","$","R","B",null,"M","?","M","$","M","$","M","M","T","?","R","M","?","M","R","B"],"character_chosen":"DEFECT","items_purchased":["Reboot","PreservedInsect","Frozen Eye","Strawberry","Lockon"],"campfire_rested":1,"item_purchase_floors":[31,31,31,38,40],"current_hp_per_floor":[54,59,59,59,53,53,45,31,31,27,27,23,22,6,30,20,80,71,71,71,71,43,43,43,43,43,43,43,43,43,43,43,19,80,80,80,67,74,74,74,74,51,51,73,73,73,73,63,63,0],"gold":213,"neow_bonus":"TRANSFORM_TWO_CARDS","is_prod":false,"is_daily":false,"chose_seed":false,"campfire_upgraded":6,"win_rate":0.0,"timestamp":1568231221,"path_taken":["M","?","?","$","M","R","M","E","T","M","R","M","?","?","R","BOSS","M","M","?","?","M","R","M","R","T","R","?","M","M","$","R","BOSS","M","?","M","$","?","$","M","M","T","?","R","M","?","M","R","BOSS"],"build_version":"2019-07-17","purchased_purges":2,"victory":false,"max_hp_per_floor":[75,80,80,80,80,80,80,80,80,80,80,80,80,80,80,80,80,80,80,80,80,80,80,80,80,80,80,80,80,80,80,80,80,80,80,80,80,87,87,87,87,87,87,87,87,87,87,87,87,87],"card_choices":[{"not_picked":["Ball Lightning","Hologram"],"picked":"Consume","floor":1},{"not_picked":["Fusion","Defragment"],"picked":"Cold Snap","floor":5},{"not_picked":["Reinforced Body","Self Repair"],"picked":"Beam Cell","floor":7},{"not_picked":["Rebound","Barrage"],"picked":"Coolheaded","floor":8},{"not_picked":["Steam","Barrage"],"picked":"Ball Lightning","floor":10},{"not_picked":["Melter","Cold Snap"],"picked":"Auto Shields","floor":12},{"not_picked":["Barrage","Sweeping Beam"],"picked":"Sunder","floor":13},{"not_picked":["Buffer","Multi-Cast"],"picked":"Electrodynamics","floor":16},{"not_picked":["Rebound","Beam Cell"],"picked":"Defragment","floor":18},{"not_picked":["Hologram","Gash+1"],"picked":"Steam","floor":19},{"not_picked":["FTL+1","Hologram"],"picked":"Conserve Battery","floor":21},{"not_picked":["Streamline","Ball Lightning"],"picked":"Skim","floor":22},{"not_picked":["Conserve Battery","Barrage"],"picked":"Rebound+1","floor":24},{"not_picked":["Compile Driver","All For One"],"picked":"Defragment","floor":29},{"not_picked":["Streamline","Steam","Barrage"],"picked":"SKIP","floor":30},{"not_picked":["Creative AI","Amplify"],"picked":"Machine Learning","floor":33},{"not_picked":["Go for the Eyes","Conserve Battery"],"picked":"Static Discharge","floor":35},{"not_picked":["Skim","Gash+1"],"picked":"Stack+1","floor":37},{"not_picked":["Gash+1","Compile Driver+1","Melter+1"],"picked":"SKIP","floor":39},{"not_picked":["Machine Learning","Beam Cell"],"picked":"Stack+1","floor":41},{"not_picked":["Hello World","Loop+1","Lockon+1"],"picked":"SKIP","floor":42},{"not_picked":["Streamline+1","Rebound","Cold Snap","Steam"],"picked":"SKIP","floor":46},{"not_picked":["Leap+1","Lockon","Cold Snap"],"picked":"Steam Power","floor":48}],"player_experience":44082,"relics_obtained":[{"floor":8,"key":"Vajra"},{"floor":9,"key":"MawBank"},{"floor":26,"key":"Anchor"},{"floor":43,"key":"Question Card"}],"event_choices":[{"damage_healed":0,"gold_gain":0,"player_choice":"Donut","damage_taken":0,"max_hp_gain":5,"max_hp_loss":0,"event_name":"Big Fish","floor":2,"gold_loss":0},{"damage_healed":0,"gold_gain":0,"player_choice":"Forge","damage_taken":0,"max_hp_gain":0,"max_hp_loss":0,"event_name":"Accursed Blacksmith","floor":3,"gold_loss":0,"cards_upgraded":["Consume"]},{"damage_healed":0,"gold_gain":0,"player_choice":"Entered Light","damage_taken":16,"max_hp_gain":0,"max_hp_loss":0,"event_name":"Shining Light","floor":14,"gold_loss":0,"cards_upgraded":["Sunder","Beam Cell"]},{"cards_removed":["Defend_B"],"damage_healed":0,"gold_gain":0,"player_choice":"Took Card","damage_taken":0,"max_hp_gain":0,"max_hp_loss":0,"event_name":"NoteForYourself","floor":20,"gold_loss":0,"cards_obtained":["Iron Wave"]},{"damage_healed":0,"gold_gain":0,"cards_transformed":["Strike_B","Defend_B"],"player_choice":"Became Test Subject","damage_taken":0,"max_hp_gain":0,"max_hp_loss":0,"event_name":"Drug Dealer","floor":28,"gold_loss":0,"cards_obtained":["Hologram","Multi-Cast"]},{"damage_healed":0,"gold_gain":0,"player_choice":"Upgraded Two","damage_taken":0,"max_hp_gain":0,"max_hp_loss":0,"event_name":"Designer","floor":36,"gold_loss":40,"cards_upgraded":["Coolheaded","Hologram"]},{"damage_healed":22,"gold_gain":0,"player_choice":"Writhe","damage_taken":0,"max_hp_gain":0,"max_hp_loss":0,"event_name":"Winding Halls","floor":44,"gold_loss":0,"cards_obtained":["Writhe"]},{"damage_healed":0,"gold_gain":0,"player_choice":"Copied","damage_taken":0,"max_hp_gain":0,"max_hp_loss":0,"event_name":"Duplicator","floor":47,"gold_loss":0,"cards_obtained":["Electrodynamics"]}],"is_beta":false,"boss_relics":[{"not_picked":["Calling Bell","White Beast Statue"],"picked":"Coffee Dripper"},{"not_picked":["Orrery","Philosopher\u0027s Stone"],"picked":"Fusion Hammer"}],"items_purged_floors":[4,31],"is_endless":false,"potions_floor_spawned":[1,8,12,16,19,24,29,33,35,46,48],"killed_by":"Awakened One","ascension_level":0}