{"gold_per_floor":[116,116,127,127,52,52,83,83,83,83,83,83,33,49,49,150,150,160,160,144,144,144,144,144,144,183,206,218,258,27,47,47,150,150,167,167,92,0,100,100,125,125,171,171,50,79,92,106,106,106,106,106,56,83,83],"floor_reached":55,"playtime":2187,"items_purged":["Defend_B","Static Discharge","Stack"],"score":822,"play_id":"4c911a62-39f0-43b2-9a04-1b790d0b484c","local_time":"20191016123314","is_ascension_mode":true,"campfire_choices":[{"data":"Zap","floor":6,"key":"SMITH"},{"data":"Defragment","floor":8,"key":"SMITH"},{"floor":10,"key":"DIG"},{"floor":15,"key":"DIG"},{"floor":23,"key":"DIG"},{"floor":25,"key":"DIG"},{"floor":28,"key":"DIG"},{"floor":32,"key":"REST"},{"floor":40,"key":"DIG"},{"floor":42,"key":"RECALL"},{"floor":49,"key":"DIG"},{"data":"Creative AI","floor":52,"key":"SMITH"}],"neow_cost":"NONE","seed_source_timestamp":2637397324806698,"circlet_count":0,"master_deck":["Strike_B+1","Zap+1","Dualcast","Steam","Defragment+1","Glacier+1","Steam","Seek","Storm+1","Skim","Capacitor","Defragment+1","Go for the Eyes","Capacitor","Panache","Redo","Creative AI+1","Beam Cell","Loop","Hologram","Steam+1","Panache","Defragment","Hello World","Heatsinks+1","Storm"],"relics":["SacredBark","Anchor","Strawberry","Shovel","Omamori","Ancient Tea Set","Runic Pyramid","Potion Belt","MawBank","FossilizedHelix","Letter Opener","Black Star","Red Mask","Mango","PreservedInsect","Bottled Flame","Dodecahedron","Smiling Mask","The Courier","Bag of Preparation","InkBottle","TungstenRod","Boot"],"potions_floor_usage":[7,33,39,50,54,55,55,55],"damage_taken":[{"damage":3,"enemies":"Jaw Worm","floor":1,"turns":4},{"damage":5,"enemies":"Cultist","floor":3,"turns":4},{"damage":15,"enemies":"Lagavulin","floor":7,"turns":6},{"damage":1,"enemies":"Small Slimes","floor":14,"turns":4},{"damage":11,"enemies":"Slime Boss","floor":16,"turns":16},{"damage":5,"enemies":"Shell Parasite","floor":18,"turns":11},{"damage":7,"enemies":"2 Thieves","floor":20,"turns":4},{"damage":17,"enemies":"Snake Plant","floor":27,"turns":3},{"damage":7,"enemies":"Gremlin Leader","floor":29,"turns":8},{"damage":0,"enemies":"Centurion and Healer","floor":31,"turns":5},{"damage":24,"enemies":"Automaton","floor":33,"turns":7},{"damage":0,"enemies":"Orb Walker","floor":35,"turns":3},{"damage":25,"enemies":"Mind Bloom Boss Battle","floor":39,"turns":6},{"damage":0,"enemies":"Giant Head","floor":41,"turns":6},{"damage":0,"enemies":"Reptomancer","floor":46,"turns":4},{"damage":0,"enemies":"3 Darklings","floor":47,"turns":3},{"damage":0,"enemies":"Maw","floor":48,"turns":6},{"damage":26,"enemies":"Time Eater","floor":50,"turns":8},{"damage":35,"enemies":"Shield and Spear","floor":54,"turns":3},{"damage":92,"enemies":"The Heart","floor":55,"turns":3}],"seed_played":"128871792924171519","potions_obtained":[{"floor":3,"key":"Poison Potion"},{"floor":7,"key":"GamblersBrew"},{"floor":16,"key":"Fire Potion"},{"floor":27,"key":"SteroidPotion"},{"floor":29,"key":"Poison Potion"},{"floor":33,"key":"PowerPotion"},{"floor":41,"key":"Swift Potion"},{"floor":48,"key":"Ancient Potion"}],"is_trial":false,"path_per_floor":["M","?","M","?","$","R","E","R","T","R","?","?","?","M","R","B",null,"M","?","M","?","?","R","?","R","T","M","R","E","$","M","R","B",null,"M","?","$","?","?","R","E","R","T","?","$","E","M","M","R","B",null,"R","$","E","B"],"character_chosen":"DEFECT","items_purchased":["Capacitor","Panache","Loop","Defragment"],"campfire_rested":1,"item_purchase_floors":[30,30,37,45],"current_hp_per_floor":[72,72,67,64,64,64,56,56,56,56,76,60,60,59,59,48,82,77,77,70,70,70,70,54,54,54,37,37,30,30,30,56,32,87,87,87,87,87,76,76,76,76,76,76,76,76,76,76,76,50,101,101,101,66,0],"gold":83,"neow_bonus":"BOSS_RELIC","is_prod":false,"is_daily":false,"chose_seed":false,"campfire_upgraded":3,"win_rate":0,"timestamp":1571225594,"path_taken":["M","?","?","?","$","R","E","R","T","R","?","?","?","?","R","BOSS","M","?","M","?","?","R","?","R","T","M","R","E","$","M","R","BOSS","M","?","?","?","?","R","E","R","T","?","?","E","M","M","R","BOSS","R","$","E","BOSS"],"build_version":"2019-09-09v2","purchased_purges":3,"victory":false,"max_hp_per_floor":[75,75,75,75,75,75,82,82,82,82,82,82,82,82,82,82,82,82,82,82,82,82,82,87,87,87,87,87,87,87,87,87,87,87,87,87,87,87,101,101,101,101,101,101,101,101,101,101,101,101,101,101,101,101,101],"card_choices":[{"not_picked":["Aggregate","Beam Cell"],"picked":"Steam","floor":1},{"not_picked":["Conserve Battery","Static Discharge"],"picked":"Defragment","floor":3},{"not_picked":["Rebound","Doom and Gloom"],"picked":"Glacier","floor":7},{"not_picked":["Cold Snap","Turbo"],"picked":"Steam","floor":14},{"not_picked":["Core Surge","Hyperbeam"],"picked":"Seek","floor":16},{"not_picked":["Ball Lightning","Streamline","Turbo"],"picked":"SKIP","floor":18},{"not_picked":["Reboot","Hologram"],"picked":"Storm+1","floor":20},{"not_picked":["Compile Driver","Go for the Eyes"],"picked":"Defragment+1","floor":27},{"not_picked":["Barrage","Gash"],"picked":"Go for the Eyes","floor":29},{"not_picked":["Double Energy+1","Conserve Battery+1"],"picked":"Redo","floor":31},{"not_picked":["Fission","Meteor Strike"],"picked":"Creative AI","floor":33},{"not_picked":["Sweeping Beam","Tempest","Chill"],"picked":"SKIP","floor":35},{"not_picked":["Blizzard+1","Hello World"],"picked":"Hologram","floor":39},{"not_picked":["Tempest+1","Sweeping Beam+1"],"picked":"Steam+1","floor":41},{"not_picked":["Bandage Up","Panacea"],"picked":"Panache","floor":44},{"not_picked":["Cold Snap","Sweeping Beam+1"],"picked":"Hello World","floor":46},{"not_picked":["Steam","Ball Lightning"],"picked":"Heatsinks+1","floor":47},{"not_picked":["Steam","Rip and Tear"],"picked":"Storm","floor":48},{"not_picked":["Self Repair+1","Rebound","Streamline+1"],"picked":"SKIP","floor":54}],"player_experience":238961,"relics_obtained":[{"floor":7,"key":"Strawberry"},{"floor":9,"key":"Shovel"},{"floor":10,"key":"Omamori"},{"floor":15,"key":"Ancient Tea Set"},{"floor":23,"key":"Potion Belt"},{"floor":25,"key":"MawBank"},{"floor":28,"key":"FossilizedHelix"},{"floor":29,"key":"Letter Opener"},{"floor":39,"key":"Mango"},{"floor":40,"key":"PreservedInsect"},{"floor":41,"key":"Bottled Flame"},{"floor":41,"key":"Dodecahedron"},{"floor":43,"key":"Smiling Mask"},{"floor":46,"key":"The Courier"},{"floor":46,"key":"Bag of Preparation"},{"floor":49,"key":"InkBottle"},{"floor":54,"key":"TungstenRod"},{"floor":54,"key":"Boot"}],"event_choices":[{"damage_healed":0,"gold_gain":0,"cards_transformed":["Strike_B"],"player_choice":"Transformed","damage_taken":0,"max_hp_gain":0,"max_hp_loss":0,"event_name":"Transmorgrifier","floor":2,"gold_loss":0,"cards_obtained":["Static Discharge"]},{"damage_healed":0,"gold_gain":0,"player_choice":"Success","damage_taken":3,"relics_obtained":["Anchor"],"max_hp_gain":0,"max_hp_loss":0,"event_name":"Scrap Ooze","floor":4,"gold_loss":0},{"damage_healed":20,"gold_gain":0,"player_choice":"Healed and dodged fight","damage_taken":0,"max_hp_gain":0,"max_hp_loss":0,"event_name":"Mushrooms","floor":11,"gold_loss":0,"cards_obtained":["Parasite"]},{"damage_healed":0,"gold_gain":0,"player_choice":"Entered Light","damage_taken":16,"max_hp_gain":0,"max_hp_loss":0,"event_name":"Shining Light","floor":12,"gold_loss":0,"cards_upgraded":["Strike_B","Glacier"]},{"cards_removed":["Strike_B"],"damage_healed":0,"gold_gain":0,"player_choice":"Card Removal","damage_taken":0,"max_hp_gain":0,"max_hp_loss":0,"event_name":"The Cleric","floor":13,"gold_loss":50},{"cards_removed":["Strike_B"],"damage_healed":0,"gold_gain":0,"player_choice":"Elegance","damage_taken":0,"max_hp_gain":0,"max_hp_loss":0,"event_name":"Back to Basics","floor":19,"gold_loss":0},{"damage_healed":0,"gold_gain":0,"player_choice":"Read","damage_taken":0,"max_hp_gain":0,"max_hp_loss":0,"event_name":"The Library","floor":21,"gold_loss":0,"cards_obtained":["Skim"]},{"damage_healed":0,"gold_gain":0,"cards_transformed":["Defend_B","Defend_B"],"player_choice":"Became Test Subject","damage_taken":0,"max_hp_gain":0,"max_hp_loss":0,"event_name":"Drug Dealer","floor":22,"gold_loss":0,"cards_obtained":["Stack","Capacitor"]},{"damage_healed":0,"gold_gain":0,"player_choice":"Shed Blood","damage_taken":21,"max_hp_gain":5,"max_hp_loss":0,"event_name":"Forgotten Altar","floor":24,"gold_loss":0},{"damage_healed":0,"gold_gain":0,"cards_transformed":["Defend_B"],"player_choice":"Transformed","damage_taken":0,"max_hp_gain":0,"max_hp_loss":0,"event_name":"Transmorgrifier","floor":36,"gold_loss":0,"cards_obtained":["Beam Cell"]},{"damage_healed":0,"gold_gain":0,"player_choice":"Paid","damage_taken":0,"relics_obtained":["Red Mask"],"max_hp_gain":0,"max_hp_loss":0,"event_name":"Tomb of Lord Red Mask","floor":38,"gold_loss":92},{"damage_healed":0,"gold_gain":0,"player_choice":"Fight","damage_taken":0,"max_hp_gain":0,"max_hp_loss":0,"event_name":"MindBloom","floor":39,"gold_loss":0},{"damage_healed":0,"gold_gain":0,"player_choice":"Memory 1","damage_taken":0,"max_hp_gain":0,"max_hp_loss":0,"event_name":"SensoryStone","floor":44,"gold_loss":0}],"is_beta":true,"boss_relics":[{"not_picked":["Pandora\u0027s Box","Astrolabe"],"picked":"Runic Pyramid"},{"not_picked":["Runic Dome","Tiny House"],"picked":"Black Star"}],"items_purged_floors":[5,45,53],"is_endless":false,"potions_floor_spawned":[3,7,16,27,29,33,41,48],"killed_by":"The Heart","ascension_level":1}