{"gold_per_floor":[113,113,130,143,143,143,162,195,244,260,271,305,317,331,331,331],"floor_reached":16,"playtime":2959,"items_purged":[],"score":122,"play_id":"10057d6d-511b-4b8a-9fa7-69841d06801a","local_time":"20191015132028","is_ascension_mode":true,"campfire_choices":[{"data":"Defragment","floor":6,"key":"SMITH"},{"floor":15,"key":"REST"}],"neow_cost":"NONE","seed_source_timestamp":2553063763085112,"circlet_count":0,"master_deck":["Zap","Dualcast","Heatsinks","Steam","Echo Form","Genetic Algorithm","Rebound","Coolheaded","Conserve Battery","Blizzard","Defragment+1","Reprogram","Coolheaded","Fission","Compile Driver","FTL","Barrage","BootSequence","Cold Snap"],"relics":["Pandora\u0027s Box","Pear","Bag of Preparation"],"potions_floor_usage":[8,8,12,12,16,16],"damage_taken":[{"damage":0,"enemies":"2 Louse","floor":1,"turns":3},{"damage":6,"enemies":"Cultist","floor":3,"turns":4},{"damage":8,"enemies":"Small Slimes","floor":4,"turns":4},{"damage":15,"enemies":"3 Louse","floor":7,"turns":4},{"damage":11,"enemies":"3 Sentries","floor":8,"turns":8},{"damage":4,"enemies":"Looter","floor":10,"turns":5},{"damage":11,"enemies":"Large Slime","floor":11,"turns":9},{"damage":9,"enemies":"Gremlin Nob","floor":12,"turns":5},{"damage":7,"enemies":"Exordium Wildlife","floor":13,"turns":3},{"damage":0,"enemies":"Looter","floor":14,"turns":4},{"damage":32,"enemies":"The Guardian","floor":16,"turns":2}],"seed_played":"-683318322743253620","potions_obtained":[{"floor":3,"key":"GamblersBrew"},{"floor":7,"key":"PowerPotion"},{"floor":8,"key":"Swift Potion"},{"floor":11,"key":"SteroidPotion"},{"floor":12,"key":"Swift Potion"},{"floor":14,"key":"Dexterity Potion"}],"is_trial":false,"path_per_floor":["M","?","M","M","?","R","M","E","T","M","M","E","M","M","R","B"],"character_chosen":"DEFECT","items_purchased":[],"campfire_rested":1,"item_purchase_floors":[],"current_hp_per_floor":[75,75,69,61,54,54,39,38,38,34,23,14,7,7,32,0],"gold":331,"neow_bonus":"BOSS_RELIC","is_prod":false,"is_daily":false,"chose_seed":false,"campfire_upgraded":1,"win_rate":0,"timestamp":1571142028,"path_taken":["M","?","M","?","?","R","M","E","T","M","M","E","M","M","R","BOSS"],"build_version":"2019-09-09v2","purchased_purges":0,"victory":false,"max_hp_per_floor":[75,75,75,75,75,75,75,85,85,85,85,85,85,85,85,85],"card_choices":[{"not_picked":["Cold Snap","Compile Driver"],"picked":"Conserve Battery","floor":1},{"not_picked":["Compile Driver","Capacitor"],"picked":"Defragment","floor":3},{"not_picked":["Beam Cell","Rebound"],"picked":"Reprogram","floor":4},{"not_picked":["Rebound","Cold Snap"],"picked":"Coolheaded","floor":7},{"not_picked":["Turbo","Steam"],"picked":"Fission","floor":8},{"not_picked":["Streamline","Genetic Algorithm"],"picked":"Compile Driver","floor":10},{"not_picked":["Turbo","Recycle"],"picked":"FTL","floor":11},{"not_picked":["Hyperbeam","Storm"],"picked":"Barrage","floor":12},{"not_picked":["Barrage","Stack"],"picked":"BootSequence","floor":13},{"not_picked":["Barrage","Storm"],"picked":"Cold Snap","floor":14}],"player_experience":205159,"relics_obtained":[{"floor":8,"key":"Pear"},{"floor":12,"key":"Bag of Preparation"}],"event_choices":[{"damage_healed":0,"gold_gain":0,"cards_transformed":["Consume"],"player_choice":"Transformed","damage_taken":0,"max_hp_gain":0,"max_hp_loss":0,"event_name":"Transmorgrifier","floor":2,"gold_loss":0,"cards_obtained":["Blizzard"]},{"cards_removed":["Doom and Gloom"],"damage_healed":0,"gold_gain":0,"player_choice":"Card Removal","damage_taken":7,"max_hp_gain":0,"max_hp_loss":0,"event_name":"Golden Wing","floor":5,"gold_loss":0}],"is_beta":true,"boss_relics":[],"items_purged_floors":[],"is_endless":false,"potions_floor_spawned":[3,7,8,11,12,14],"killed_by":"The Guardian","ascension_level":1}