{"gold_per_floor":[116,131,146,165,181,216,216,242,242,273,273,41,61,61,61,61],"floor_reached":16,"playtime":1160,"items_purged":[],"score":162,"play_id":"7c24c18d-31fc-4336-9fe3-3687647880aa","local_time":"20190901162944","is_ascension_mode":true,"campfire_choices":[{"floor":7.0,"key":"REST"},{"data":"Shrug It Off","floor":11.0,"key":"SMITH"},{"data":"Armaments","floor":15.0,"key":"SMITH"}],"neow_cost":"NONE","seed_source_timestamp":154596408320789,"circlet_count":0,"master_deck":["Strike_R","Strike_R","Strike_R","Strike_R","Strike_R","Defend_R","Defend_R","Defend_R","Bash","Pommel Strike","Shrug It Off","Battle Trance","Shrug It Off+1","Impervious","Armaments","Armaments+1"],"special_seed":0,"relics":["Burning Blood","Gremlin Horn","Question Card","Gambling Chip","Darkstone Periapt","Membership Card"],"potions_floor_usage":[],"damage_taken":[{"damage":6.0,"enemies":"Cultist","floor":1.0,"turns":3.0},{"damage":10.0,"enemies":"Small Slimes","floor":2.0,"turns":3.0},{"damage":14.0,"enemies":"2 Louse","floor":3.0,"turns":3.0},{"damage":6.0,"enemies":"Blue Slaver","floor":4.0,"turns":5.0},{"damage":5.0,"enemies":"3 Louse","floor":5.0,"turns":5.0},{"damage":28.0,"enemies":"Lagavulin","floor":6.0,"turns":6.0},{"damage":0.0,"enemies":"3 Sentries","floor":8.0,"turns":14.0},{"damage":8.0,"enemies":"Gremlin Nob","floor":10.0,"turns":5.0},{"damage":0.0,"enemies":"2 Fungi Beasts","floor":13.0,"turns":5.0},{"damage":93,"enemies":"Hexaghost","floor":16,"turns":16}],"seed_played":"8596300871276603571","potions_obtained":[{"floor":2.0,"key":"SkillPotion"},{"floor":3.0,"key":"Dexterity Potion"},{"floor":6.0,"key":"PowerPotion"},{"floor":8.0,"key":"AttackPotion"}],"is_trial":false,"path_per_floor":["M","M","M","M","M","E","R","E","T","E","R","$","M","?","R","B"],"character_chosen":"IRONCLAD","items_purchased":["Membership Card","Armaments"],"campfire_rested":1,"item_purchase_floors":[12,12],"current_hp_per_floor":[88,84,76,76,77,55,81,87,87,85,85,85,88,88,88,0],"gold":61,"neow_bonus":"TEN_PERCENT_HP_BONUS","is_prod":false,"is_daily":false,"chose_seed":false,"campfire_upgraded":2,"win_rate":0,"timestamp":1567380584,"path_taken":["M","M","M","M","?","E","R","E","T","E","R","$","M","?","R","BOSS"],"build_version":"2019-07-17","purchased_purges":0,"victory":false,"max_hp_per_floor":[88,88,88,88,88,88,88,88,88,88,88,88,88,88,88,88],"card_choices":[{"not_picked":["Heavy Blade","Whirlwind"],"picked":"Pommel Strike","floor":1.0},{"not_picked":["Wild Strike","Corruption"],"picked":"Shrug It Off","floor":2.0},{"not_picked":["Twin Strike","Headbutt","Perfected Strike"],"picked":"SKIP","floor":3.0},{"not_picked":["Clash","Cleave"],"picked":"Battle Trance","floor":4.0},{"not_picked":["Twin Strike","Rampage","Anger"],"picked":"SKIP","floor":5.0},{"not_picked":["Warcry","Perfected Strike"],"picked":"Shrug It Off","floor":6.0},{"not_picked":["Fire Breathing","Carnage","Berserk"],"picked":"SKIP","floor":8.0},{"not_picked":["Iron Wave","Cleave","Whirlwind"],"picked":"Impervious","floor":10.0},{"not_picked":["Clothesline","Thunderclap","Entrench"],"picked":"Armaments","floor":13.0}],"player_experience":236484,"relics_obtained":[{"floor":6.0,"key":"Gremlin Horn"},{"floor":8.0,"key":"Question Card"},{"floor":9.0,"key":"Gambling Chip"},{"floor":10.0,"key":"Darkstone Periapt"}],"event_choices":[{"cards_removed":["Defend_R"],"damage_healed":0.0,"max_hp_gain":0.0,"max_hp_loss":0.0,"gold_gain":0.0,"event_name":"Purifier","player_choice":"Purged","floor":14.0,"gold_loss":0.0,"damage_taken":0.0}],"is_beta":false,"boss_relics":[],"items_purged_floors":[],"is_endless":false,"potions_floor_spawned":[2,3,6,8],"killed_by":"Hexaghost","ascension_level":2}