{"gold_per_floor":[112,30,44,54,54,54,54,70,70,98,98,109,109],"floor_reached":13,"playtime":268,"items_purged":[],"score":110,"play_id":"49c9679a-d5f7-4fee-8f63-b68a416119fa","local_time":"20190926002034","is_ascension_mode":false,"campfire_choices":[{"data":"Slice","floor":6,"key":"SMITH"}],"neow_cost":"NONE","seed_source_timestamp":491479650151900,"circlet_count":0,"master_deck":["Strike_G","Strike_G","Strike_G","Strike_G","Strike_G","Defend_G","Defend_G","Defend_G","Defend_G","Defend_G","Survivor","Neutralize","Finesse","Backstab","Slice+1","Slice"],"relics":["Ring of the Snake","NeowsBlessing","The Courier","Pear","Pen Nib","Bottled Lightning"],"potions_floor_usage":[],"damage_taken":[{"damage":0,"enemies":"Small Slimes","floor":1,"turns":1},{"damage":0,"enemies":"2 Louse","floor":3,"turns":1},{"damage":0,"enemies":"Jaw Worm","floor":4,"turns":1},{"damage":0,"enemies":"3 Louse","floor":8,"turns":2},{"damage":45,"enemies":"Lagavulin","floor":10,"turns":8},{"damage":3,"enemies":"Looter","floor":12,"turns":3}],"seed_played":"-272996960399760680","potions_obtained":[{"floor":12,"key":"Energy Potion"}],"is_trial":false,"path_per_floor":["M","$","M","M","?","R","?","M","T","E","T","M","$"],"character_chosen":"THE_SILENT","items_purchased":["Finesse"],"campfire_rested":0,"item_purchase_floors":[2],"current_hp_per_floor":[70,70,70,70,58,58,63,63,73,28,28,25,25],"gold":109,"neow_bonus":"THREE_ENEMY_KILL","is_prod":false,"is_daily":false,"chose_seed":false,"campfire_upgraded":1,"win_rate":0,"timestamp":1569450034,"path_taken":["M","$","M","M","?","R","?","M","T","E","?","M","$"],"build_version":"2019-07-17","purchased_purges":0,"victory":false,"max_hp_per_floor":[70,70,70,70,70,70,75,75,85,85,85,85,85],"card_choices":[{"not_picked":["Sucker Punch","Blade Dance","Bane"],"picked":"SKIP","floor":1},{"not_picked":["Flying Knee","Noxious Fumes"],"picked":"Backstab","floor":3},{"not_picked":["Flying Knee","Blur"],"picked":"Slice","floor":4},{"not_picked":["Finisher","Bane"],"picked":"Slice","floor":8},{"not_picked":["Skewer","Deflect","Bouncing Flask"],"picked":"SKIP","floor":10},{"not_picked":["Slice","Infinite Blades","Backflip"],"picked":"SKIP","floor":12}],"player_experience":258714,"relics_obtained":[{"floor":9,"key":"Pear"},{"floor":10,"key":"Pen Nib"},{"floor":11,"key":"Bottled Lightning"}],"event_choices":[{"damage_healed":0,"gold_gain":0,"player_choice":"Success","damage_taken":12,"relics_obtained":["The Courier"],"max_hp_gain":0,"max_hp_loss":0,"event_name":"Scrap Ooze","floor":5,"gold_loss":0},{"damage_healed":0,"gold_gain":0,"player_choice":"Donut","damage_taken":0,"max_hp_gain":5,"max_hp_loss":0,"event_name":"Big Fish","floor":7,"gold_loss":0}],"is_beta":false,"boss_relics":[],"items_purged_floors":[],"is_endless":false,"potions_floor_spawned":[12],"ascension_level":0}