{"gold_per_floor":[119,129,145,245,255,255,288,308,334,348,367,385,385,399,399,497,497,509,154,172,24,39,39,69,69,69,88,99,109,144,157,157,259,259,272,51,70,88,88,88,119,119,119,129,29,42,71,85,85,85],"floor_reached":51,"playtime":4884,"items_purged":["Steam","Clumsy"],"score":1164,"play_id":"0be9a4b6-0e32-40e8-bd39-91ec681588c8","local_time":"20191016230153","is_ascension_mode":true,"campfire_choices":[{"floor":6,"key":"REST"},{"floor":13,"key":"REST"},{"floor":15,"key":"REST"},{"data":"Sunder","floor":23,"key":"SMITH"},{"data":"Defragment","floor":25,"key":"SMITH"},{"floor":32,"key":"REST"},{"floor":40,"key":"REST"},{"data":"Echo Form","floor":42,"key":"SMITH"},{"floor":49,"key":"REST"}],"neow_cost":"NONE","seed_source_timestamp":508841762001800,"circlet_count":0,"master_deck":["AscendersBane","Zap","Dualcast","Fusion","Melter","Sunder+1","Defragment+1","Glacier","Compile Driver","Force Field","Streamline","Echo Form","Tempest","Gash","Multi-Cast","Double Energy","Barrage","Storm","Sweeping Beam","Echo Form+1","Undo","Compile Driver","All For One","Fusion","Compile Driver","Fusion","Meteor Strike","Capacitor","Skim+1","Glacier","Meteor Strike","Echo Form"],"relics":["Snecko Eye","Strawberry","Orichalcum","Pandora\u0027s Box","DataDisk","DollysMirror","Centennial Puzzle","Mango","Lantern","Cursed Key","Bag of Preparation","Bronze Scales","Boot","Vajra"],"potions_floor_usage":[7,16,16,16,30,46],"damage_taken":[{"damage":11,"enemies":"Cultist","floor":1,"turns":4},{"damage":14,"enemies":"Jaw Worm","floor":2,"turns":3},{"damage":4,"enemies":"2 Louse","floor":3,"turns":3},{"damage":6,"enemies":"2 Fungi Beasts","floor":5,"turns":4},{"damage":25,"enemies":"3 Sentries","floor":7,"turns":5},{"damage":9,"enemies":"Red Slaver","floor":8,"turns":3},{"damage":0,"enemies":"Looter","floor":10,"turns":3},{"damage":0,"enemies":"Lots of Slimes","floor":11,"turns":4},{"damage":4,"enemies":"2 Fungi Beasts","floor":12,"turns":3},{"damage":3,"enemies":"3 Louse","floor":14,"turns":2},{"damage":21,"enemies":"Hexaghost","floor":16,"turns":11},{"damage":0,"enemies":"Spheric Guardian","floor":18,"turns":1},{"damage":16,"enemies":"2 Thieves","floor":20,"turns":4},{"damage":0,"enemies":"Sentry and Sphere","floor":22,"turns":3},{"damage":11,"enemies":"Slavers","floor":24,"turns":4},{"damage":0,"enemies":"3 Cultists","floor":27,"turns":3},{"damage":0,"enemies":"Snecko","floor":28,"turns":4},{"damage":0,"enemies":"Centurion and Healer","floor":29,"turns":3},{"damage":4,"enemies":"Gremlin Leader","floor":30,"turns":6},{"damage":0,"enemies":"Snake Plant","floor":31,"turns":4},{"damage":44,"enemies":"Champ","floor":33,"turns":9},{"damage":10,"enemies":"3 Shapes","floor":35,"turns":2},{"damage":5,"enemies":"3 Darklings","floor":37,"turns":3},{"damage":0,"enemies":"Jaw Worm Horde","floor":38,"turns":2},{"damage":0,"enemies":"Giant Head","floor":41,"turns":4},{"damage":0,"enemies":"Sphere and 2 Shapes","floor":44,"turns":2},{"damage":0,"enemies":"Transient","floor":46,"turns":5},{"damage":1,"enemies":"Reptomancer","floor":47,"turns":2},{"damage":21,"enemies":"Maw","floor":48,"turns":3},{"damage":11,"enemies":"Donu and Deca","floor":50,"turns":6}],"seed_played":"-6758448550585734759","potions_obtained":[{"floor":1,"key":"Dexterity Potion"},{"floor":2,"key":"Energy Potion"},{"floor":5,"key":"Fire Potion"},{"floor":11,"key":"GamblersBrew"},{"floor":14,"key":"Swift Potion"},{"floor":18,"key":"Strength Potion"},{"floor":20,"key":"SteroidPotion"},{"floor":22,"key":"EssenceOfSteel"},{"floor":28,"key":"Weak Potion"},{"floor":35,"key":"SneckoOil"},{"floor":41,"key":"GamblersBrew"},{"floor":46,"key":"Strength Potion"}],"is_trial":false,"path_per_floor":["M","M","M","?","M","R","E","M","T","M","M","M","R","M","R","B",null,"M","$","M","$","M","R","E","R","T","M","M","M","E","M","R","B",null,"M","$","M","M","?","R","E","R","T","M","$","M","E","M","R","B",null],"character_chosen":"DEFECT","items_purchased":["DataDisk","DollysMirror","Undo","Capacitor","Bag of Preparation"],"campfire_rested":6,"item_purchase_floors":[19,19,21,36,36],"current_hp_per_floor":[57,43,39,39,33,55,37,28,28,28,28,24,48,45,69,48,74,74,74,58,58,58,58,47,47,61,61,61,61,57,57,85,41,82,72,72,67,67,67,95,95,95,95,95,95,95,94,73,96,85],"gold":85,"neow_bonus":"BOSS_RELIC","is_prod":false,"is_daily":false,"chose_seed":false,"campfire_upgraded":3,"win_rate":0,"timestamp":1571259713,"path_taken":["M","?","M","?","?","R","E","M","T","M","M","M","R","M","R","BOSS","M","$","M","?","M","R","E","R","T","M","M","M","E","M","R","BOSS","M","$","M","M","?","R","E","R","T","?","$","M","E","M","R","BOSS"],"build_version":"2019-07-17","purchased_purges":2,"victory":true,"max_hp_per_floor":[75,75,75,75,75,75,82,82,82,82,82,82,82,82,82,82,82,82,82,82,82,82,82,82,82,96,96,96,96,96,96,96,96,96,96,96,96,96,96,96,96,96,96,96,96,96,96,96,96,96],"card_choices":[{"not_picked":["Rebound","Turbo"],"picked":"Fusion","floor":1},{"not_picked":["Redo","Turbo"],"picked":"Melter","floor":2},{"not_picked":["Go for the Eyes","Conserve Battery"],"picked":"Sunder","floor":3},{"not_picked":["Storm","Redo"],"picked":"Defragment","floor":5},{"not_picked":["Darkness","Go for the Eyes"],"picked":"Glacier","floor":7},{"not_picked":["Barrage","Core Surge"],"picked":"Compile Driver","floor":8},{"not_picked":["Ball Lightning","Leap"],"picked":"Force Field","floor":10},{"not_picked":["Leap","Rebound"],"picked":"Streamline","floor":11},{"not_picked":["Self Repair","Go for the Eyes","Scrape"],"picked":"SKIP","floor":12},{"not_picked":["Self Repair","Stack","Ball Lightning"],"picked":"SKIP","floor":14},{"not_picked":["Thunder Strike","All For One"],"picked":"Echo Form","floor":16},{"not_picked":["Stack","Aggregate+1","Ball Lightning"],"picked":"SKIP","floor":18},{"not_picked":["Barrage","Redo","Chaos+1"],"picked":"SKIP","floor":20},{"not_picked":["Cold Snap","Conserve Battery"],"picked":"Compile Driver","floor":22},{"not_picked":["Turbo+1","Conserve Battery"],"picked":"All For One","floor":24},{"not_picked":["Stack","Reinforced Body"],"picked":"Fusion","floor":27},{"not_picked":["Melter","Reinforced Body"],"picked":"Compile Driver","floor":28},{"not_picked":["Go for the Eyes","Rip and Tear","Gash"],"picked":"SKIP","floor":29},{"not_picked":["Ball Lightning","Rebound+1"],"picked":"Fusion","floor":30},{"not_picked":["Steam","Static Discharge","Ball Lightning"],"picked":"SKIP","floor":31},{"not_picked":["Rainbow","Hyperbeam"],"picked":"Meteor Strike","floor":33},{"not_picked":["Redo+1","Ball Lightning+1","FTL+1"],"picked":"SKIP","floor":35},{"not_picked":["Ball Lightning","Auto Shields+1"],"picked":"Skim+1","floor":37},{"not_picked":["Ball Lightning","Beam Cell"],"picked":"Glacier","floor":38},{"not_picked":["Conserve Battery+1","Sweeping Beam+1","Chill"],"picked":"SKIP","floor":41},{"not_picked":["Barrage","Rip and Tear+1","Beam Cell"],"picked":"SKIP","floor":44},{"not_picked":["Reinforced Body+1","Leap+1","Beam Cell"],"picked":"SKIP","floor":46},{"not_picked":["Storm+1","Sunder+1"],"picked":"Echo Form","floor":47},{"not_picked":["Conserve Battery","Barrage+1","Melter"],"picked":"SKIP","floor":48}],"player_experience":370748,"relics_obtained":[{"floor":7,"key":"Strawberry"},{"floor":9,"key":"Orichalcum"},{"floor":24,"key":"Centennial Puzzle"},{"floor":26,"key":"Mango"},{"floor":30,"key":"Lantern"},{"floor":41,"key":"Bronze Scales"},{"floor":43,"key":"Boot"},{"floor":47,"key":"Vajra"}],"event_choices":[{"damage_healed":0,"gold_gain":100,"player_choice":"Pray","damage_taken":0,"max_hp_gain":0,"max_hp_loss":0,"event_name":"Golden Shrine","floor":4,"gold_loss":0},{"damage_healed":0,"gold_gain":0,"player_choice":"Copied","damage_taken":0,"max_hp_gain":0,"max_hp_loss":0,"event_name":"Duplicator","floor":39,"gold_loss":0,"cards_obtained":["Meteor Strike"]}],"is_beta":false,"boss_relics":[{"not_picked":["Busted Crown","Calling Bell"],"picked":"Pandora\u0027s Box"},{"not_picked":["Runic Pyramid","Sozu"],"picked":"Cursed Key"}],"items_purged_floors":[21,45],"is_endless":false,"potions_floor_spawned":[1,2,5,11,12,14,18,20,22,28,35,41,44,46],"ascension_level":10}