{"gold_per_floor":[117,136,37,49,49,49,76,94,145,155,178,178,208,224,224,297,297,317,242,276,294,294,141,174,174,222,222,242,252,252,152,152,225,225,238,460,460,16,66,66,66,92,92,92,92,92,123,139,139,139,139],"floor_reached":52,"playtime":2097,"items_purged":["Decay","Anger"],"score":1968,"play_id":"2113deb4-59ed-4bf5-a447-2ee28c666b42","local_time":"20191002141832","is_ascension_mode":true,"campfire_choices":[{"data":"Clothesline","floor":6.0,"key":"SMITH"},{"floor":12.0,"key":"REST"},{"data":"Armaments","floor":15.0,"key":"SMITH"},{"data":"Demon Form","floor":25.0,"key":"SMITH"},{"data":"True Grit","floor":27.0,"key":"SMITH"},{"floor":32.0,"key":"REST"},{"floor":40,"key":"REST"},{"floor":46,"key":"REST"},{"floor":49,"key":"REST"}],"neow_cost":"CURSE","seed_source_timestamp":85472171763800,"circlet_count":0,"master_deck":["AscendersBane","Strike_R+1","Strike_R+1","Defend_R+1","Defend_R+1","Defend_R+1","Defend_R+1","Bash","Impervious","Clothesline+1","True Grit+1","Rampage","Feed","Armaments+1","Evolve","Limit Break","Burning Pact","Demon Form+1","Spot Weakness+1","Immolate","Feel No Pain","Power Through+1","Heavy Blade","Fiend Fire","Spot Weakness+1","Enlightenment","The Bomb","Demon Form+1"],"special_seed":0,"relics":["Black Blood","Strawberry","Blood Vial","Odd Mushroom","Letter Opener","Snecko Eye","Red Mask","Pantograph","Juzu Bracelet","Bag of Preparation","Matryoshka","Girya","Incense Burner","Boot","Shovel","PreservedInsect"],"potions_floor_usage":[39,51],"damage_taken":[{"damage":0.0,"enemies":"2 Louse","floor":1.0,"turns":4.0},{"damage":3.0,"enemies":"Cultist","floor":2.0,"turns":4.0},{"damage":2.0,"enemies":"Jaw Worm","floor":4.0,"turns":3.0},{"damage":40.0,"enemies":"Lagavulin","floor":7.0,"turns":10.0},{"damage":5.0,"enemies":"Gremlin Gang","floor":8.0,"turns":5.0},{"damage":12.0,"enemies":"Exordium Wildlife","floor":10.0,"turns":5.0},{"damage":40.0,"enemies":"The Mushroom Lair","floor":11.0,"turns":6.0},{"damage":15.0,"enemies":"3 Sentries","floor":13.0,"turns":11.0},{"damage":9.0,"enemies":"Red Slaver","floor":14.0,"turns":4.0},{"damage":36.0,"enemies":"The Guardian","floor":16.0,"turns":16.0},{"damage":0.0,"enemies":"Chosen","floor":18.0,"turns":5.0},{"damage":40.0,"enemies":"Masked Bandits","floor":20.0,"turns":6.0},{"damage":14.0,"enemies":"Spheric Guardian","floor":21.0,"turns":5.0},{"damage":0.0,"enemies":"Slavers","floor":24.0,"turns":1.0},{"damage":26.0,"enemies":"Snake Plant","floor":28.0,"turns":5.0},{"damage":6.0,"enemies":"Centurion and Healer","floor":29.0,"turns":8.0},{"damage":33.0,"enemies":"Champ","floor":33.0,"turns":10.0},{"damage":7.0,"enemies":"Orb Walker","floor":35.0,"turns":5.0},{"damage":83,"enemies":"2 Orb Walkers","floor":39,"turns":6},{"damage":51,"enemies":"Giant Head","floor":42,"turns":6},{"damage":66,"enemies":"Nemesis","floor":47,"turns":7},{"damage":0,"enemies":"3 Shapes","floor":48,"turns":3},{"damage":81,"enemies":"Awakened One","floor":50,"turns":6},{"damage":18,"enemies":"Time Eater","floor":51,"turns":10}],"seed_played":"8634295317289493078","potions_obtained":[{"floor":8.0,"key":"Ancient Potion"},{"floor":10.0,"key":"FearPotion"},{"floor":20.0,"key":"SpeedPotion"},{"floor":21.0,"key":"DuplicationPotion"},{"floor":33.0,"key":"BloodPotion"},{"floor":48,"key":"Explosive Potion"}],"is_trial":false,"path_per_floor":["M","M","$","M","?","R","E","M","T","M","?","R","E","M","R","B",null,"M","?","?","M","?","$","E","R","T","R","M","M","?","$","R","B",null,"M","?","?","$","?","R","?","E","T","?","?","R","E","M","R","B","B",null],"character_chosen":"IRONCLAD","items_purchased":["Anger","Immolate","Bag of Preparation","Matryoshka"],"campfire_rested":5,"item_purchase_floors":[3,23,38,38],"current_hp_per_floor":[74,75,75,75,75,75,48,52,52,51,19,45,41,40,40,12,71,83,83,55,49,49,49,60,60,60,60,46,51,18,18,52,52,99,106,106,96,96,49,83,83,46,46,46,46,80,28,42,76,34,55],"gold":139,"neow_bonus":"THREE_RARE_CARDS","is_prod":false,"is_daily":false,"chose_seed":false,"campfire_upgraded":4,"win_rate":0,"timestamp":1570051112,"path_taken":["M","M","$","M","?","R","E","M","T","?","?","R","E","M","R","BOSS","M","?","?","M","?","$","E","R","T","R","M","M","?","$","R","BOSS","M","?","?","$","?","R","?","E","T","?","?","R","E","M","R","BOSS","BOSS"],"build_version":"2019-10-01","purchased_purges":2,"victory":true,"max_hp_per_floor":[75,75,75,75,75,75,82,85,85,88,88,88,91,91,91,91,91,95,95,99,99,99,99,102,102,102,102,106,109,114,114,114,114,114,114,114,114,114,114,114,114,114,114,114,114,114,114,114,114,114,114],"card_choices":[{"not_picked":["Demon Form","Dark Embrace"],"picked":"Impervious","floor":0.0},{"not_picked":["Warcry","Thunderclap","Havoc"],"picked":"SKIP","floor":1.0},{"not_picked":["Pommel Strike","Clash"],"picked":"Clothesline","floor":2.0},{"not_picked":["Pommel Strike","Entrench"],"picked":"True Grit","floor":4.0},{"not_picked":["Havoc","Sentinel"],"picked":"Feed","floor":7.0},{"not_picked":["Wild Strike","Pommel Strike"],"picked":"Armaments","floor":8.0},{"not_picked":["Flex","Havoc"],"picked":"Evolve","floor":10.0},{"not_picked":["True Grit","Iron Wave"],"picked":"Limit Break","floor":11.0},{"not_picked":["Bloodletting","Twin Strike"],"picked":"Burning Pact","floor":13.0},{"not_picked":["Warcry","Carnage","Burning Pact"],"picked":"SKIP","floor":14.0},{"not_picked":["Feed","Double Tap"],"picked":"Demon Form","floor":16.0},{"not_picked":["Dual Wield","Intimidate","Blood for Blood"],"picked":"SKIP","floor":18.0},{"not_picked":["Headbutt","Havoc"],"picked":"Spot Weakness+1","floor":21.0},{"not_picked":["Reckless Charge","Combust"],"picked":"Feel No Pain","floor":24.0},{"not_picked":["Sword Boomerang","Twin Strike"],"picked":"Power Through+1","floor":28.0},{"not_picked":["Warcry","Perfected Strike"],"picked":"Heavy Blade","floor":29.0},{"not_picked":["Juggernaut","Brutality"],"picked":"Fiend Fire","floor":33.0},{"not_picked":["Twin Strike","Second Wind"],"picked":"Spot Weakness+1","floor":35.0},{"not_picked":["Mind Blast","Dark Shackles"],"picked":"Enlightenment","floor":37},{"not_picked":["Madness","Bandage Up"],"picked":"The Bomb","floor":37},{"not_picked":["Flex","Combust","Reckless Charge"],"picked":"SKIP","floor":42},{"not_picked":["Headbutt+1","Entrench","Perfected Strike"],"picked":"SKIP","floor":47},{"not_picked":["Rampage","Thunderclap","Warcry"],"picked":"SKIP","floor":48}],"player_experience":1200082,"relics_obtained":[{"floor":7.0,"key":"Strawberry"},{"floor":9.0,"key":"Blood Vial"},{"floor":11.0,"key":"Odd Mushroom"},{"floor":13.0,"key":"Letter Opener"},{"floor":20.0,"key":"Red Mask"},{"floor":24.0,"key":"Pantograph"},{"floor":26.0,"key":"Juzu Bracelet"},{"floor":39,"key":"Girya"},{"floor":42,"key":"Incense Burner"},{"floor":43,"key":"Boot"},{"floor":43,"key":"Shovel"},{"floor":47,"key":"PreservedInsect"}],"event_choices":[{"damage_healed":0.0,"max_hp_gain":0.0,"max_hp_loss":0.0,"gold_gain":0.0,"cards_transformed":["Strike_R"],"event_name":"Transmorgrifier","player_choice":"Transformed","floor":5.0,"gold_loss":0.0,"damage_taken":0.0,"cards_obtained":["Rampage"]},{"damage_healed":0.0,"max_hp_gain":0.0,"max_hp_loss":0.0,"gold_gain":0.0,"event_name":"Mushrooms","player_choice":"Fought Mushrooms","floor":11.0,"gold_loss":0.0,"damage_taken":0.0},{"cards_removed":["Strike_R"],"damage_healed":0.0,"max_hp_gain":0.0,"max_hp_loss":0.0,"gold_gain":0.0,"event_name":"Beggar","player_choice":"Gave Gold","floor":19.0,"gold_loss":75.0,"damage_taken":0.0},{"damage_healed":0.0,"max_hp_gain":0.0,"max_hp_loss":0.0,"gold_gain":0.0,"event_name":"Masked Bandits","player_choice":"Fought Bandits","floor":20.0,"gold_loss":0.0,"damage_taken":0.0},{"damage_healed":0.0,"max_hp_gain":0.0,"max_hp_loss":0.0,"gold_gain":0.0,"event_name":"Back to Basics","player_choice":"Simplicity","floor":22.0,"gold_loss":0.0,"damage_taken":0.0,"cards_upgraded":["Strike_R","Strike_R","Strike_R","Defend_R","Defend_R","Defend_R","Defend_R"]},{"damage_healed":0.0,"max_hp_gain":5.0,"max_hp_loss":0.0,"gold_gain":0.0,"event_name":"Forgotten Altar","player_choice":"Shed Blood","floor":30.0,"gold_loss":0.0,"damage_taken":38.0},{"damage_healed":0,"gold_gain":222,"player_choice":"Wore Mask","damage_taken":0,"max_hp_gain":0,"max_hp_loss":0,"event_name":"Tomb of Lord Red Mask","floor":36,"gold_loss":0},{"damage_healed":0,"gold_gain":0,"player_choice":"Memory 3","damage_taken":10,"max_hp_gain":0,"max_hp_loss":0,"event_name":"SensoryStone","floor":37,"gold_loss":0},{"damage_healed":0,"gold_gain":0,"player_choice":"Fight","damage_taken":0,"max_hp_gain":0,"max_hp_loss":0,"event_name":"Mysterious Sphere","floor":39,"gold_loss":0},{"damage_healed":0,"gold_gain":0,"player_choice":"Copied","damage_taken":0,"max_hp_gain":0,"max_hp_loss":0,"event_name":"Duplicator","floor":41,"gold_loss":0,"cards_obtained":["Demon Form"]},{"cards_removed":["Strike_R"],"damage_healed":0,"gold_gain":0,"player_choice":"Removed Attack","damage_taken":0,"max_hp_gain":0,"max_hp_loss":0,"event_name":"Falling","floor":44,"gold_loss":0},{"damage_healed":0,"gold_gain":0,"player_choice":"Ignored","damage_taken":0,"max_hp_gain":0,"max_hp_loss":0,"event_name":"The Moai Head","floor":45,"gold_loss":0}],"is_beta":true,"boss_relics":[{"not_picked":["SlaversCollar","Sozu"],"picked":"Snecko Eye"},{"not_picked":["Pandora\u0027s Box","SacredBark"],"picked":"Black Blood"}],"items_purged_floors":[3,31],"is_endless":false,"potions_floor_spawned":[8,10,13,14,16,20,21,33,48],"ascension_level":20}