{"gold_per_floor":[119,138,155,170,170,205,205,230,230,248,278,278,303,313,313,387,387,406,28,42,53,53,53,73,73,96,46,46,46],"floor_reached":29,"playtime":808,"items_purged":[],"score":610,"play_id":"a17a037d-c977-47e8-971e-96a5d2c33791","local_time":"20191014120131","is_ascension_mode":true,"campfire_choices":[{"data":"Demon Form","floor":7,"key":"SMITH"},{"floor":12,"key":"REST"},{"data":"Heavy Blade","floor":15,"key":"SMITH"},{"data":"Spot Weakness","floor":23,"key":"SMITH"},{"data":"Flame Barrier","floor":25,"key":"SMITH"},{"data":"Whirlwind","floor":28,"key":"SMITH"}],"neow_cost":"NONE","seed_source_timestamp":326925029643800,"circlet_count":0,"master_deck":["AscendersBane","Strike_R","Strike_R","Strike_R","Strike_R","Defend_R","Defend_R","Defend_R","Defend_R+1","Bash","Trip","Headbutt","Spot Weakness+1","Flame Barrier","Demon Form+1","Heavy Blade+1","Disarm","Whirlwind+1","Battle Trance","Flame Barrier+1","Reaper+1","Headbutt","Shrug It Off","Evolve","Sword Boomerang","Uppercut+1"],"relics":["Burning Blood","Gremlin Horn","Red Skull","Dodecahedron","Juzu Bracelet","Shuriken","Runic Dome","Magic Flower","Toy Ornithopter"],"potions_floor_usage":[6,8,11,16,20,20,21,29],"damage_taken":[{"damage":4,"enemies":"Jaw Worm","floor":1,"turns":3},{"damage":1,"enemies":"Cultist","floor":2,"turns":3},{"damage":0,"enemies":"Small Slimes","floor":3,"turns":3},{"damage":4,"enemies":"2 Fungi Beasts","floor":4,"turns":4},{"damage":32,"enemies":"Gremlin Nob","floor":6,"turns":4},{"damage":30,"enemies":"Lagavulin","floor":8,"turns":8},{"damage":9,"enemies":"Blue Slaver","floor":10,"turns":3},{"damage":8,"enemies":"Gremlin Nob","floor":11,"turns":3},{"damage":20,"enemies":"3 Sentries","floor":13,"turns":3},{"damage":1,"enemies":"Exordium Wildlife","floor":14,"turns":2},{"damage":0,"enemies":"Slime Boss","floor":16,"turns":5},{"damage":63,"enemies":"Chosen","floor":18,"turns":8},{"damage":9,"enemies":"Shell Parasite","floor":20,"turns":4},{"damage":30,"enemies":"Sentry and Sphere","floor":21,"turns":7},{"damage":34,"enemies":"Centurion and Healer","floor":24,"turns":7},{"damage":62,"enemies":"Cultist and Chosen","floor":29,"turns":7}],"seed_played":"909721068191606788","potions_obtained":[{"floor":1,"key":"SteroidPotion"},{"floor":6,"key":"Swift Potion"},{"floor":8,"key":"Strength Potion"},{"floor":10,"key":"Dexterity Potion"},{"floor":14,"key":"Energy Potion"},{"floor":16,"key":"EssenceOfSteel"},{"floor":20,"key":"Energy Potion"},{"floor":21,"key":"BloodPotion"},{"floor":24,"key":"Weak Potion"}],"is_trial":false,"path_per_floor":["M","M","M","M","?","E","R","E","T","M","E","R","E","M","R","B",null,"M","$","M","M","?","R","M","R","T","?","R","M"],"character_chosen":"IRONCLAD","items_purchased":["Magic Flower","Shrug It Off"],"campfire_rested":1,"item_purchase_floors":[19,19],"current_hp_per_floor":[70,75,75,75,75,49,49,25,25,22,20,42,28,33,33,39,66,27,27,59,46,46,46,53,53,53,53,53,0],"gold":46,"neow_bonus":"RANDOM_COLORLESS","is_prod":false,"is_daily":false,"chose_seed":false,"campfire_upgraded":5,"win_rate":0,"timestamp":1571079691,"path_taken":["M","M","M","M","?","E","R","E","T","M","E","R","E","M","R","BOSS","M","$","M","M","?","R","M","R","T","?","R","M"],"build_version":"2019-10-11","purchased_purges":0,"victory":false,"max_hp_per_floor":[75,75,75,75,75,75,75,75,75,75,75,75,75,75,75,75,75,75,75,75,75,75,75,75,75,75,75,75,75],"card_choices":[{"not_picked":["Dramatic Entrance","Good Instincts"],"picked":"Trip","floor":0},{"not_picked":["Twin Strike","Heavy Blade"],"picked":"Headbutt","floor":1},{"not_picked":["Rupture","Metallicize"],"picked":"Spot Weakness","floor":2},{"not_picked":["Clash","Ghostly Armor"],"picked":"Flame Barrier","floor":3},{"not_picked":["Feel No Pain","Headbutt"],"picked":"Demon Form","floor":4},{"not_picked":["Flex","Brutality"],"picked":"Heavy Blade","floor":6},{"not_picked":["Blood for Blood","Exhume"],"picked":"Disarm","floor":8},{"not_picked":["Flex","Corruption"],"picked":"Whirlwind","floor":10},{"not_picked":["Rampage","Dark Embrace"],"picked":"Battle Trance","floor":11},{"not_picked":["Searing Blow","Twin Strike","Cleave"],"picked":"SKIP","floor":13},{"not_picked":["Thunderclap","Flex"],"picked":"Flame Barrier","floor":14},{"not_picked":["Impervious","Demon Form"],"picked":"Reaper","floor":16},{"not_picked":["Perfected Strike","Reckless Charge"],"picked":"Headbutt","floor":18},{"not_picked":["Whirlwind+1","Armaments"],"picked":"Evolve","floor":20},{"not_picked":["Warcry","Perfected Strike+1"],"picked":"Sword Boomerang","floor":21},{"not_picked":["Entrench","Body Slam"],"picked":"Uppercut+1","floor":24}],"player_experience":1561907,"relics_obtained":[{"floor":6,"key":"Gremlin Horn"},{"floor":8,"key":"Red Skull"},{"floor":9,"key":"Dodecahedron"},{"floor":11,"key":"Juzu Bracelet"},{"floor":13,"key":"Shuriken"},{"floor":26,"key":"Toy Ornithopter"}],"event_choices":[{"cards_removed":["Strike_R"],"damage_healed":0,"gold_gain":0,"player_choice":"Purged","damage_taken":0,"max_hp_gain":0,"max_hp_loss":0,"event_name":"Purifier","floor":5,"gold_loss":0},{"damage_healed":0,"gold_gain":0,"player_choice":"Ignored","damage_taken":0,"max_hp_gain":0,"max_hp_loss":0,"event_name":"Ghosts","floor":22,"gold_loss":0},{"damage_healed":0,"gold_gain":0,"player_choice":"Upgraded Two","damage_taken":0,"max_hp_gain":0,"max_hp_loss":0,"event_name":"Designer","floor":27,"gold_loss":50,"cards_upgraded":["Defend_R","Reaper"]}],"is_beta":true,"boss_relics":[{"not_picked":["Runic Cube","Calling Bell"],"picked":"Runic Dome"}],"items_purged_floors":[],"is_endless":false,"potions_floor_spawned":[1,6,8,10,14,16,18,20,21,24],"killed_by":"Cultist and Chosen","ascension_level":20}