{"gold_per_floor":[110,63,78,58,77,106,117,117],"floor_reached":8,"playtime":428,"items_purged":[],"score":75,"play_id":"be5eb141-cb45-41b9-b60c-e0084226c16e","local_time":"20190630132955","is_ascension_mode":true,"campfire_choices":[],"neow_cost":"NONE","seed_source_timestamp":448493957278732,"circlet_count":0,"master_deck":["Defend_G+1","Defend_G","Defend_G","Defend_G","Defend_G","Strike_G","Strike_G","Strike_G","Strike_G","Strike_G","Survivor","Neutralize","Infinite Blades","PiercingWail+1","Backflip","Backflip"],"special_seed":0,"relics":["Ring of the Snake","War Paint"],"potions_floor_usage":[],"damage_taken":[{"damage":6.0,"enemies":"Jaw Worm","floor":1.0,"turns":5.0},{"damage":0.0,"enemies":"Cultist","floor":3.0,"turns":3.0},{"damage":3.0,"enemies":"2 Louse","floor":5.0,"turns":4.0},{"damage":26.0,"enemies":"Lagavulin","floor":6.0,"turns":7.0},{"damage":0.0,"enemies":"Blue Slaver","floor":7.0,"turns":6.0},{"damage":45,"enemies":"Gremlin Nob","floor":8,"turns":4}],"seed_played":"-2829321353222342872","potions_obtained":[{"floor":1.0,"key":"GhostInAJar"},{"floor":4.0,"key":"SkillPotion"},{"floor":6.0,"key":"Explosive Potion"}],"is_trial":false,"path_per_floor":["M","$","M","?","M","E","M","E"],"character_chosen":"THE_SILENT","items_purchased":["PiercingWail"],"campfire_rested":0,"item_purchase_floors":[2],"current_hp_per_floor":[64,64,64,64,61,35,35,0],"gold":117,"neow_bonus":"TEN_PERCENT_HP_BONUS","is_prod":false,"is_daily":false,"chose_seed":false,"campfire_upgraded":0,"win_rate":0,"timestamp":1561926595,"path_taken":["M","$","M","?","?","E","M","E"],"build_version":"2019-01-23","purchased_purges":0,"victory":false,"max_hp_per_floor":[77,77,77,77,77,77,77,77],"card_choices":[{"not_picked":["Terror","Dagger Spray"],"picked":"Infinite Blades","floor":1.0},{"not_picked":["Caltrops","Riddle With Holes"],"picked":"Backflip","floor":3.0},{"not_picked":["Masterful Stab","Flechettes","Calculated Gamble"],"picked":"SKIP","floor":5.0},{"not_picked":["PiercingWail","Dodge and Roll"],"picked":"Backflip","floor":6.0},{"not_picked":["Outmaneuver","Heel Hook","Setup"],"picked":"SKIP","floor":7.0}],"player_experience":95801,"relics_obtained":[{"floor":6.0,"key":"War Paint"}],"event_choices":[{"damage_healed":0.0,"max_hp_gain":0.0,"max_hp_loss":0.0,"gold_gain":0.0,"event_name":"The Woman in Blue","player_choice":"Bought 1 Potion","floor":4.0,"gold_loss":0.0,"damage_taken":0.0}],"is_beta":false,"boss_relics":[],"items_purged_floors":[],"is_endless":false,"potions_floor_spawned":[1,6],"killed_by":"Gremlin Nob","ascension_level":6}