{"gold_per_floor":[114,389,234,246,256,256,274,304,304,304,320,395,445,27,27,128,128,146,146,159,34,47,79,90,0,0,0,0,26,42,58,58,155,155,166,183,194,43,54,85,85,85,134,148,167,214,214],"floor_reached":47,"playtime":4472,"items_purged":["Regret","Strike_R","Defend_R"],"score":524,"play_id":"8043d328-e36b-4639-b08d-f59b81319491","local_time":"20190911230146","is_ascension_mode":false,"campfire_choices":[{"data":"Inflame","floor":6,"key":"SMITH"},{"data":"Double Tap","floor":10,"key":"SMITH"},{"data":"Seeing Red","floor":15,"key":"SMITH"},{"floor":28,"key":"REST"},{"data":"Metallicize","floor":32,"key":"SMITH"},{"data":"Limit Break","floor":41,"key":"SMITH"}],"neow_cost":"NONE","seed_source_timestamp":71562089423000,"circlet_count":0,"master_deck":["Strike_R","Defend_R+1","Defend_R","Defend_R","Bash+1","Rampage","Inflame+1","Spot Weakness","Battle Trance","Double Tap+1","Shrug It Off","Seeing Red+1","Double Tap","Infernal Blade+1","True Grit+1","Twin Strike","Metallicize+1","Metallicize","Shrug It Off","Intimidate","Cleave+1","Limit Break+1","Body Slam+1","Sword Boomerang+1","Perfected Strike+1","Ghostly Armor","Twin Strike+1","Sword Boomerang+1","Armaments+1","Madness+1","Madness","Reaper+1","Pommel Strike+1"],"relics":["Burning Blood","Bottled Lightning","Calipers","Omamori","Shuriken","Cursed Key","Torii","Bird Faced Urn","Regal Pillow","Astrolabe","PreservedInsect","Molten Egg 2","War Paint","Shovel"],"potions_floor_usage":[16,18,23,33,33,33,33,33,37,44,45,46,46],"damage_taken":[{"damage":9,"enemies":"Small Slimes","floor":1,"turns":5},{"damage":6,"enemies":"Cultist","floor":4,"turns":3},{"damage":5,"enemies":"2 Louse","floor":5,"turns":3},{"damage":14,"enemies":"Blue Slaver","floor":7,"turns":4},{"damage":36,"enemies":"Lagavulin","floor":8,"turns":5},{"damage":6,"enemies":"3 Louse","floor":11,"turns":3},{"damage":16,"enemies":"Hexaghost","floor":16,"turns":5},{"damage":22,"enemies":"2 Thieves","floor":18,"turns":3},{"damage":3,"enemies":"Shell Parasite","floor":20,"turns":5},{"damage":0,"enemies":"Chosen and Byrds","floor":22,"turns":4},{"damage":37,"enemies":"Slavers","floor":23,"turns":4},{"damage":12,"enemies":"Sentry and Sphere","floor":24,"turns":4},{"damage":18,"enemies":"Book of Stabbing","floor":29,"turns":4},{"damage":15,"enemies":"Centurion and Healer","floor":30,"turns":5},{"damage":8,"enemies":"Snecko","floor":31,"turns":6},{"damage":23,"enemies":"Automaton","floor":33,"turns":7},{"damage":14,"enemies":"Orb Walker","floor":35,"turns":4},{"damage":2,"enemies":"3 Darklings","floor":36,"turns":4},{"damage":13,"enemies":"Transient","floor":37,"turns":5},{"damage":17,"enemies":"Maw","floor":39,"turns":7},{"damage":1,"enemies":"Nemesis","floor":40,"turns":5},{"damage":48,"enemies":"Sphere and 2 Shapes","floor":44,"turns":5},{"damage":24,"enemies":"Transient","floor":45,"turns":5},{"damage":53,"enemies":"2 Orb Walkers","floor":46,"turns":4},{"damage":27,"enemies":"Spire Growth","floor":47,"turns":5}],"seed_played":"518416517995789485","potions_obtained":[{"floor":4,"key":"PowerPotion"},{"floor":7,"key":"Fire Potion"},{"floor":11,"key":"SpeedPotion"},{"floor":16,"key":"Block Potion"},{"floor":20,"key":"EntropicBrew"},{"floor":23,"key":"EssenceOfSteel"},{"floor":29,"key":"SkillPotion"},{"floor":36,"key":"Weak Potion"},{"floor":37,"key":"Explosive Potion"},{"floor":44,"key":"Energy Potion"},{"floor":45,"key":"GamblersBrew"}],"is_trial":false,"path_per_floor":["M","?","$","M","M","R","M","E","T","R","M","?","T","$","R","B",null,"M","?","M","$","M","E","M","?","T","$","R","E","M","M","R","B",null,"M","M","M","$","M","E","R","?","T","M","M","?","M"],"character_chosen":"IRONCLAD","items_purchased":["Inflame","Seeing Red","Shuriken","PreservedInsect"],"campfire_rested":1,"item_purchase_floors":[3,14,14,38],"current_hp_per_floor":[77,77,77,77,78,78,70,40,40,40,40,29,29,29,29,19,80,64,49,52,52,58,27,21,21,21,21,46,40,33,35,35,24,85,77,85,78,78,73,82,82,71,71,35,32,7,0],"gold":214,"neow_bonus":"UPGRADE_CARD","is_prod":false,"is_daily":false,"chose_seed":false,"campfire_upgraded":5,"win_rate":0,"timestamp":1568235706,"path_taken":["M","?","$","M","?","R","M","E","T","R","M","?","?","$","R","BOSS","M","?","M","$","M","E","M","?","T","?","R","E","M","M","R","BOSS","M","M","M","$","M","E","R","?","T","M","M","?","M"],"build_version":"2019-07-17","purchased_purges":3,"victory":false,"max_hp_per_floor":[80,80,80,80,80,80,80,80,80,80,80,80,80,80,80,80,80,80,85,85,85,85,85,85,85,85,85,85,85,85,85,85,85,85,85,85,85,85,85,85,85,85,85,85,85,85,85],"card_choices":[{"not_picked":["Cleave","Headbutt"],"picked":"Rampage","floor":1},{"not_picked":["Perfected Strike","Power Through"],"picked":"Spot Weakness","floor":4},{"not_picked":["Uppercut","Cleave","Feel No Pain"],"picked":"SKIP","floor":5},{"not_picked":["Clothesline","Corruption"],"picked":"Battle Trance","floor":7},{"not_picked":["Perfected Strike","Headbutt"],"picked":"Double Tap","floor":8},{"not_picked":["Rupture","Clothesline"],"picked":"Shrug It Off","floor":11},{"not_picked":["Brutality","Bludgeon"],"picked":"Double Tap","floor":16},{"not_picked":["Flex","Warcry"],"picked":"Infernal Blade+1","floor":18},{"not_picked":["Flex","Uppercut"],"picked":"True Grit+1","floor":20},{"not_picked":["Carnage","Clash"],"picked":"Twin Strike","floor":22},{"not_picked":["Bludgeon","Thunderclap"],"picked":"Metallicize","floor":23},{"not_picked":["Combust","Blood for Blood"],"picked":"Metallicize","floor":24},{"not_picked":["Body Slam","Clothesline+1"],"picked":"Shrug It Off","floor":29},{"not_picked":["Clothesline","Pommel Strike"],"picked":"Intimidate","floor":30},{"not_picked":["True Grit","Spot Weakness"],"picked":"Cleave+1","floor":31},{"not_picked":["Brutality","Juggernaut"],"picked":"Limit Break","floor":33},{"not_picked":["Burning Pact","Second Wind+1"],"picked":"Ghostly Armor","floor":35},{"not_picked":["Pommel Strike+1","Clothesline","Feel No Pain"],"picked":"SKIP","floor":36},{"not_picked":["Perfected Strike+1","Dropkick+1"],"picked":"Twin Strike+1","floor":37},{"not_picked":["Body Slam+1","Shrug It Off+1"],"picked":"Sword Boomerang+1","floor":39},{"not_picked":["True Grit","Anger+1"],"picked":"Armaments+1","floor":40},{"not_picked":["True Grit","Body Slam+1"],"picked":"Reaper+1","floor":44},{"not_picked":["Iron Wave+1","Heavy Blade+1"],"picked":"Pommel Strike+1","floor":45}],"player_experience":48801,"relics_obtained":[{"floor":8,"key":"Bottled Lightning"},{"floor":9,"key":"Calipers"},{"floor":13,"key":"Omamori"},{"floor":23,"key":"Torii"},{"floor":26,"key":"Bird Faced Urn"},{"floor":29,"key":"Regal Pillow"},{"floor":40,"key":"Molten Egg 2"},{"floor":43,"key":"War Paint"},{"floor":46,"key":"Shovel"}],"event_choices":[{"damage_healed":0,"gold_gain":275,"player_choice":"Desecrate","damage_taken":0,"max_hp_gain":0,"max_hp_loss":0,"event_name":"Golden Shrine","floor":2,"gold_loss":0,"cards_obtained":["Regret"]},{"damage_healed":0,"gold_gain":75,"player_choice":"Gather Gold","damage_taken":11,"max_hp_gain":0,"max_hp_loss":0,"event_name":"World of Goop","floor":12,"gold_loss":0},{"damage_healed":0,"gold_gain":0,"player_choice":"Shed Blood","damage_taken":20,"max_hp_gain":5,"max_hp_loss":0,"event_name":"Forgotten Altar","floor":19,"gold_loss":0},{"damage_healed":0,"gold_gain":0,"player_choice":"Paid Fearfully","damage_taken":0,"max_hp_gain":0,"max_hp_loss":0,"event_name":"Masked Bandits","floor":25,"gold_loss":90},{"damage_healed":0,"gold_gain":0,"player_choice":"Embrace Madness","damage_taken":11,"max_hp_gain":0,"max_hp_loss":0,"event_name":"Winding Halls","floor":42,"gold_loss":0,"cards_obtained":["Madness","Madness"]},{"damage_healed":0,"gold_gain":0,"player_choice":"Fight","damage_taken":0,"max_hp_gain":0,"max_hp_loss":0,"event_name":"Mysterious Sphere","floor":46,"gold_loss":0}],"is_beta":false,"boss_relics":[{"not_picked":["Calling Bell","Snecko Eye"],"picked":"Cursed Key"},{"not_picked":["Sozu","White Beast Statue"],"picked":"Astrolabe"}],"items_purged_floors":[3,14,21],"is_endless":false,"potions_floor_spawned":[4,7,11,16,20,23,24,29,31,36,37,44,45],"killed_by":"Spire Growth","ascension_level":0}