{"gold_per_floor":[369,4,23,41,59,59,89,104,150,150,179,207,207,236,236,315,315,329,329,339,91,107,107,134,134,134,134,160,195,215,229,229,301,301,311,325,325,325,59,92,92,122,122,122,148,168,181,200,200,200,200],"floor_reached":51,"playtime":2584,"items_purged":["Anger","Strike_R"],"score":1640,"play_id":"47b167c1-fa73-46db-940a-b6ca9424cb7c","local_time":"20191016100133","is_ascension_mode":true,"campfire_choices":[{"data":"Inflame","floor":6.0,"key":"SMITH"},{"data":"Armaments","floor":10.0,"key":"SMITH"},{"data":"Immolate","floor":15.0,"key":"SMITH"},{"data":"Shockwave","floor":23.0,"key":"SMITH"},{"data":"Shrug It Off","floor":27.0,"key":"SMITH"},{"data":"Offering","floor":32.0,"key":"SMITH"},{"data":"Defend_R","floor":41.0,"key":"SMITH"},{"floor":44.0,"key":"REST"},{"floor":49.0,"key":"REST"}],"neow_cost":"PERCENT_DAMAGE","seed_source_timestamp":132651443235299,"circlet_count":0,"master_deck":["AscendersBane","Strike_R","Strike_R","Defend_R","Defend_R","Defend_R","Defend_R+1","Bash","Inflame+1","Shrug It Off+1","Armaments+1","Immolate+1","Offering+1","Shockwave+1","Dark Embrace","Clothesline+1","Spot Weakness+1","Shrug It Off+1","Limit Break+1","Flame Barrier+1","Shrug It Off+1","Sentinel+1","Entrench+1","Body Slam","Power Through+1"],"special_seed":0,"relics":["Burning Blood","Medical Kit","Dodecahedron","Omamori","Red Skull","Odd Mushroom","Strawberry","Snecko Eye","Meat on the Bone","Sling","Toxic Egg 2","Nilry\u0027s Codex","Sundial","Red Mask","Centennial Puzzle","Mark of Pain","Bag of Preparation","Thread and Needle","Bronze Scales","PreservedInsect","HornCleat"],"potions_floor_usage":[51],"damage_taken":[{"damage":9.0,"enemies":"Jaw Worm","floor":1.0,"turns":5.0},{"damage":6.0,"enemies":"2 Louse","floor":3.0,"turns":3.0},{"damage":1.0,"enemies":"Cultist","floor":4.0,"turns":3.0},{"damage":11.0,"enemies":"Blue Slaver","floor":5.0,"turns":4.0},{"damage":13.0,"enemies":"3 Sentries","floor":7.0,"turns":3.0},{"damage":5.0,"enemies":"Large Slime","floor":8.0,"turns":5.0},{"damage":15.0,"enemies":"Lagavulin","floor":11.0,"turns":6.0},{"damage":6.0,"enemies":"The Mushroom Lair","floor":12.0,"turns":3.0},{"damage":8.0,"enemies":"Gremlin Nob","floor":14.0,"turns":3.0},{"damage":11.0,"enemies":"The Guardian","floor":16.0,"turns":13.0},{"damage":6.0,"enemies":"Chosen","floor":18.0,"turns":3.0},{"damage":6.0,"enemies":"3 Byrds","floor":20.0,"turns":4.0},{"damage":26.0,"enemies":"Snake Plant","floor":22.0,"turns":4.0},{"damage":0.0,"enemies":"Slavers","floor":24.0,"turns":1.0},{"damage":0.0,"enemies":"Masked Bandits","floor":28.0,"turns":3.0},{"damage":6.0,"enemies":"Gremlin Leader","floor":29.0,"turns":4.0},{"damage":0.0,"enemies":"Centurion and Healer","floor":30.0,"turns":2.0},{"damage":6.0,"enemies":"Shelled Parasite and Fungi","floor":31.0,"turns":1.0},{"damage":25.0,"enemies":"Automaton","floor":33.0,"turns":5.0},{"damage":0.0,"enemies":"3 Shapes","floor":35.0,"turns":7.0},{"damage":24.0,"enemies":"3 Darklings","floor":36.0,"turns":3.0},{"damage":17.0,"enemies":"Nemesis","floor":40.0,"turns":5.0},{"damage":17.0,"enemies":"Giant Head","floor":42.0,"turns":6.0},{"damage":35.0,"enemies":"Reptomancer","floor":45.0,"turns":5.0},{"damage":1.0,"enemies":"Jaw Worm Horde","floor":46.0,"turns":2.0},{"damage":7.0,"enemies":"Maw","floor":47.0,"turns":6.0},{"damage":27.0,"enemies":"3 Darklings","floor":48.0,"turns":4.0},{"damage":56.0,"enemies":"Awakened One","floor":50.0,"turns":7.0},{"damage":37,"enemies":"Time Eater","floor":51,"turns":14}],"seed_played":"-2887794488936937865","potions_obtained":[{"floor":3.0,"key":"Explosive Potion"},{"floor":4.0,"key":"FairyPotion"},{"floor":5.0,"key":"DuplicationPotion"},{"floor":11.0,"key":"Strength Potion"},{"floor":20.0,"key":"AttackPotion"},{"floor":24.0,"key":"PowerPotion"},{"floor":28.0,"key":"SneckoOil"},{"floor":30.0,"key":"PowerPotion"},{"floor":40.0,"key":"SpeedPotion"},{"floor":47.0,"key":"Dexterity Potion"}],"is_trial":false,"path_per_floor":["M","$","M","M","M","R","E","M","T","R","E","?","?","E","R","B",null,"M","?","M","$","M","R","E","?","T","R","?","E","M","M","R","B",null,"M","M","?","?","$","E","R","E","T","R","E","M","M","M","R","B","B"],"character_chosen":"IRONCLAD","items_purchased":["Inflame","Shrug It Off","Medical Kit","PowerPotion","Sling","Bag of Preparation"],"campfire_rested":2,"item_purchase_floors":[2,2,2,2,21,39],"current_hp_per_floor":[47,47,47,52,47,47,40,41,41,41,32,32,25,30,30,25,68,68,68,68,68,48,48,54,33,33,33,51,51,57,57,57,50,74,80,62,62,62,62,51,51,52,52,75,46,51,50,41,64,26,0],"gold":200,"neow_bonus":"TWO_FIFTY_GOLD","is_prod":false,"is_daily":false,"chose_seed":false,"campfire_upgraded":7,"win_rate":0,"timestamp":1571245293,"path_taken":["M","$","M","M","M","R","E","M","T","R","E","?","?","E","R","BOSS","M","?","?","$","M","R","E","?","T","R","?","E","M","M","R","BOSS","M","M","?","?","$","E","R","E","T","R","E","M","M","M","R","BOSS","BOSS"],"build_version":"2019-10-15","purchased_purges":2,"victory":false,"max_hp_per_floor":[75,75,75,75,75,75,75,75,75,75,75,75,75,82,82,82,82,82,82,82,82,82,82,82,82,82,82,82,82,82,82,82,82,82,82,82,78,78,78,78,78,78,78,78,78,78,78,78,78,78,78],"card_choices":[{"not_picked":["Pommel Strike","Havoc","Flex"],"picked":"SKIP","floor":1.0},{"not_picked":["Inflame","Iron Wave"],"picked":"Anger","floor":3.0},{"not_picked":["Pommel Strike","Intimidate"],"picked":"Armaments","floor":4.0},{"not_picked":["Shrug It Off","Entrench"],"picked":"Immolate","floor":5.0},{"not_picked":["Burning Pact","Combust","Thunderclap"],"picked":"SKIP","floor":7.0},{"not_picked":["Pummel","Havoc","Dropkick"],"picked":"SKIP","floor":8.0},{"not_picked":["Thunderclap","Searing Blow","Headbutt"],"picked":"SKIP","floor":11.0},{"not_picked":["Flex","Infernal Blade","Bloodletting"],"picked":"SKIP","floor":14.0},{"not_picked":["Brutality","Immolate"],"picked":"Offering","floor":16.0},{"not_picked":["Perfected Strike","Blood for Blood"],"picked":"Shockwave","floor":18.0},{"not_picked":["Armaments","Sword Boomerang","Perfected Strike+1"],"picked":"SKIP","floor":20.0},{"not_picked":["Twin Strike","Body Slam"],"picked":"Dark Embrace","floor":22.0},{"not_picked":["Shockwave","Pommel Strike"],"picked":"Clothesline+1","floor":24.0},{"not_picked":["Metallicize+1","Disarm+1"],"picked":"Spot Weakness+1","floor":28.0},{"not_picked":["Whirlwind","Rampage","Blood for Blood"],"picked":"SKIP","floor":29.0},{"not_picked":["Armaments+1","Iron Wave","Searing Blow"],"picked":"SKIP","floor":30.0},{"not_picked":["Cleave","Body Slam"],"picked":"Shrug It Off+1","floor":31.0},{"not_picked":["Dark Embrace","Fiend Fire"],"picked":"Limit Break+1","floor":33.0},{"not_picked":["Anger","Dropkick"],"picked":"Flame Barrier+1","floor":35.0},{"not_picked":["Sever Soul+1","Havoc+1"],"picked":"Shrug It Off+1","floor":36.0},{"not_picked":["Whirlwind","Havoc+1"],"picked":"Sentinel+1","floor":40.0},{"not_picked":["Twin Strike+1","Dropkick+1","Feed"],"picked":"SKIP","floor":42.0},{"not_picked":["Pommel Strike","Ghostly Armor+1"],"picked":"Entrench+1","floor":45.0},{"not_picked":["Flex+1","Anger","Armaments+1"],"picked":"SKIP","floor":46.0},{"not_picked":["Sentinel+1","Searing Blow"],"picked":"Body Slam","floor":47.0},{"not_picked":["Intimidate+1","Blood for Blood"],"picked":"Power Through+1","floor":48.0}],"player_experience":1585034,"relics_obtained":[{"floor":7.0,"key":"Dodecahedron"},{"floor":9.0,"key":"Omamori"},{"floor":11.0,"key":"Red Skull"},{"floor":12.0,"key":"Odd Mushroom"},{"floor":14.0,"key":"Strawberry"},{"floor":24.0,"key":"Toxic Egg 2"},{"floor":25.0,"key":"Nilry\u0027s Codex"},{"floor":26.0,"key":"Sundial"},{"floor":28.0,"key":"Red Mask"},{"floor":29.0,"key":"Centennial Puzzle"},{"floor":40.0,"key":"Thread and Needle"},{"floor":42.0,"key":"Bronze Scales"},{"floor":43.0,"key":"PreservedInsect"},{"floor":45.0,"key":"HornCleat"}],"event_choices":[{"damage_healed":0.0,"max_hp_gain":0.0,"max_hp_loss":0.0,"gold_gain":0.0,"event_name":"Mushrooms","player_choice":"Fought Mushrooms","floor":12.0,"gold_loss":0.0,"damage_taken":0.0},{"cards_removed":["Strike_R"],"damage_healed":0.0,"max_hp_gain":0.0,"max_hp_loss":0.0,"gold_gain":0.0,"event_name":"Golden Wing","player_choice":"Card Removal","floor":13.0,"gold_loss":0.0,"damage_taken":7.0},{"damage_healed":0.0,"max_hp_gain":0.0,"max_hp_loss":0.0,"gold_gain":0.0,"event_name":"WeMeetAgain","player_choice":"Gave Potion","floor":19.0,"gold_loss":0.0,"damage_taken":0.0,"relics_obtained":["Meat on the Bone"]},{"damage_healed":0.0,"max_hp_gain":0.0,"max_hp_loss":0.0,"gold_gain":0.0,"event_name":"Cursed Tome","player_choice":"Obtained Book","floor":25.0,"gold_loss":0.0,"damage_taken":21.0},{"damage_healed":0.0,"max_hp_gain":0.0,"max_hp_loss":0.0,"gold_gain":0.0,"event_name":"Masked Bandits","player_choice":"Fought Bandits","floor":28.0,"gold_loss":0.0,"damage_taken":0.0},{"damage_healed":0.0,"max_hp_gain":0.0,"max_hp_loss":4.0,"gold_gain":0.0,"event_name":"Winding Halls","player_choice":"Max HP","floor":37.0,"gold_loss":0.0,"damage_taken":0.0},{"cards_removed":["Strike_R"],"damage_healed":0.0,"max_hp_gain":0.0,"max_hp_loss":0.0,"gold_gain":0.0,"event_name":"Purifier","player_choice":"Purged","floor":38.0,"gold_loss":0.0,"damage_taken":0.0}],"is_beta":true,"boss_relics":[{"not_picked":["Fusion Hammer","Busted Crown"],"picked":"Snecko Eye"},{"not_picked":["Runic Dome","Cursed Key"],"picked":"Mark of Pain"}],"items_purged_floors":[21,39],"is_endless":false,"potions_floor_spawned":[3,4,5,11,20,24,28,29,30,40,47],"killed_by":"Time Eater","ascension_level":20}