{"gold_per_floor":[362,379,395,412,78,78,106,106,106,106,106],"floor_reached":11,"playtime":463,"items_purged":[],"score":146,"play_id":"aed8cbde-83e5-4c4a-8dce-12500c379b62","local_time":"20190926085416","is_ascension_mode":true,"campfire_choices":[{"data":"Barricade","floor":6.0,"key":"SMITH"}],"neow_cost":"TEN_PERCENT_HP_LOSS","seed_source_timestamp":376284825229219,"circlet_count":0,"master_deck":["AscendersBane","Strike_R","Strike_R","Strike_R","Strike_R","Strike_R","Defend_R","Defend_R","Defend_R","Defend_R","Bash","Anger","Barricade+1","Ghostly Armor+1","True Grit+1"],"special_seed":0,"relics":["Burning Blood","Toxic Egg 2","Blood Vial","The Courier"],"potions_floor_usage":[],"damage_taken":[{"damage":7.0,"enemies":"2 Louse","floor":1.0,"turns":5.0},{"damage":11.0,"enemies":"Jaw Worm","floor":2.0,"turns":4.0},{"damage":0.0,"enemies":"Cultist","floor":3.0,"turns":2.0},{"damage":29.0,"enemies":"Large Slime","floor":4.0,"turns":11.0},{"damage":25.0,"enemies":"3 Sentries","floor":7.0,"turns":7.0},{"damage":51,"enemies":"Gremlin Nob","floor":11,"turns":4}],"seed_played":"-3205708450355319973","potions_obtained":[{"floor":2.0,"key":"LiquidBronze"},{"floor":3.0,"key":"Swift Potion"},{"floor":4.0,"key":"AttackPotion"}],"is_trial":false,"path_per_floor":["M","M","M","M","$","R","E","?","T","?","E"],"character_chosen":"IRONCLAD","items_purchased":["Toxic Egg 2","True Grit+1"],"campfire_rested":0,"item_purchase_floors":[5,5],"current_hp_per_floor":[67,62,68,45,45,45,26,26,26,26,0],"gold":106,"neow_bonus":"TWO_FIFTY_GOLD","is_prod":false,"is_daily":false,"chose_seed":false,"campfire_upgraded":1,"win_rate":0,"timestamp":1569513256,"path_taken":["M","M","M","M","$","R","E","?","T","?","E"],"build_version":"2019-07-17","purchased_purges":0,"victory":false,"max_hp_per_floor":[68,68,68,68,68,68,68,68,68,68,68],"card_choices":[{"not_picked":["Cleave","Clash","Carnage"],"picked":"SKIP","floor":1.0},{"not_picked":["Wild Strike","Iron Wave"],"picked":"Anger","floor":2.0},{"not_picked":["Twin Strike","True Grit"],"picked":"Barricade","floor":3.0},{"not_picked":["Perfected Strike","Combust"],"picked":"Ghostly Armor","floor":4.0},{"not_picked":["Havoc+1","Cleave","Dropkick"],"picked":"SKIP","floor":7.0}],"player_experience":357900,"relics_obtained":[{"floor":7.0,"key":"Blood Vial"},{"floor":9.0,"key":"The Courier"}],"event_choices":[{"damage_healed":0.0,"max_hp_gain":0.0,"max_hp_loss":0.0,"gold_gain":0.0,"event_name":"Liars Game","player_choice":"Ignored","floor":8.0,"gold_loss":0.0,"damage_taken":0.0},{"damage_healed":0.0,"max_hp_gain":0.0,"max_hp_loss":0.0,"gold_gain":0.0,"event_name":"Upgrade Shrine","player_choice":"Upgraded","floor":10.0,"gold_loss":0.0,"damage_taken":0.0,"cards_upgraded":["Ghostly Armor"]}],"is_beta":false,"boss_relics":[],"items_purged_floors":[],"is_endless":false,"potions_floor_spawned":[2,3,4],"killed_by":"Gremlin Nob","ascension_level":20}