{"gold_per_floor":[16,26,36,36,46,79,79,111,111,111,126,126],"floor_reached":12,"playtime":649,"items_purged":[],"score":122,"play_id":"41abf128-90ec-4abf-84be-1e15ad582127","local_time":"20190927213253","is_ascension_mode":true,"campfire_choices":[{"floor":7,"key":"REST"},{"floor":10,"key":"REST"}],"neow_cost":"NO_GOLD","seed_source_timestamp":653834243054900,"circlet_count":0,"master_deck":["Strike_B","Strike_B","Strike_B","Defend_B","Defend_B","Defend_B","Zap","Dualcast","Go for the Eyes","Scrape","Streamline","Conserve Battery","BootSequence","Compile Driver"],"relics":["Cracked Core","Juzu Bracelet","Letter Opener","Cables"],"potions_floor_usage":[6,8,8,12],"damage_taken":[{"damage":0,"enemies":"Small Slimes","floor":1,"turns":3},{"damage":0,"enemies":"Cultist","floor":2,"turns":3},{"damage":4,"enemies":"Jaw Worm","floor":3,"turns":2},{"damage":29,"enemies":"Exordium Thugs","floor":5,"turns":4},{"damage":23,"enemies":"Lagavulin","floor":6,"turns":7},{"damage":30,"enemies":"Gremlin Nob","floor":8,"turns":4},{"damage":0,"enemies":"2 Fungi Beasts","floor":11,"turns":3},{"damage":28,"enemies":"3 Sentries","floor":12,"turns":4}],"seed_played":"-1077414406158947241","potions_obtained":[{"floor":1,"key":"PowerPotion"},{"floor":5,"key":"SkillPotion"},{"floor":6,"key":"GamblersBrew"},{"floor":8,"key":"PowerPotion"}],"is_trial":false,"path_per_floor":["M","M","M","?","M","E","R","E","T","R","M","E"],"character_chosen":"DEFECT","items_purchased":[],"campfire_rested":2,"item_purchase_floors":[],"current_hp_per_floor":[68,68,64,64,35,12,34,4,4,26,26,0],"gold":126,"neow_bonus":"REMOVE_TWO","is_prod":false,"is_daily":false,"chose_seed":false,"campfire_upgraded":0,"win_rate":0,"timestamp":1569612773,"path_taken":["M","M","M","?","?","E","R","E","T","R","M","E"],"build_version":"2019-07-17","purchased_purges":0,"victory":false,"max_hp_per_floor":[75,75,75,75,75,75,75,75,75,75,75,75],"card_choices":[{"not_picked":["Lockon","Stack"],"picked":"Go for the Eyes","floor":1},{"not_picked":["Barrage","Redo"],"picked":"Scrape","floor":2},{"not_picked":["Scrape","Stack"],"picked":"Streamline","floor":3},{"not_picked":["Sunder","Stack"],"picked":"Conserve Battery","floor":5},{"not_picked":["Blizzard","Coolheaded"],"picked":"BootSequence","floor":6},{"not_picked":["Tempest","Skim","Fusion"],"picked":"SKIP","floor":8},{"not_picked":["Redo","Turbo"],"picked":"Compile Driver","floor":11}],"player_experience":263429,"relics_obtained":[{"floor":6,"key":"Juzu Bracelet"},{"floor":8,"key":"Letter Opener"},{"floor":9,"key":"Cables"}],"event_choices":[{"damage_healed":0,"gold_gain":0,"player_choice":"0 cards matched","damage_taken":0,"max_hp_gain":0,"max_hp_loss":0,"event_name":"Match and Keep!","floor":4,"gold_loss":0,"cards_obtained":[]}],"is_beta":false,"boss_relics":[],"items_purged_floors":[],"is_endless":false,"potions_floor_spawned":[1,5,6,8],"killed_by":"3 Sentries","ascension_level":7}