{"gold_per_floor":[118,118,128,147,157,157,157,192,192,192,208,208,223,243,243,344,344,359,375,406,406,406,406,424,442,742,742,742,765,765,782,782,883,883,899,999,999,348,348,378,398,620,620,620,580,626,645,191,191,191],"floor_reached":51,"playtime":4179,"items_purged":["Defend_R","Defend_R"],"score":725,"play_id":"d9d47161-0b5e-493e-89f0-4b937edf7348","local_time":"20190616151108","is_ascension_mode":false,"campfire_choices":[{"data":"Cleave","floor":6.0,"key":"SMITH"},{"data":"Metallicize","floor":10.0,"key":"SMITH"},{"data":"Cleave","floor":15.0,"key":"SMITH"},{"floor":23.0,"key":"REST"},{"data":"Pommel Strike","floor":27.0,"key":"SMITH"},{"floor":32.0,"key":"REST"},{"floor":49,"key":"REST"}],"neow_cost":"NONE","seed_source_timestamp":0,"circlet_count":0,"master_deck":["Bash","Cleave+1","Cleave+1","Shrug It Off","Metallicize+1","Shrug It Off","Pommel Strike+1","Juggernaut","Shrug It Off","Whirlwind+1","Necronomicurse","Shrug It Off","Bite","Bite","Bite","Bite","Bite","Barricade","Armaments+1","Intimidate","Warcry","Madness","Madness"],"special_seed":0,"relics":["Burning Blood","Shuriken","Red Skull","Pear","Philosopher\u0027s Stone","Red Mask","Necronomicon","Old Coin","Happy Flower","MutagenicStrength","Sozu","Pocketwatch","Centennial Puzzle","Champion Belt","Juzu Bracelet","Mummified Hand","Ginger","Omamori","HandDrill"],"potions_floor_usage":[],"damage_taken":[{"damage":1.0,"enemies":"Cultist","floor":1.0,"turns":3.0},{"damage":3.0,"enemies":"Jaw Worm","floor":3.0,"turns":5.0},{"damage":1.0,"enemies":"2 Louse","floor":4.0,"turns":2.0},{"damage":4.0,"enemies":"Gremlin Gang","floor":5.0,"turns":3.0},{"damage":41.0,"enemies":"Lagavulin","floor":8.0,"turns":6.0},{"damage":0.0,"enemies":"2 Fungi Beasts","floor":11.0,"turns":3.0},{"damage":2.0,"enemies":"3 Louse","floor":13.0,"turns":4.0},{"damage":1.0,"enemies":"Large Slime","floor":14.0,"turns":5.0},{"damage":38.0,"enemies":"The Guardian","floor":16.0,"turns":15.0},{"damage":7.0,"enemies":"Shell Parasite","floor":18.0,"turns":6.0},{"damage":14.0,"enemies":"2 Thieves","floor":19.0,"turns":4.0},{"damage":39.0,"enemies":"Masked Bandits","floor":20.0,"turns":5.0},{"damage":0.0,"enemies":"Snecko","floor":24.0,"turns":4.0},{"damage":17.0,"enemies":"3 Cultists","floor":25.0,"turns":3.0},{"damage":25.0,"enemies":"Shelled Parasite and Fungi","floor":31.0,"turns":4.0},{"damage":52.0,"enemies":"Collector","floor":33.0,"turns":7.0},{"damage":15,"enemies":"3 Shapes","floor":35,"turns":1},{"damage":0,"enemies":"Mind Bloom Boss Battle","floor":36,"turns":4},{"damage":10,"enemies":"Nemesis","floor":40,"turns":7},{"damage":0,"enemies":"3 Darklings","floor":41,"turns":3},{"damage":52,"enemies":"2 Orb Walkers","floor":46,"turns":6},{"damage":19,"enemies":"Writhing Mass","floor":47,"turns":4},{"damage":41,"enemies":"Awakened One","floor":50,"turns":9}],"seed_played":"3425463511609448631","potions_obtained":[{"floor":5.0,"key":"Swift Potion"},{"floor":8.0,"key":"Poison Potion"},{"floor":12.0,"key":"Energy Potion"},{"floor":19.0,"key":"Strength Potion"},{"floor":25.0,"key":"BloodPotion"}],"is_trial":false,"path_per_floor":["M","?","M","M","M","R","?","E","T","R","M","?","M","M","R","B",null,"M","M","?","?","?","R","M","M","T","R","?","T","?","M","R","B",null,"M","?","?","$","?","E","M","?","T","?","?","?","M","$","R","B",null],"character_chosen":"IRONCLAD","items_purchased":["Intimidate","Warcry","Centennial Puzzle","Champion Belt","Omamori","HandDrill"],"campfire_rested":3,"item_purchase_floors":[38,38,38,38,48,48],"current_hp_per_floor":[80,80,80,80,80,80,80,45,55,55,61,61,65,70,70,38,90,89,81,48,32,14,42,48,37,37,37,37,37,37,32,51,23,66,57,66,66,66,66,66,66,66,66,58,58,30,29,29,48,45],"gold":191,"neow_bonus":"REMOVE_CARD","is_prod":false,"is_daily":false,"chose_seed":false,"campfire_upgraded":4,"win_rate":0.0,"timestamp":1560723068,"path_taken":["M","?","M","M","?","R","?","E","T","R","?","?","M","?","R","BOSS","M","M","?","?","?","R","M","M","T","R","?","?","?","M","R","BOSS","M","?","?","$","?","E","M","?","T","?","?","?","M","$","R","BOSS"],"build_version":"2019-01-23","purchased_purges":2,"victory":true,"max_hp_per_floor":[80,80,80,80,80,80,80,80,90,90,90,90,90,90,90,90,90,90,90,90,90,95,95,95,95,95,95,66,66,66,66,66,66,66,66,66,66,66,66,66,66,66,66,66,66,66,66,66,66,66],"card_choices":[{"not_picked":["Clothesline","Intimidate"],"picked":"Cleave","floor":1.0},{"not_picked":["Warcry","Sword Boomerang"],"picked":"Cleave","floor":3.0},{"not_picked":["Body Slam","Perfected Strike"],"picked":"Shrug It Off","floor":4.0},{"not_picked":["Bloodletting","Warcry","Clothesline"],"picked":"SKIP","floor":5.0},{"not_picked":["Battle Trance","Whirlwind"],"picked":"Metallicize","floor":8.0},{"not_picked":["Thunderclap","Sword Boomerang"],"picked":"Shrug It Off","floor":11.0},{"not_picked":["Corruption","Flame Barrier"],"picked":"Pommel Strike","floor":13.0},{"not_picked":["Rupture","Warcry","Heavy Blade"],"picked":"SKIP","floor":14.0},{"not_picked":["Fiend Fire","Reaper"],"picked":"Juggernaut","floor":16.0},{"not_picked":["Body Slam","Anger+1","Entrench+1"],"picked":"SKIP","floor":18.0},{"not_picked":["Heavy Blade+1","Flex"],"picked":"Shrug It Off","floor":19.0},{"not_picked":["Combust","Entrench+1"],"picked":"Whirlwind+1","floor":20.0},{"not_picked":["Warcry","Seeing Red","Heavy Blade"],"picked":"SKIP","floor":24.0},{"not_picked":["Hemokinesis","Warcry"],"picked":"Shrug It Off","floor":25.0},{"not_picked":["Heavy Blade","Body Slam","Feel No Pain"],"picked":"SKIP","floor":31.0},{"not_picked":["Reaper","Double Tap"],"picked":"Barricade","floor":33.0},{"not_picked":["Thunderclap+1","True Grit+1"],"picked":"Armaments+1","floor":35},{"not_picked":["Sever Soul","Heavy Blade+1","Sword Boomerang"],"picked":"SKIP","floor":40},{"not_picked":["Shrug It Off","Thunderclap","Flex"],"picked":"SKIP","floor":41},{"not_picked":["Shrug It Off","Cleave","Pommel Strike"],"picked":"SKIP","floor":47}],"player_experience":14774,"relics_obtained":[{"floor":7.0,"key":"Shuriken"},{"floor":8.0,"key":"Red Skull"},{"floor":9.0,"key":"Pear"},{"floor":20.0,"key":"Red Mask"},{"floor":21.0,"key":"Necronomicon"},{"floor":26.0,"key":"Old Coin"},{"floor":29.0,"key":"Happy Flower"},{"floor":36,"key":"Pocketwatch"},{"floor":40,"key":"Juzu Bracelet"},{"floor":43,"key":"Mummified Hand"},{"floor":46,"key":"Ginger"}],"event_choices":[{"cards_removed":["Strike_R"],"damage_healed":0.0,"max_hp_gain":0.0,"max_hp_loss":0.0,"gold_gain":0.0,"event_name":"Purifier","player_choice":"Purged","floor":2.0,"gold_loss":0.0,"damage_taken":0.0},{"damage_healed":0.0,"max_hp_gain":0.0,"max_hp_loss":0.0,"gold_gain":0.0,"event_name":"Wheel of Change","player_choice":"Relic","floor":7.0,"gold_loss":0.0,"damage_taken":0.0},{"damage_healed":0.0,"max_hp_gain":0.0,"max_hp_loss":0.0,"gold_gain":0.0,"event_name":"Lab","player_choice":"Got Potions","floor":12.0,"gold_loss":0.0,"damage_taken":0.0},{"damage_healed":0.0,"max_hp_gain":0.0,"max_hp_loss":0.0,"gold_gain":0.0,"event_name":"Masked Bandits","player_choice":"Fought Bandits","floor":20.0,"gold_loss":0.0,"damage_taken":0.0},{"damage_healed":0.0,"max_hp_gain":0.0,"max_hp_loss":0.0,"gold_gain":0.0,"event_name":"Cursed Tome","player_choice":"Obtained Book","floor":21.0,"gold_loss":0.0,"damage_taken":16.0},{"damage_healed":0.0,"max_hp_gain":5.0,"max_hp_loss":0.0,"gold_gain":0.0,"event_name":"Forgotten Altar","player_choice":"Shed Blood","floor":22.0,"gold_loss":0.0,"damage_taken":23.0},{"damage_healed":0.0,"max_hp_gain":0.0,"max_hp_loss":29.0,"gold_gain":0.0,"event_name":"Vampires","player_choice":"Became a vampire","floor":28.0,"gold_loss":0.0,"damage_taken":0.0,"cards_obtained":["Bite","Bite","Bite","Bite","Bite"]},{"damage_healed":0.0,"max_hp_gain":0.0,"max_hp_loss":0.0,"gold_gain":0.0,"event_name":"Drug Dealer","player_choice":"Inject Mutagens","floor":30.0,"gold_loss":0.0,"damage_taken":0.0,"relics_obtained":["MutagenicStrength"]},{"damage_healed":0,"gold_gain":0,"player_choice":"Fight","damage_taken":0,"max_hp_gain":0,"max_hp_loss":0,"event_name":"MindBloom","floor":36,"gold_loss":0},{"cards_removed":["Defend_R"],"damage_healed":0,"gold_gain":0,"player_choice":"Removed Skill","damage_taken":0,"max_hp_gain":0,"max_hp_loss":0,"event_name":"Falling","floor":37,"gold_loss":0},{"cards_removed":["Defend_R"],"damage_healed":0,"gold_gain":0,"player_choice":"Offered Basic","damage_taken":0,"max_hp_gain":0,"max_hp_loss":0,"event_name":"Bonfire Elementals","floor":39,"gold_loss":0},{"damage_healed":0,"gold_gain":222,"player_choice":"Wore Mask","damage_taken":0,"max_hp_gain":0,"max_hp_loss":0,"event_name":"Tomb of Lord Red Mask","floor":42,"gold_loss":0},{"damage_healed":0,"gold_gain":0,"player_choice":"Embrace Madness","damage_taken":8,"max_hp_gain":0,"max_hp_loss":0,"event_name":"Winding Halls","floor":44,"gold_loss":0,"cards_obtained":["Madness","Madness"]},{"damage_healed":0,"gold_gain":0,"player_choice":"Bought 3 Potions","damage_taken":0,"max_hp_gain":0,"max_hp_loss":0,"event_name":"The Woman in Blue","floor":45,"gold_loss":0},{"damage_healed":0,"gold_gain":0,"player_choice":"Fight","damage_taken":0,"max_hp_gain":0,"max_hp_loss":0,"event_name":"Mysterious Sphere","floor":46,"gold_loss":0}],"is_beta":false,"boss_relics":[{"not_picked":["Ectoplasm","Black Blood"],"picked":"Philosopher\u0027s Stone"},{"not_picked":["Snecko Eye","Velvet Choker"],"picked":"Sozu"}],"items_purged_floors":[38,48],"is_endless":false,"potions_floor_spawned":[5,8,19,25,41,46],"ascension_level":0}