{"gold_per_floor":[215,51,51,68,81,81,112,112,135,146,146,157,82,100,100,205,205,215,215,215,225,135,135,169,169,169,200,23,53,67,87,87,191,191,210,46,61,61,79,79,107,120,146,146],"floor_reached":44,"playtime":2690,"items_purged":["Dark Embrace","Defend_R","Defend_R"],"score":626,"play_id":"b3e25ad5-b3df-4c54-b623-561d841da5f8","local_time":"20190914154420","is_ascension_mode":true,"campfire_choices":[{"data":"Anger","floor":6,"key":"SMITH"},{"data":"Combust","floor":8,"key":"SMITH"},{"data":"Iron Wave","floor":11,"key":"SMITH"},{"data":"Rupture","floor":15,"key":"SMITH"},{"data":"Body Slam","floor":23,"key":"SMITH"},{"data":"Body Slam","floor":25,"key":"SMITH"},{"data":"Flame Barrier","floor":32,"key":"SMITH"},{"data":"Combust","floor":40,"key":"SMITH"}],"neow_cost":"NONE","seed_source_timestamp":185215011364600,"circlet_count":0,"master_deck":["Strike_R","Strike_R","Defend_R","Defend_R","Bash","Iron Wave+1","Impervious+1","Headbutt","Pommel Strike","Anger+1","Combust+1","Rupture+1","Disarm","Infernal Blade","Impervious","Body Slam+1","Impervious","Burning Pact+1","Body Slam+1","Flame Barrier+1","Impervious","Shrug It Off+1","Offering","Armaments+1","Flame Barrier","Combust+1","Entrench+1","Flame Barrier+1"],"relics":["Burning Blood","Omamori","Bronze Scales","Coffee Dripper","Singing Bowl","Molten Egg 2","Kunai","Pantograph","Velvet Choker","Pen Nib","PreservedInsect"],"potions_floor_usage":[7,16,16,24,24,33,33,42,44],"damage_taken":[{"damage":6,"enemies":"Jaw Worm","floor":1,"turns":5},{"damage":6,"enemies":"Cultist","floor":4,"turns":3},{"damage":4,"enemies":"2 Louse","floor":5,"turns":3},{"damage":27,"enemies":"Gremlin Nob","floor":7,"turns":4},{"damage":1,"enemies":"2 Fungi Beasts","floor":10,"turns":2},{"damage":10,"enemies":"Lots of Slimes","floor":12,"turns":3},{"damage":11,"enemies":"Red Slaver","floor":14,"turns":2},{"damage":28,"enemies":"Slime Boss","floor":16,"turns":8},{"damage":28,"enemies":"Spheric Guardian","floor":18,"turns":6},{"damage":7,"enemies":"2 Thieves","floor":21,"turns":4},{"damage":33,"enemies":"Slavers","floor":24,"turns":4},{"damage":20,"enemies":"Gremlin Leader","floor":27,"turns":5},{"damage":0,"enemies":"Slavers","floor":29,"turns":5},{"damage":14,"enemies":"Snake Plant","floor":30,"turns":3},{"damage":4,"enemies":"Centurion and Healer","floor":31,"turns":5},{"damage":44,"enemies":"Automaton","floor":33,"turns":8},{"damage":6,"enemies":"3 Shapes","floor":35,"turns":4},{"damage":4,"enemies":"3 Darklings","floor":37,"turns":4},{"damage":36,"enemies":"4 Shapes","floor":39,"turns":5},{"damage":20,"enemies":"Nemesis","floor":41,"turns":7},{"damage":14,"enemies":"Transient","floor":42,"turns":5},{"damage":40,"enemies":"Reptomancer","floor":44,"turns":2}],"seed_played":"-1415465141390423743","potions_obtained":[{"floor":4,"key":"Energy Potion"},{"floor":7,"key":"Block Potion"},{"floor":10,"key":"FearPotion"},{"floor":16,"key":"SkillPotion"},{"floor":21,"key":"Strength Potion"},{"floor":24,"key":"SkillPotion"},{"floor":29,"key":"Weak Potion"},{"floor":33,"key":"Poison Potion"},{"floor":35,"key":"Dexterity Potion"},{"floor":39,"key":"SkillPotion"},{"floor":41,"key":"SteroidPotion"}],"is_trial":false,"path_per_floor":["M","$","?","M","M","R","E","R","T","M","R","M","$","M","R","B",null,"M","?","?","M","?","R","E","R","T","E","$","E","M","M","R","B",null,"M","$","M","$","M","R","E","M","T","E"],"character_chosen":"IRONCLAD","items_purchased":["Impervious","Impervious","Flame Barrier"],"campfire_rested":0,"item_purchase_floors":[2,28,36],"current_hp_per_floor":[80,80,80,80,80,80,59,59,59,64,64,60,60,55,55,33,80,58,58,63,62,62,62,35,35,35,21,21,29,21,25,25,12,84,84,84,84,84,54,54,42,34,34,0],"gold":146,"neow_bonus":"HUNDRED_GOLD","is_prod":false,"is_daily":false,"chose_seed":false,"campfire_upgraded":8,"win_rate":0,"timestamp":1568468660,"path_taken":["M","$","?","?","M","R","E","R","T","M","R","M","$","M","R","BOSS","M","?","?","?","?","R","E","R","T","E","$","E","M","M","R","BOSS","M","$","M","$","M","R","E","M","T","E"],"build_version":"2019-07-17","purchased_purges":3,"victory":false,"max_hp_per_floor":[80,80,80,80,80,80,80,80,80,80,80,80,80,80,80,80,80,80,80,80,80,80,80,80,80,80,80,80,82,82,84,84,84,84,84,84,84,84,84,84,86,86,86,86],"card_choices":[{"not_picked":["Warcry","Searing Blow"],"picked":"Iron Wave","floor":1},{"not_picked":["Evolve","Iron Wave"],"picked":"Pommel Strike","floor":4},{"not_picked":["Armaments","Perfected Strike"],"picked":"Anger","floor":5},{"not_picked":["Cleave","Clash"],"picked":"Combust","floor":7},{"not_picked":["True Grit","Infernal Blade"],"picked":"Rupture","floor":10},{"not_picked":["Rage","Pommel Strike"],"picked":"Disarm","floor":12},{"not_picked":["Anger","Demon Form"],"picked":"Infernal Blade","floor":14},{"not_picked":["Berserk","Immolate"],"picked":"Impervious","floor":16},{"not_picked":["Entrench","Sword Boomerang"],"picked":"Body Slam","floor":18},{"not_picked":["Headbutt+1","Disarm+1"],"picked":"Burning Pact+1","floor":21},{"not_picked":["Entrench","Iron Wave"],"picked":"Body Slam","floor":24},{"not_picked":["Metallicize","Twin Strike+1"],"picked":"Flame Barrier","floor":27},{"not_picked":["Intimidate+1","Sever Soul+1","True Grit"],"picked":"Singing Bowl","floor":29},{"not_picked":["Sentinel","Thunderclap+1"],"picked":"Shrug It Off+1","floor":30},{"not_picked":["Immolate+1","Wild Strike+1","Thunderclap+1"],"picked":"Singing Bowl","floor":31},{"not_picked":["Berserk","Limit Break"],"picked":"Offering","floor":33},{"not_picked":["Metallicize","Rage+1"],"picked":"Armaments+1","floor":35},{"not_picked":["Rampage+1","Flex+1"],"picked":"Combust","floor":37},{"not_picked":["True Grit","Clothesline+1"],"picked":"Entrench+1","floor":39},{"not_picked":["Clothesline+1","Immolate+1","Exhume"],"picked":"Singing Bowl","floor":41},{"not_picked":["Feel No Pain","Clash+1"],"picked":"Flame Barrier+1","floor":42}],"player_experience":127245,"relics_obtained":[{"floor":7,"key":"Omamori"},{"floor":9,"key":"Bronze Scales"},{"floor":24,"key":"Singing Bowl"},{"floor":26,"key":"Molten Egg 2"},{"floor":27,"key":"Kunai"},{"floor":29,"key":"Pantograph"},{"floor":41,"key":"Pen Nib"},{"floor":43,"key":"PreservedInsect"}],"event_choices":[{"damage_healed":0,"gold_gain":0,"player_choice":"2 cards matched","damage_taken":0,"max_hp_gain":0,"max_hp_loss":0,"event_name":"Match and Keep!","floor":3,"gold_loss":0,"cards_obtained":["Headbutt","Dark Embrace"]},{"damage_healed":0,"gold_gain":0,"cards_transformed":["Strike_R","Strike_R"],"player_choice":"Became Test Subject","damage_taken":0,"max_hp_gain":0,"max_hp_loss":0,"event_name":"Drug Dealer","floor":19,"gold_loss":0,"cards_obtained":["Sword Boomerang","Impervious"]},{"cards_removed":["Sword Boomerang"],"damage_healed":5,"gold_gain":0,"player_choice":"Offered Common","damage_taken":0,"max_hp_gain":0,"max_hp_loss":0,"event_name":"Bonfire Elementals","floor":20,"gold_loss":0},{"cards_removed":["Sword Boomerang"],"damage_healed":5,"gold_gain":0,"player_choice":"Offered Special","damage_taken":0,"max_hp_gain":0,"max_hp_loss":0,"event_name":"Bonfire Elementals","floor":20,"gold_loss":0},{"cards_removed":["Strike_R"],"damage_healed":0,"gold_gain":0,"player_choice":"Upgrade and Remove","damage_taken":0,"max_hp_gain":0,"max_hp_loss":0,"event_name":"Designer","floor":22,"gold_loss":90,"cards_upgraded":["Impervious"]}],"is_beta":false,"boss_relics":[{"not_picked":["White Beast Statue","Cursed Key"],"picked":"Coffee Dripper"},{"not_picked":["Tiny House","Black Star"],"picked":"Velvet Choker"}],"items_purged_floors":[13,28,36],"is_endless":false,"potions_floor_spawned":[4,7,10,16,21,24,29,33,35,39,41],"killed_by":"Reptomancer","ascension_level":3}