{"gold_per_floor":[117,133,133,133,158,191,161,179,206,238,270,282,93,114,114,240,240,259,259,274,26,40,59,82,82,82,82],"floor_reached":27,"playtime":2884,"items_purged":["Strike_B","Strike_B"],"score":219,"play_id":"d2f9012f-2fb0-484c-aab1-2d4016753dac","local_time":"20190621074103","is_ascension_mode":false,"campfire_choices":[{"floor":15.0,"key":"REST"},{"floor":25,"key":"REST"}],"neow_cost":"NONE","seed_source_timestamp":714461188089866,"circlet_count":0,"master_deck":["Strike_B","Strike_B","Defend_B","Defend_B","Defend_B","Defend_B","Zap","Dualcast","Steam","Consume+1","Darkness","Chill","Conserve Battery","Capacitor","Glacier","Glacier","Buffer","White Noise+1","Gash","Conserve Battery"],"special_seed":0,"relics":["Cracked Core","NeowsBlessing","Golden Idol","Smiling Mask","MawBank","Lantern","Black Star","Membership Card","Bag of Preparation"],"potions_floor_usage":[27],"damage_taken":[{"damage":0.0,"enemies":"Small Slimes","floor":1.0,"turns":1.0},{"damage":0.0,"enemies":"2 Louse","floor":2.0,"turns":1.0},{"damage":0.0,"enemies":"Cultist","floor":5.0,"turns":1.0},{"damage":30.0,"enemies":"3 Sentries","floor":6.0,"turns":8.0},{"damage":0.0,"enemies":"Exordium Wildlife","floor":8.0,"turns":5.0},{"damage":3.0,"enemies":"3 Louse","floor":10.0,"turns":4.0},{"damage":8.0,"enemies":"Large Slime","floor":11.0,"turns":6.0},{"damage":7.0,"enemies":"Blue Slaver","floor":14.0,"turns":5.0},{"damage":30.0,"enemies":"Slime Boss","floor":16.0,"turns":11.0},{"damage":2.0,"enemies":"Shell Parasite","floor":18.0,"turns":16.0},{"damage":13.0,"enemies":"Chosen","floor":20.0,"turns":5.0},{"damage":57.0,"enemies":"3 Cultists","floor":22.0,"turns":8.0},{"damage":0.0,"enemies":"Snecko","floor":23.0,"turns":9.0},{"damage":0.0,"enemies":"Chosen and Byrds","floor":24.0,"turns":11.0},{"damage":25,"enemies":"Gremlin Leader","floor":27,"turns":2}],"seed_played":"1519561041687828102","potions_obtained":[{"floor":2.0,"key":"LiquidBronze"},{"floor":6.0,"key":"SkillPotion"},{"floor":11.0,"key":"Fire Potion"},{"floor":14.0,"key":"GamblersBrew"},{"floor":20.0,"key":"Dexterity Potion"},{"floor":24.0,"key":"Strength Potion"}],"is_trial":false,"path_per_floor":["M","M","?","?","M","E","?","M","T","M","M","?","$","M","R","B",null,"M","?","M","$","M","M","M","R","T","E"],"character_chosen":"DEFECT","items_purchased":["Lantern","Membership Card"],"campfire_rested":2,"item_purchase_floors":[13,21],"current_hp_per_floor":[75,75,75,57,57,27,27,27,27,24,16,16,16,9,31,1,75,73,73,60,60,3,3,3,25,25,0],"gold":82,"neow_bonus":"THREE_ENEMY_KILL","is_prod":false,"is_daily":false,"chose_seed":false,"campfire_upgraded":0,"win_rate":0.0,"timestamp":1561128063,"path_taken":["M","M","?","?","M","E","?","M","T","M","M","?","?","?","R","BOSS","M","?","M","$","M","M","M","R","T","E"],"build_version":"2019-01-23","purchased_purges":2,"victory":false,"max_hp_per_floor":[75,75,75,75,75,75,75,75,75,75,75,75,75,75,75,75,75,75,75,75,75,75,75,75,75,75,75],"card_choices":[{"not_picked":["Streamline","Beam Cell"],"picked":"Steam","floor":1.0},{"not_picked":["Compile Driver","Go for the Eyes"],"picked":"Consume","floor":2.0},{"not_picked":["Leap","Ball Lightning"],"picked":"Darkness","floor":5.0},{"not_picked":["Gash","Fission"],"picked":"Chill","floor":6.0},{"not_picked":["Streamline","Ball Lightning"],"picked":"Conserve Battery","floor":8.0},{"not_picked":["Scrape","BootSequence"],"picked":"Capacitor","floor":10.0},{"not_picked":["Chaos","Stack"],"picked":"Glacier","floor":11.0},{"not_picked":["Compile Driver","Stack"],"picked":"Glacier","floor":14.0},{"not_picked":["Fission","Thunder Strike"],"picked":"Buffer","floor":16.0},{"not_picked":["Blizzard","Gash","Tempest"],"picked":"SKIP","floor":18.0},{"not_picked":["Heatsinks+1","Cold Snap"],"picked":"White Noise+1","floor":20.0},{"not_picked":["Redo","Stack"],"picked":"Gash","floor":22.0},{"not_picked":["Aggregate","Sweeping Beam"],"picked":"Conserve Battery","floor":23.0},{"not_picked":["Stack","Gash","Lockon"],"picked":"SKIP","floor":24.0}],"player_experience":30394,"relics_obtained":[{"floor":6.0,"key":"Smiling Mask"},{"floor":9.0,"key":"MawBank"},{"floor":26,"key":"Bag of Preparation"}],"event_choices":[{"damage_healed":0.0,"max_hp_gain":0.0,"max_hp_loss":0.0,"gold_gain":0.0,"event_name":"Living Wall","player_choice":"Grow","floor":3.0,"gold_loss":0.0,"damage_taken":0.0,"cards_upgraded":["Consume"]},{"damage_healed":0.0,"max_hp_gain":0.0,"max_hp_loss":0.0,"gold_gain":0.0,"event_name":"Golden Idol","player_choice":"Take Damage","floor":4.0,"gold_loss":0.0,"damage_taken":18.0,"relics_obtained":["Golden Idol"]},{"damage_healed":0.0,"max_hp_gain":0.0,"max_hp_loss":0.0,"gold_gain":0.0,"event_name":"World of Goop","player_choice":"Left Gold","floor":7.0,"gold_loss":30.0,"damage_taken":0.0},{"damage_healed":0.0,"max_hp_gain":0.0,"max_hp_loss":0.0,"gold_gain":0.0,"event_name":"Liars Game","player_choice":"Ignored","floor":12.0,"gold_loss":0.0,"damage_taken":0.0},{"damage_healed":0.0,"max_hp_gain":0.0,"max_hp_loss":0.0,"gold_gain":0.0,"event_name":"The Mausoleum","player_choice":"Ignored","floor":19.0,"gold_loss":0.0,"damage_taken":0.0}],"is_beta":false,"boss_relics":[{"not_picked":["Fusion Hammer","Lizard Tail"],"picked":"Black Star"}],"items_purged_floors":[13,21],"is_endless":false,"potions_floor_spawned":[2,6,11,14,20,24],"killed_by":"Gremlin Leader","ascension_level":0}