{"gold_per_floor":[109,184,184,11,31,81,81,139,139,164],"floor_reached":10,"playtime":169,"items_purged":[],"score":198,"play_id":"1870eb51-5bbf-4658-bdd8-c2c5bd61bf11","local_time":"20191016124011","is_ascension_mode":true,"campfire_choices":[{"data":"HandOfGreed","floor":7,"key":"SMITH"}],"neow_cost":"NONE","seed_source_timestamp":144717232126300,"circlet_count":0,"master_deck":["AscendersBane","Strike_R","Strike_R","Strike_R","Strike_R","Strike_R","Defend_R","Defend_R","Defend_R","Defend_R","Bash","HandOfGreed+1","Evolve","Feed","Uppercut"],"relics":["Burning Blood","NeowsBlessing","MawBank","Self Forming Clay","Paper Frog","TungstenRod"],"potions_floor_usage":[],"damage_taken":[{"damage":0,"enemies":"Small Slimes","floor":1,"turns":1},{"damage":0,"enemies":"Jaw Worm","floor":5,"turns":1},{"damage":0,"enemies":"Lagavulin","floor":6,"turns":1},{"damage":50,"enemies":"Gremlin Nob","floor":8,"turns":5},{"damage":23,"enemies":"3 Sentries","floor":10,"turns":6}],"seed_played":"-2450728120187210040","potions_obtained":[],"is_trial":false,"path_per_floor":["M","?","?","$","M","E","R","E","T","E"],"character_chosen":"IRONCLAD","items_purchased":["HandOfGreed"],"campfire_rested":0,"item_purchase_floors":[4],"current_hp_per_floor":[74,63,52,52,58,64,64,20,20,0],"gold":164,"neow_bonus":"THREE_ENEMY_KILL","is_prod":false,"is_daily":false,"chose_seed":false,"campfire_upgraded":1,"win_rate":0,"timestamp":1571254811,"path_taken":["M","?","?","$","M","E","R","E","T","E"],"build_version":"2019-10-15","purchased_purges":0,"victory":false,"max_hp_per_floor":[75,75,75,75,75,75,75,75,75,75],"card_choices":[{"not_picked":["Flex","Warcry","Clash"],"picked":"SKIP","floor":1},{"not_picked":["Uppercut","Armaments"],"picked":"Evolve","floor":5},{"not_picked":["Twin Strike","Carnage"],"picked":"Feed","floor":6},{"not_picked":["Combust","Infernal Blade"],"picked":"Uppercut","floor":8}],"player_experience":1589098,"relics_obtained":[{"floor":6,"key":"Self Forming Clay"},{"floor":8,"key":"Paper Frog"},{"floor":9,"key":"TungstenRod"}],"event_choices":[{"damage_healed":0,"gold_gain":75,"player_choice":"Gather Gold","damage_taken":11,"max_hp_gain":0,"max_hp_loss":0,"event_name":"World of Goop","floor":2,"gold_loss":0},{"damage_healed":0,"gold_gain":0,"player_choice":"Success","damage_taken":11,"relics_obtained":["MawBank"],"max_hp_gain":0,"max_hp_loss":0,"event_name":"Scrap Ooze","floor":3,"gold_loss":0}],"is_beta":true,"boss_relics":[],"items_purged_floors":[],"is_endless":false,"potions_floor_spawned":[],"killed_by":"3 Sentries","ascension_level":20}