{"gold_per_floor":[118,129,129,304,111,111,81,81,105,115,115,126,154,170,170,272,272,282,282,302,3,17,17,17],"floor_reached":24,"playtime":1868,"items_purged":["Doubt","Strike_R"],"score":196,"play_id":"76597bda-d67d-489f-b0c3-e69ec50ed970","local_time":"20190911233311","is_ascension_mode":false,"campfire_choices":[{"data":"Feel No Pain","floor":6,"key":"SMITH"},{"data":"Thunderclap","floor":8,"key":"SMITH"},{"data":"Warcry","floor":15,"key":"SMITH"},{"data":"Flame Barrier","floor":23,"key":"SMITH"}],"neow_cost":"NONE","seed_source_timestamp":76048674860100,"circlet_count":0,"master_deck":["Strike_R","Strike_R","Strike_R","Strike_R","Defend_R","Defend_R","Defend_R","Bash","Dark Embrace","Shrug It Off","Thunderclap+1","Feel No Pain+1","True Grit","Flame Barrier+1","Sever Soul","Iron Wave","Warcry+1","Juggernaut","Seeing Red","Dropkick+1","Anger"],"relics":["Burning Blood","PreservedInsect","Mercury Hourglass","Cursed Key","Nloth\u0027s Gift","Medical Kit"],"potions_floor_usage":[13,22,24,24],"damage_taken":[{"damage":5,"enemies":"Small Slimes","floor":1,"turns":4},{"damage":6,"enemies":"2 Louse","floor":2,"turns":2},{"damage":0,"enemies":"Cultist","floor":10,"turns":4},{"damage":6,"enemies":"Exordium Wildlife","floor":12,"turns":3},{"damage":40,"enemies":"Gremlin Nob","floor":13,"turns":6},{"damage":2,"enemies":"Blue Slaver","floor":14,"turns":4},{"damage":23,"enemies":"Slime Boss","floor":16,"turns":12},{"damage":17,"enemies":"Chosen","floor":18,"turns":5},{"damage":17,"enemies":"Spheric Guardian","floor":20,"turns":4},{"damage":22,"enemies":"3 Cultists","floor":22,"turns":5},{"damage":43,"enemies":"Gremlin Leader","floor":24,"turns":4}],"seed_played":"809092289413660821","potions_obtained":[{"floor":2,"key":"Explosive Potion"},{"floor":7,"key":"Dexterity Potion"},{"floor":7,"key":"Energy Potion"},{"floor":14,"key":"AttackPotion"},{"floor":22,"key":"Poison Potion"}],"is_trial":false,"path_per_floor":["M","M","?","?","$","R","?","R","T","M","?","M","E","M","R","B",null,"M","?","M","$","M","R","E"],"character_chosen":"IRONCLAD","items_purchased":["Feel No Pain","True Grit","Medical Kit"],"campfire_rested":0,"item_purchase_floors":[5,5,21],"current_hp_per_floor":[80,80,73,73,73,73,73,73,73,79,72,72,38,42,42,25,80,69,69,58,58,42,42,0],"gold":17,"neow_bonus":"ONE_RANDOM_RARE_CARD","is_prod":false,"is_daily":false,"chose_seed":false,"campfire_upgraded":4,"win_rate":0,"timestamp":1568237591,"path_taken":["M","M","?","?","$","R","?","R","T","?","?","M","E","M","R","BOSS","M","?","M","?","M","R","E"],"build_version":"2019-07-17","purchased_purges":2,"victory":false,"max_hp_per_floor":[80,80,80,80,80,80,80,80,80,80,80,80,80,80,80,80,80,80,80,80,80,80,80,80],"card_choices":[{"not_picked":["Spot Weakness","Cleave"],"picked":"Shrug It Off","floor":1},{"not_picked":["Evolve","Headbutt"],"picked":"Thunderclap","floor":2},{"not_picked":["Rampage","Headbutt"],"picked":"Flame Barrier","floor":10},{"not_picked":["Flex","Twin Strike"],"picked":"Sever Soul","floor":12},{"not_picked":["Anger","Shockwave"],"picked":"Iron Wave","floor":13},{"not_picked":["Sword Boomerang","Headbutt"],"picked":"Warcry","floor":14},{"not_picked":["Bludgeon","Offering"],"picked":"Juggernaut","floor":16},{"not_picked":["Wild Strike+1","Body Slam"],"picked":"Seeing Red","floor":18},{"not_picked":["Armaments","Flex+1"],"picked":"Dropkick+1","floor":20},{"not_picked":["Rupture","Iron Wave"],"picked":"Anger","floor":22}],"player_experience":53273,"relics_obtained":[{"floor":9,"key":"Centennial Puzzle"},{"floor":13,"key":"Mercury Hourglass"}],"event_choices":[{"cards_removed":["Defend_R"],"damage_healed":0,"gold_gain":0,"player_choice":"Card Removal","damage_taken":7,"max_hp_gain":0,"max_hp_loss":0,"event_name":"Golden Wing","floor":3,"gold_loss":0},{"damage_healed":0,"gold_gain":175,"player_choice":"AGREE","damage_taken":0,"max_hp_gain":0,"max_hp_loss":0,"event_name":"Liars Game","floor":4,"gold_loss":0,"cards_obtained":["Doubt"]},{"damage_healed":0,"gold_gain":0,"player_choice":"Bought 2 Potions","damage_taken":0,"max_hp_gain":0,"max_hp_loss":0,"event_name":"The Woman in Blue","floor":7,"gold_loss":0},{"damage_healed":0,"gold_gain":0,"player_choice":"Success","damage_taken":7,"relics_obtained":["PreservedInsect"],"max_hp_gain":0,"max_hp_loss":0,"event_name":"Scrap Ooze","floor":11,"gold_loss":0},{"damage_healed":0,"gold_gain":0,"player_choice":"Traded Relic","damage_taken":0,"relics_obtained":["Nloth\u0027s Gift"],"max_hp_gain":0,"max_hp_loss":0,"event_name":"N\u0027loth","floor":19,"relics_lost":["Centennial Puzzle"],"gold_loss":0}],"is_beta":false,"boss_relics":[{"not_picked":["Runic Dome","Sozu"],"picked":"Cursed Key"}],"items_purged_floors":[5,21],"is_endless":false,"potions_floor_spawned":[2,14,22],"killed_by":"Gremlin Leader","ascension_level":0}