{"gold_per_floor":[112,131,406,422,9,9,28,58,58,76,76,88,104,117,117,216,266,282,297,297,15,26,53,53,53],"floor_reached":25,"playtime":1917,"items_purged":["Regret","Strike_B"],"score":238,"play_id":"ad7ee55f-1365-4b88-8bd6-e758eca319dd","local_time":"20191016081347","is_ascension_mode":true,"campfire_choices":[{"data":"Zap","floor":6,"key":"SMITH"},{"floor":15,"key":"REST"},{"data":"Echo Form","floor":24,"key":"SMITH"}],"neow_cost":"NONE","seed_source_timestamp":2622100835214842,"circlet_count":0,"master_deck":["Strike_B","Strike_B","Strike_B+1","Defend_B","Defend_B","Defend_B","Defend_B","Zap+1","Dualcast","Blizzard","Redo","Leap","Coolheaded","Blizzard","Sweeping Beam","Defragment+1","Core Surge","Go for the Eyes","Steam","Echo Form+1","Conserve Battery","Coolheaded","Tempest","Gash","Buffer","Go for the Eyes","Conserve Battery","Steam+1","Redo","Go for the Eyes","Creative AI"],"relics":["Inserter","FossilizedHelix","Mercury Hourglass","Letter Opener","Tiny House","Orrery","Kunai"],"potions_floor_usage":[8,8,10,14,16,23,25,25],"damage_taken":[{"damage":1,"enemies":"Cultist","floor":1,"turns":4},{"damage":5,"enemies":"2 Louse","floor":2,"turns":2},{"damage":10,"enemies":"Jaw Worm","floor":4,"turns":5},{"damage":7,"enemies":"2 Fungi Beasts","floor":7,"turns":4},{"damage":51,"enemies":"Gremlin Nob","floor":8,"turns":6},{"damage":0,"enemies":"Looter","floor":10,"turns":4},{"damage":0,"enemies":"Large Slime","floor":12,"turns":6},{"damage":6,"enemies":"Exordium Thugs","floor":13,"turns":4},{"damage":0,"enemies":"Gremlin Gang","floor":14,"turns":2},{"damage":1,"enemies":"The Guardian","floor":16,"turns":12},{"damage":0,"enemies":"Chosen","floor":18,"turns":6},{"damage":6,"enemies":"Shell Parasite","floor":19,"turns":7},{"damage":0,"enemies":"Centurion and Healer","floor":22,"turns":9},{"damage":18,"enemies":"Gremlin Leader","floor":23,"turns":7},{"damage":63,"enemies":"Slavers","floor":25,"turns":4}],"seed_played":"6740258786982774791","potions_obtained":[{"floor":1,"key":"FearPotion"},{"floor":4,"key":"Regen Potion"},{"floor":7,"key":"FocusPotion"},{"floor":8,"key":"PowerPotion"},{"floor":14,"key":"Regen Potion"},{"floor":17,"key":"SneckoOil"},{"floor":18,"key":"Explosive Potion"},{"floor":19,"key":"Swift Potion"},{"floor":22,"key":"PowerPotion"}],"is_trial":false,"path_per_floor":["M","M","?","M","$","R","M","E","T","M","?","M","M","M","R","B",null,"M","M","?","$","M","E","R","E"],"character_chosen":"DEFECT","items_purchased":["Coolheaded","FossilizedHelix","Gash","Orrery"],"campfire_rested":1,"item_purchase_floors":[5,5,21,21],"current_hp_per_floor":[74,69,69,59,59,59,52,1,1,13,13,13,7,7,29,43,80,80,74,74,74,74,56,56,0],"gold":53,"neow_bonus":"BOSS_RELIC","is_prod":false,"is_daily":false,"chose_seed":false,"campfire_upgraded":2,"win_rate":0,"timestamp":1571210027,"path_taken":["M","M","?","M","$","R","M","E","T","?","?","M","?","M","R","BOSS","M","?","?","$","M","E","R","E"],"build_version":"2019-09-09v2","purchased_purges":2,"victory":false,"max_hp_per_floor":[75,75,75,75,75,75,75,75,75,75,75,75,75,75,75,75,80,80,80,80,80,80,80,80,80],"card_choices":[{"not_picked":["Genetic Algorithm","Streamline"],"picked":"Blizzard","floor":1},{"not_picked":["Streamline","Rebound"],"picked":"Redo","floor":2},{"not_picked":["Melter","Meteor Strike"],"picked":"Leap","floor":4},{"not_picked":["Steam","Fusion"],"picked":"Blizzard","floor":7},{"not_picked":["Double Energy","Redo"],"picked":"Sweeping Beam","floor":8},{"not_picked":["Compile Driver","Cold Snap"],"picked":"Defragment","floor":10},{"not_picked":["Steam","Reinforced Body"],"picked":"Core Surge","floor":12},{"not_picked":["Aggregate","Double Energy"],"picked":"Go for the Eyes","floor":13},{"not_picked":["Turbo","Rebound"],"picked":"Steam","floor":14},{"not_picked":["Buffer","Core Surge"],"picked":"Echo Form","floor":16},{"not_picked":["Cold Snap","Darkness"],"picked":"Conserve Battery","floor":17},{"not_picked":["Barrage","Conserve Battery"],"picked":"Coolheaded","floor":18},{"not_picked":["Consume","Conserve Battery"],"picked":"Tempest","floor":19},{"not_picked":["Static Discharge","Stack"],"picked":"Buffer","floor":21},{"not_picked":["Turbo","Sweeping Beam+1"],"picked":"Go for the Eyes","floor":21},{"not_picked":["Streamline","Reinforced Body"],"picked":"Conserve Battery","floor":21},{"not_picked":["Leap","Redo"],"picked":"Steam+1","floor":21},{"not_picked":["Sweeping Beam","Hello World"],"picked":"Redo","floor":21},{"not_picked":["Barrage","Undo"],"picked":"Go for the Eyes","floor":22},{"not_picked":["Redo","Beam Cell+1"],"picked":"Creative AI","floor":23}],"player_experience":224889,"relics_obtained":[{"floor":8,"key":"Mercury Hourglass"},{"floor":9,"key":"Letter Opener"},{"floor":23,"key":"Kunai"}],"event_choices":[{"damage_healed":0,"gold_gain":275,"player_choice":"Desecrate","damage_taken":0,"max_hp_gain":0,"max_hp_loss":0,"event_name":"Golden Shrine","floor":3,"gold_loss":0,"cards_obtained":["Regret"]},{"damage_healed":0,"gold_gain":0,"player_choice":"Forge","damage_taken":0,"max_hp_gain":0,"max_hp_loss":0,"event_name":"Accursed Blacksmith","floor":11,"gold_loss":0,"cards_upgraded":["Defragment"]},{"damage_healed":0,"gold_gain":0,"player_choice":"Ignored","damage_taken":0,"max_hp_gain":0,"max_hp_loss":0,"event_name":"Vampires","floor":20,"gold_loss":0}],"is_beta":true,"boss_relics":[{"not_picked":["Coffee Dripper","Snecko Eye"],"picked":"Tiny House"}],"items_purged_floors":[5,21],"is_endless":false,"potions_floor_spawned":[1,4,7,8,14,18,19,22],"killed_by":"Slavers","ascension_level":1}