{"gold_per_floor":[118,118,129,129,79,79,97,97,124,124,138,68,80,99,99,201,201,218,228,228,240,255,255,280,292,292,302,302,227,277,295,295,398,398,413,427,443,443,45,65,97,113,113,113,138,138,156,156,156,156],"floor_reached":51,"playtime":5807,"items_purged":["Strike_G"],"score":862,"play_id":"a90651c2-eb11-42d0-8759-59911881c03b","local_time":"20191012030402","is_ascension_mode":true,"campfire_choices":[{"floor":6,"key":"RECALL"},{"data":"Backflip","floor":8,"key":"SMITH"},{"data":"Backflip","floor":10,"key":"SMITH"},{"data":"Crippling Poison","floor":15,"key":"SMITH"},{"floor":23,"key":"REST"},{"floor":28,"key":"REST"},{"floor":32,"key":"REST"},{"data":"Apotheosis","floor":44,"key":"SMITH"},{"data":"Catalyst","floor":46,"key":"SMITH"},{"data":"Well Laid Plans","floor":49,"key":"SMITH"}],"neow_cost":"NONE","seed_source_timestamp":2253997155624849,"circlet_count":0,"master_deck":["Strike_G","Strike_G","Strike_G+1","Defend_G","Defend_G","Defend_G+1","Survivor","Neutralize","Backflip+1","Bane","Backflip+1","Crippling Poison+1","Noxious Fumes","Bane","Skewer","Night Terror","Terror","Poisoned Stab","Acrobatics","Cloak And Dagger","PiercingWail+1","Cloak And Dagger+1","Escape Plan+1","Deflect+1","Corpse Explosion","Catalyst+1","Blur+1","Dodge and Roll","Violence","Bane","Prepared","Well Laid Plans+1","Apotheosis+1","Prepared","Footwork+1","Bouncing Flask","Noxious Fumes","Night Terror"],"relics":["Ring of the Snake","Gambling Chip","Philosopher\u0027s Stone","Blood Vial","Bird Faced Urn","Question Card","Sozu","Pear","Bottled Flame","Lantern"],"potions_floor_usage":[16,16,19,31,33],"damage_taken":[{"damage":0,"enemies":"Jaw Worm","floor":1,"turns":4},{"damage":0,"enemies":"2 Louse","floor":3,"turns":3},{"damage":0,"enemies":"Small Slimes","floor":7,"turns":4},{"damage":1,"enemies":"Red Slaver","floor":11,"turns":6},{"damage":0,"enemies":"2 Fungi Beasts","floor":13,"turns":3},{"damage":0,"enemies":"Blue Slaver","floor":14,"turns":4},{"damage":0,"enemies":"Slime Boss","floor":16,"turns":7},{"damage":0,"enemies":"Chosen","floor":18,"turns":4},{"damage":18,"enemies":"Spheric Guardian","floor":19,"turns":4},{"damage":5,"enemies":"3 Cultists","floor":21,"turns":4},{"damage":16,"enemies":"Snecko","floor":22,"turns":4},{"damage":29,"enemies":"Gremlin Leader","floor":24,"turns":7},{"damage":18,"enemies":"Centurion and Healer","floor":25,"turns":5},{"damage":14,"enemies":"3 Cultists","floor":27,"turns":6},{"damage":1,"enemies":"Cultist and Chosen","floor":31,"turns":6},{"damage":53,"enemies":"Automaton","floor":33,"turns":13},{"damage":0,"enemies":"3 Darklings","floor":35,"turns":2},{"damage":7,"enemies":"3 Shapes","floor":36,"turns":3},{"damage":11,"enemies":"Spire Growth","floor":37,"turns":5},{"damage":2,"enemies":"4 Shapes","floor":40,"turns":4},{"damage":3,"enemies":"Nemesis","floor":41,"turns":6},{"damage":0,"enemies":"Writhing Mass","floor":42,"turns":5},{"damage":0,"enemies":"Giant Head","floor":45,"turns":7},{"damage":0,"enemies":"3 Darklings","floor":47,"turns":3},{"damage":50,"enemies":"Donu and Deca","floor":50,"turns":6}],"seed_played":"4064811471956302751","potions_obtained":[{"floor":3,"key":"GhostInAJar"},{"floor":11,"key":"SneckoOil"},{"floor":13,"key":"DuplicationPotion"},{"floor":16,"key":"Energy Potion"},{"floor":18,"key":"Ancient Potion"},{"floor":27,"key":"Block Potion"},{"floor":31,"key":"Fruit Juice"},{"floor":33,"key":"Regen Potion"}],"is_trial":false,"path_per_floor":["M","?","M","?","?","R","M","R","T","R","M","$","M","M","R","B",null,"M","M","?","M","M","R","E","M","T","M","R","?","?","M","R","B",null,"M","M","M","?","$","M","E","M","T","R","E","R","M","?","R","B",null],"character_chosen":"THE_SILENT","items_purchased":["Noxious Fumes","Bane","Prepared","Well Laid Plans","Apotheosis"],"campfire_rested":3,"item_purchase_floors":[12,39,39,39,39],"current_hp_per_floor":[70,67,67,53,53,53,53,53,53,53,52,52,52,52,52,52,70,70,52,52,49,35,56,29,15,15,5,26,26,26,34,56,7,75,75,68,61,61,61,65,78,84,84,84,85,85,85,85,85,39],"gold":156,"neow_bonus":"REMOVE_CARD","is_prod":false,"is_daily":false,"chose_seed":false,"campfire_upgraded":6,"win_rate":0,"timestamp":1570845842,"path_taken":["M","?","M","?","?","R","M","R","T","R","M","$","M","M","R","BOSS","M","M","?","?","M","R","E","M","T","M","R","?","?","M","R","BOSS","M","M","?","?","$","M","E","M","T","R","E","R","M","?","R","BOSS"],"build_version":"2019-09-09v2","purchased_purges":1,"victory":true,"max_hp_per_floor":[70,70,70,70,70,70,70,70,70,70,70,70,70,70,70,70,70,70,70,70,70,70,70,70,70,70,70,70,70,70,75,75,75,75,75,75,75,75,75,75,85,85,85,85,85,85,85,85,85,85],"card_choices":[{"not_picked":["Sucker Punch","Blur"],"picked":"Backflip","floor":1},{"not_picked":["Riddle With Holes","Tactician"],"picked":"Bane","floor":3},{"not_picked":["Tactician","Sucker Punch"],"picked":"Backflip","floor":7},{"not_picked":["Quick Slash","Outmaneuver"],"picked":"Crippling Poison","floor":11},{"not_picked":["Quick Slash","Flying Knee"],"picked":"Bane","floor":13},{"not_picked":["Backflip","Wraith Form v2"],"picked":"Skewer","floor":14},{"not_picked":["Doppelganger","Phantasmal Killer"],"picked":"Night Terror","floor":16},{"not_picked":["Underhanded Strike","Dagger Spray"],"picked":"Terror","floor":18},{"not_picked":["Finisher","Blade Dance"],"picked":"Poisoned Stab","floor":19},{"not_picked":["Deadly Poison","Skewer"],"picked":"Acrobatics","floor":21},{"not_picked":["Eviscerate","Dagger Spray+1"],"picked":"Cloak And Dagger","floor":22},{"not_picked":["Glass Knife","Outmaneuver"],"picked":"PiercingWail+1","floor":24},{"not_picked":["Choke","Flechettes"],"picked":"Cloak And Dagger+1","floor":25},{"not_picked":["Backflip","Catalyst","Dagger Throw"],"picked":"Escape Plan+1","floor":27},{"not_picked":["Flechettes","Masterful Stab","Accuracy"],"picked":"Deflect+1","floor":31},{"not_picked":["Burst","Tools of the Trade","Glass Knife"],"picked":"Corpse Explosion","floor":33},{"not_picked":["Backstab","Bane+1","Deflect+1"],"picked":"Catalyst","floor":35},{"not_picked":["Slice+1","Poisoned Stab","Outmaneuver+1"],"picked":"Blur+1","floor":36},{"not_picked":["Flying Knee","Crippling Poison","Sucker Punch"],"picked":"Dodge and Roll","floor":37},{"not_picked":["Purity","Enlightenment","PanicButton"],"picked":"Violence","floor":38},{"not_picked":["PiercingWail+1","Eviscerate","Outmaneuver+1"],"picked":"Prepared","floor":40},{"not_picked":["Backstab","Infinite Blades","Quick Slash+1","Endless Agony"],"picked":"SKIP","floor":41},{"not_picked":["Flying Knee+1","Riddle With Holes+1","Expertise"],"picked":"Footwork+1","floor":42},{"not_picked":["Phantasmal Killer","Accuracy","Dagger Spray"],"picked":"Bouncing Flask","floor":45},{"not_picked":["Sucker Punch+1","PiercingWail","Dagger Throw+1"],"picked":"Noxious Fumes","floor":47}],"player_experience":123731,"relics_obtained":[{"floor":24,"key":"Bird Faced Urn"},{"floor":26,"key":"Question Card"},{"floor":41,"key":"Pear"},{"floor":43,"key":"Bottled Flame"},{"floor":45,"key":"Lantern"}],"event_choices":[{"damage_healed":0,"gold_gain":0,"player_choice":"Success","damage_taken":3,"relics_obtained":["Gambling Chip"],"max_hp_gain":0,"max_hp_loss":0,"event_name":"Scrap Ooze","floor":2,"gold_loss":0},{"damage_healed":0,"gold_gain":0,"player_choice":"Entered Light","damage_taken":14,"max_hp_gain":0,"max_hp_loss":0,"event_name":"Shining Light","floor":4,"gold_loss":0,"cards_upgraded":["Strike_G","Defend_G"]},{"cards_removed":["Strike_G"],"damage_healed":0,"gold_gain":0,"player_choice":"Card Removal","damage_taken":0,"max_hp_gain":0,"max_hp_loss":0,"event_name":"The Cleric","floor":5,"gold_loss":50},{"damage_healed":0,"gold_gain":0,"player_choice":"Gave Potion","damage_taken":0,"relics_obtained":["Blood Vial"],"max_hp_gain":0,"max_hp_loss":0,"event_name":"WeMeetAgain","floor":20,"gold_loss":0},{"cards_removed":["Defend_G"],"damage_healed":0,"gold_gain":0,"player_choice":"Gave Gold","damage_taken":0,"max_hp_gain":0,"max_hp_loss":0,"event_name":"Beggar","floor":29,"gold_loss":75},{"damage_healed":0,"gold_gain":100,"player_choice":"Bet on Murderer","damage_taken":0,"max_hp_gain":0,"max_hp_loss":0,"event_name":"The Joust","floor":30,"gold_loss":50},{"damage_healed":0,"gold_gain":0,"player_choice":"Memory 1","damage_taken":0,"max_hp_gain":0,"max_hp_loss":0,"event_name":"SensoryStone","floor":38,"gold_loss":0},{"damage_healed":0,"gold_gain":0,"player_choice":"Copied","damage_taken":0,"max_hp_gain":0,"max_hp_loss":0,"event_name":"Duplicator","floor":48,"gold_loss":0,"cards_obtained":["Night Terror"]}],"is_beta":true,"boss_relics":[{"not_picked":["Cursed Key","Ectoplasm"],"picked":"Philosopher\u0027s Stone"},{"not_picked":["Astrolabe","HoveringKite"],"picked":"Sozu"}],"items_purged_floors":[39],"is_endless":false,"potions_floor_spawned":[3,11,13,16,18,27,31,33,35,37,41,45,47],"ascension_level":1}