{"gold_per_floor":[109,127,138,148,165,500,155,182,182,202,218,218,218,229,229,330,330,340,0,0,19,19,19,52,52,52,52,79,94,94,19,19,114,114,131,145,165,185,185,185,185,185,262,272,272,272,34,50,50,50],"floor_reached":51,"playtime":4664,"items_purged":[],"score":749,"play_id":"c4895818-3cbd-48e8-86f1-851addc44acf","local_time":"20191010094616","is_ascension_mode":false,"campfire_choices":[{"floor":15,"key":"REST"},{"data":"Demon Form","floor":23,"key":"SMITH"},{"data":"Limit Break","floor":25,"key":"SMITH"},{"data":"Berserk","floor":27,"key":"SMITH"},{"floor":30,"key":"REST"},{"data":"Iron Wave","floor":32,"key":"SMITH"},{"floor":40,"key":"REST"},{"floor":42,"key":"REST"},{"data":"Strike_R+1","floor":46,"key":"PURGE"},{"floor":49,"key":"REST"}],"neow_cost":"NONE","seed_source_timestamp":2106494395889215,"circlet_count":0,"master_deck":["Strike_R+1","Strike_R+1","Strike_R+1","Defend_R+1","Defend_R+1","Defend_R+1","Bash","Berserk+1","Pommel Strike","Shrug It Off","Pommel Strike","Seeing Red","Iron Wave+1","Rage","Shrug It Off","Good Instincts","Second Wind","Demon Form+1","Seeing Red","Infernal Blade","Pommel Strike","Limit Break+1","Twin Strike+1","Shrug It Off","Shrug It Off","Infernal Blade+1","Pummel","Pommel Strike","Fiend Fire","CurseOfTheBell","Uppercut+1","Rage+1","Feel No Pain","Pommel Strike+1","Demon Form+1","Rage","Seeing Red","Heavy Blade"],"relics":["Burning Blood","Old Coin","ClockworkSouvenir","Bag of Marbles","Mummified Hand","Mark of Pain","Peace Pipe","Darkstone Periapt","Pantograph","Bottled Flame","Calling Bell","Happy Flower","Question Card","Torii","Ornamental Fan","Lantern"],"potions_floor_usage":[8,8,16,24,24,28,33,37,38,50,50,50],"damage_taken":[{"damage":0,"enemies":"Cultist","floor":1,"turns":4},{"damage":6,"enemies":"2 Louse","floor":2,"turns":4},{"damage":11,"enemies":"Jaw Worm","floor":3,"turns":3},{"damage":14,"enemies":"Blue Slaver","floor":4,"turns":4},{"damage":0,"enemies":"2 Fungi Beasts","floor":5,"turns":4},{"damage":43,"enemies":"3 Sentries","floor":6,"turns":8},{"damage":14,"enemies":"Lagavulin","floor":8,"turns":9},{"damage":3,"enemies":"Gremlin Gang","floor":10,"turns":4},{"damage":5,"enemies":"Blue Slaver","floor":11,"turns":3},{"damage":0,"enemies":"2 Fungi Beasts","floor":14,"turns":3},{"damage":31,"enemies":"The Guardian","floor":16,"turns":9},{"damage":25,"enemies":"Spheric Guardian","floor":18,"turns":7},{"damage":2,"enemies":"Shell Parasite","floor":21,"turns":7},{"damage":55,"enemies":"Gremlin Leader","floor":24,"turns":6},{"damage":20,"enemies":"Slavers","floor":28,"turns":6},{"damage":16,"enemies":"Cultist and Chosen","floor":29,"turns":7},{"damage":51,"enemies":"Automaton","floor":33,"turns":8},{"damage":9,"enemies":"Orb Walker","floor":35,"turns":4},{"damage":13,"enemies":"3 Shapes","floor":36,"turns":5},{"damage":44,"enemies":"3 Darklings","floor":37,"turns":5},{"damage":42,"enemies":"Transient","floor":38,"turns":5},{"damage":21,"enemies":"4 Shapes","floor":44,"turns":6},{"damage":19,"enemies":"Writhing Mass","floor":48,"turns":8},{"damage":58,"enemies":"Awakened One","floor":50,"turns":8}],"seed_played":"-210874455644839795","potions_obtained":[{"floor":2,"key":"SneckoOil"},{"floor":5,"key":"DuplicationPotion"},{"floor":8,"key":"SteroidPotion"},{"floor":11,"key":"Explosive Potion"},{"floor":14,"key":"BloodPotion"},{"floor":16,"key":"FearPotion"},{"floor":18,"key":"Swift Potion"},{"floor":24,"key":"Fire Potion"},{"floor":33,"key":"FearPotion"},{"floor":35,"key":"Swift Potion"},{"floor":37,"key":"Block Potion"},{"floor":48,"key":"Strength Potion"}],"is_trial":false,"path_per_floor":["M","M","M","M","M","E","$","E","T","M","M","?","?","M","R","B",null,"M","$","?","M","?","R","E","R","T","R","E","M","R","?","R","B",null,"M","M","M","M","?","R","?","R","T","M","?","R","$","M","R","B",null],"character_chosen":"IRONCLAD","items_purchased":["Shrug It Off","ClockworkSouvenir","Good Instincts","Second Wind","Shrug It Off","Peace Pipe","Lantern","Seeing Red","AttackPotion"],"campfire_rested":5,"item_purchase_floors":[7,7,7,7,19,19,47,47,47],"current_hp_per_floor":[80,80,75,67,73,36,36,28,28,31,32,37,30,36,61,36,85,66,66,66,70,70,70,42,42,42,42,28,18,43,43,43,23,91,88,81,43,7,7,34,34,61,61,46,46,46,46,33,60,33],"gold":50,"neow_bonus":"ONE_RANDOM_RARE_CARD","is_prod":false,"is_daily":false,"chose_seed":false,"campfire_upgraded":4,"win_rate":0.0,"timestamp":1570697176,"path_taken":["M","?","M","M","M","E","$","E","T","M","M","?","?","M","R","BOSS","M","$","?","M","?","R","E","R","T","R","E","M","R","?","R","BOSS","M","M","M","M","?","R","?","R","T","?","?","R","$","M","R","BOSS"],"build_version":"2019-09-09v2","purchased_purges":0,"victory":true,"max_hp_per_floor":[80,80,80,80,80,80,80,80,80,80,80,85,85,85,85,85,85,85,85,85,85,85,85,85,85,85,85,85,85,85,85,85,85,91,91,91,91,91,91,91,91,91,91,91,91,91,91,91,91,91],"card_choices":[{"not_picked":["Cleave","Dual Wield"],"picked":"Pommel Strike","floor":1},{"not_picked":["Twin Strike","Perfected Strike"],"picked":"Shrug It Off","floor":2},{"not_picked":["Perfected Strike","Body Slam"],"picked":"Pommel Strike","floor":3},{"not_picked":["Warcry","Disarm"],"picked":"Seeing Red","floor":4},{"not_picked":["Burning Pact","Fire Breathing"],"picked":"Iron Wave","floor":5},{"not_picked":["Iron Wave","Twin Strike"],"picked":"Rage","floor":6},{"not_picked":["Iron Wave","Carnage"],"picked":"Demon Form","floor":8},{"not_picked":["Thunderclap","Corruption"],"picked":"Seeing Red","floor":10},{"not_picked":["Power Through","Cleave"],"picked":"Infernal Blade","floor":11},{"not_picked":["Perfected Strike","Warcry"],"picked":"Pommel Strike","floor":14},{"not_picked":["Berserk","Double Tap"],"picked":"Limit Break","floor":16},{"not_picked":["Spot Weakness","True Grit+1"],"picked":"Twin Strike+1","floor":18},{"not_picked":["Fire Breathing","Clash"],"picked":"Shrug It Off","floor":21},{"not_picked":["Rage+1","Anger"],"picked":"Infernal Blade+1","floor":24},{"not_picked":["Headbutt","Flex+1"],"picked":"Pummel","floor":28},{"not_picked":["Perfected Strike","Seeing Red"],"picked":"Pommel Strike","floor":29},{"not_picked":["Offering","Juggernaut"],"picked":"Fiend Fire","floor":33},{"not_picked":["Clash+1","Flex+1","Clothesline+1"],"picked":"Uppercut+1","floor":35},{"not_picked":["Disarm+1","Pommel Strike+1","Twin Strike"],"picked":"Rage+1","floor":36},{"not_picked":["Flex","Searing Blow","Sword Boomerang"],"picked":"Feel No Pain","floor":37},{"not_picked":["Power Through+1","Shockwave","Uppercut+1"],"picked":"Pommel Strike+1","floor":38},{"not_picked":["True Grit","Sever Soul","Anger"],"picked":"Rage","floor":44},{"not_picked":["Armaments+1","Iron Wave","Dropkick"],"picked":"Heavy Blade","floor":48}],"player_experience":8125,"relics_obtained":[{"floor":6,"key":"Old Coin"},{"floor":8,"key":"Bag of Marbles"},{"floor":9,"key":"Mummified Hand"},{"floor":24,"key":"Darkstone Periapt"},{"floor":26,"key":"Pantograph"},{"floor":28,"key":"Bottled Flame"},{"floor":34,"key":"Happy Flower"},{"floor":34,"key":"Question Card"},{"floor":34,"key":"Torii"},{"floor":43,"key":"Ornamental Fan"}],"event_choices":[{"damage_healed":0,"gold_gain":0,"player_choice":"Donut","damage_taken":0,"max_hp_gain":5,"max_hp_loss":0,"event_name":"Big Fish","floor":12,"gold_loss":0},{"cards_removed":["Strike_R"],"damage_healed":0,"gold_gain":0,"player_choice":"Card Removal","damage_taken":7,"max_hp_gain":0,"max_hp_loss":0,"event_name":"Golden Wing","floor":13,"gold_loss":0},{"damage_healed":0,"gold_gain":0,"player_choice":"Ignored","damage_taken":0,"max_hp_gain":0,"max_hp_loss":0,"event_name":"Vampires","floor":20,"gold_loss":0},{"damage_healed":0,"gold_gain":0,"player_choice":"Simplicity","damage_taken":0,"max_hp_gain":0,"max_hp_loss":0,"event_name":"Back to Basics","floor":22,"gold_loss":0,"cards_upgraded":["Strike_R","Strike_R","Strike_R","Strike_R","Defend_R","Defend_R","Defend_R","Defend_R"]},{"cards_removed":["Defend_R"],"damage_healed":0,"gold_gain":0,"player_choice":"Gave Gold","damage_taken":0,"max_hp_gain":0,"max_hp_loss":0,"event_name":"Beggar","floor":31,"gold_loss":75},{"damage_healed":0,"gold_gain":0,"player_choice":"Ignored","damage_taken":0,"max_hp_gain":0,"max_hp_loss":0,"event_name":"Mysterious Sphere","floor":39,"gold_loss":0},{"damage_healed":0,"gold_gain":0,"player_choice":"Copied","damage_taken":0,"max_hp_gain":0,"max_hp_loss":0,"event_name":"Duplicator","floor":41,"gold_loss":0,"cards_obtained":["Demon Form"]},{"damage_healed":0,"gold_gain":0,"player_choice":"Ignored","damage_taken":0,"max_hp_gain":0,"max_hp_loss":0,"event_name":"Tomb of Lord Red Mask","floor":45,"gold_loss":0}],"is_beta":true,"boss_relics":[{"not_picked":["SacredBark","Fusion Hammer"],"picked":"Mark of Pain"},{"not_picked":["Runic Pyramid","Runic Dome"],"picked":"Calling Bell"}],"items_purged_floors":[],"is_endless":false,"potions_floor_spawned":[2,5,8,11,14,16,18,21,24,33,35,37,48],"ascension_level":0}