{"gold_per_floor":[111,128,141,212,231,231,262,262,262,273,306,88,88,103,103,207,207,225,150,32,43,43,43,56,56,56,72,72,88,99,49,49,154,154,166,177,191,191,131,144,31,106,106,119,136,136,153,10,10,10],"floor_reached":51,"playtime":3871,"items_purged":["Strike_G"],"score":822,"play_id":"562494eb-3e27-40e5-a079-c54aa88a3ffd","local_time":"20190701225736","is_ascension_mode":true,"campfire_choices":[{"data":"Neutralize","floor":6.0,"key":"SMITH"},{"data":"Footwork","floor":13.0,"key":"SMITH"},{"data":"Caltrops","floor":15.0,"key":"SMITH"},{"floor":23.0,"key":"REST"},{"floor":25.0,"key":"REST"},{"floor":32.0,"key":"REST"},{"floor":46.0,"key":"REST"},{"floor":49.0,"key":"REST"}],"neow_cost":"NONE","seed_source_timestamp":557379944256869,"circlet_count":0,"master_deck":["Defend_G","Defend_G","Defend_G","Defend_G","Defend_G","Strike_G","Survivor","Neutralize+1","Dodge and Roll","Backflip","Backstab","Backflip","Night Terror","Footwork+1","Caltrops+1","Deadly Poison","Catalyst","PiercingWail","Deflect","PiercingWail","Backflip+1","Deadly Poison","Adrenaline","Blur+1","Dodge and Roll","Blur+1","Madness","Madness","Deflect+1","Bouncing Flask","Backflip+1","Dodge and Roll+1"],"special_seed":0,"relics":["Philosopher\u0027s Stone","Boot","Oddly Smooth Stone","Dodecahedron","Art of War","Lantern","Empty Cage","Meat on the Bone","Bag of Preparation"],"potions_floor_usage":[50,50,50],"damage_taken":[{"damage":2.0,"enemies":"Small Slimes","floor":1.0,"turns":4.0},{"damage":0.0,"enemies":"Cultist","floor":2.0,"turns":5.0},{"damage":0.0,"enemies":"2 Louse","floor":3.0,"turns":3.0},{"damage":0.0,"enemies":"Blue Slaver","floor":5.0,"turns":4.0},{"damage":18.0,"enemies":"3 Sentries","floor":7.0,"turns":13.0},{"damage":0.0,"enemies":"Red Slaver","floor":10.0,"turns":5.0},{"damage":3.0,"enemies":"Lagavulin","floor":11.0,"turns":7.0},{"damage":0.0,"enemies":"Lots of Slimes","floor":14.0,"turns":5.0},{"damage":22.0,"enemies":"The Guardian","floor":16.0,"turns":10.0},{"damage":49.0,"enemies":"3 Byrds","floor":18.0,"turns":4.0},{"damage":14.0,"enemies":"2 Thieves","floor":19.0,"turns":5.0},{"damage":10.0,"enemies":"Snake Plant","floor":21.0,"turns":8.0},{"damage":1.0,"enemies":"Snecko","floor":24.0,"turns":7.0},{"damage":28.0,"enemies":"Centurion and Healer","floor":27.0,"turns":11.0},{"damage":1.0,"enemies":"Shelled Parasite and Fungi","floor":29.0,"turns":8.0},{"damage":11.0,"enemies":"Sentry and Sphere","floor":30.0,"turns":14.0},{"damage":27.0,"enemies":"Automaton","floor":33.0,"turns":18.0},{"damage":6.0,"enemies":"Orb Walker","floor":35.0,"turns":5.0},{"damage":7.0,"enemies":"3 Darklings","floor":36.0,"turns":17.0},{"damage":0.0,"enemies":"Spire Growth","floor":37.0,"turns":8.0},{"damage":1.0,"enemies":"Sphere and 2 Shapes","floor":40.0,"turns":7.0},{"damage":13.0,"enemies":"Jaw Worm Horde","floor":44.0,"turns":8.0},{"damage":5.0,"enemies":"Spire Growth","floor":45.0,"turns":8.0},{"damage":14.0,"enemies":"4 Shapes","floor":47.0,"turns":13.0},{"damage":75,"enemies":"Time Eater","floor":50,"turns":16}],"seed_played":"7615074530853090420","potions_obtained":[{"floor":5.0,"key":"Ancient Potion"},{"floor":7.0,"key":"Poison Potion"},{"floor":10.0,"key":"Ancient Potion"},{"floor":14.0,"key":"Regen Potion"},{"floor":21.0,"key":"Explosive Potion"},{"floor":22.0,"key":"Dexterity Potion"},{"floor":22.0,"key":"FairyPotion"},{"floor":24.0,"key":"Regen Potion"},{"floor":29.0,"key":"EssenceOfSteel"},{"floor":33.0,"key":"SpeedPotion"},{"floor":36.0,"key":"GamblersBrew"},{"floor":45.0,"key":"GhostInAJar"},{"floor":47.0,"key":"GhostInAJar"}],"is_trial":false,"path_per_floor":["M","M","M","?","M","R","E","?","T","M","E","$","R","M","R","B",null,"M","M","$","M","?","R","M","R","T","M","?","M","M","$","R","B",null,"M","M","M","?","?","M","$","?","T","M","M","R","M","$","R","B",null],"character_chosen":"THE_SILENT","items_purchased":["Art of War","Regen Potion","Catalyst","Dexterity Potion","Regen Potion","Bouncing Flask","Bag of Preparation"],"campfire_rested":5,"item_purchase_floors":[12,20,20,31,41,41,48],"current_hp_per_floor":[61,61,61,61,61,61,43,43,43,43,40,40,40,40,40,18,57,22,8,8,13,13,34,33,54,54,26,26,40,29,29,50,23,58,52,45,45,36,36,35,35,28,28,27,34,55,41,41,62,14],"gold":10,"neow_bonus":"BOSS_RELIC","is_prod":false,"is_daily":false,"chose_seed":false,"campfire_upgraded":3,"win_rate":0,"timestamp":1562047056,"path_taken":["M","M","M","?","M","R","E","?","T","M","E","$","R","M","R","BOSS","M","M","$","M","?","R","?","R","T","M","?","M","M","$","R","BOSS","M","M","M","?","?","?","?","?","T","M","M","R","?","$","R","BOSS"],"build_version":"2019-01-23","purchased_purges":1,"victory":true,"max_hp_per_floor":[70,70,70,70,70,70,70,70,70,70,70,70,70,70,70,70,70,70,70,70,70,70,70,70,70,70,70,70,70,70,70,70,70,70,70,70,70,70,70,70,70,70,70,70,70,70,70,70,70,70],"card_choices":[{"not_picked":["Deflect","Underhanded Strike"],"picked":"Dodge and Roll","floor":1.0},{"not_picked":["Finisher","Flechettes"],"picked":"Backflip","floor":2.0},{"not_picked":["Underhanded Strike","Flying Knee"],"picked":"Backstab","floor":3.0},{"not_picked":["Heel Hook","Setup"],"picked":"Backflip","floor":5.0},{"not_picked":["Calculated Gamble","Infinite Blades"],"picked":"Night Terror","floor":7.0},{"not_picked":["Poisoned Stab","Underhanded Strike","Sucker Punch"],"picked":"SKIP","floor":10.0},{"not_picked":["Distraction","Escape Plan"],"picked":"Footwork","floor":11.0},{"not_picked":["Bane","Outmaneuver"],"picked":"Caltrops","floor":14.0},{"not_picked":["Dagger Spray","Poisoned Stab","Flying Knee+1"],"picked":"SKIP","floor":18.0},{"not_picked":["Flying Knee","Eviscerate"],"picked":"Deadly Poison","floor":19.0},{"not_picked":["Prepared","Poisoned Stab","Outmaneuver+1"],"picked":"SKIP","floor":21.0},{"not_picked":["Quick Slash","Bullet Time"],"picked":"PiercingWail","floor":24.0},{"not_picked":["Blade Dance","Catalyst"],"picked":"Deflect","floor":27.0},{"not_picked":["Heel Hook+1","Outmaneuver"],"picked":"Backflip+1","floor":29.0},{"not_picked":["Outmaneuver","Prepared"],"picked":"Deadly Poison","floor":30.0},{"not_picked":["Wraith Form v2","Night Terror"],"picked":"Adrenaline","floor":33.0},{"not_picked":["Well Laid Plans","Dagger Spray+1"],"picked":"Blur+1","floor":35.0},{"not_picked":["Blade Dance","Flying Knee+1"],"picked":"Dodge and Roll","floor":36.0},{"not_picked":["Setup","Dagger Spray+1"],"picked":"Blur+1","floor":37.0},{"not_picked":["Cloak And Dagger","Tactician"],"picked":"Deflect+1","floor":40.0},{"not_picked":["Terror","Footwork"],"picked":"Backflip+1","floor":44.0},{"not_picked":["Deflect","Underhanded Strike+1","Endless Agony+1"],"picked":"SKIP","floor":45.0},{"not_picked":["Poisoned Stab","Outmaneuver+1"],"picked":"Dodge and Roll+1","floor":47.0}],"player_experience":106472,"relics_obtained":[{"floor":7.0,"key":"Boot"},{"floor":9.0,"key":"Oddly Smooth Stone"},{"floor":11.0,"key":"Dodecahedron"},{"floor":26.0,"key":"Lantern"},{"floor":43.0,"key":"Meat on the Bone"}],"event_choices":[{"damage_healed":0.0,"max_hp_gain":0.0,"max_hp_loss":0.0,"gold_gain":71.0,"event_name":"Golden Wing","player_choice":"Gained Gold","floor":4.0,"gold_loss":0.0,"damage_taken":0.0},{"damage_healed":0.0,"max_hp_gain":0.0,"max_hp_loss":0.0,"gold_gain":0.0,"event_name":"Golden Idol","player_choice":"Ignored","floor":8.0,"gold_loss":0.0,"damage_taken":0.0},{"damage_healed":0.0,"max_hp_gain":0.0,"max_hp_loss":0.0,"gold_gain":0.0,"event_name":"Lab","player_choice":"Got Potions","floor":22.0,"gold_loss":0.0,"damage_taken":0.0},{"damage_healed":0.0,"max_hp_gain":0.0,"max_hp_loss":0.0,"gold_gain":0.0,"event_name":"The Library","player_choice":"Read","floor":28.0,"gold_loss":0.0,"damage_taken":0.0,"cards_obtained":["PiercingWail"]},{"damage_healed":0.0,"max_hp_gain":0.0,"max_hp_loss":0.0,"gold_gain":0.0,"event_name":"Winding Halls","player_choice":"Embrace Madness","floor":38.0,"gold_loss":0.0,"damage_taken":9.0,"cards_obtained":["Madness","Madness"]},{"cards_removed":["Strike_G"],"damage_healed":0.0,"max_hp_gain":0.0,"max_hp_loss":0.0,"gold_gain":0.0,"event_name":"Designer","player_choice":"Single Remove","floor":39.0,"gold_loss":60.0,"damage_taken":0.0},{"damage_healed":0.0,"max_hp_gain":0.0,"max_hp_loss":0.0,"gold_gain":75.0,"event_name":"FaceTrader","player_choice":"Touch","floor":42.0,"gold_loss":0.0,"damage_taken":7.0}],"is_beta":false,"boss_relics":[{"not_picked":["Runic Pyramid","Calling Bell","HoveringKite"]},{"not_picked":["Coffee Dripper","Runic Dome"],"picked":"Empty Cage"}],"items_purged_floors":[12],"is_endless":false,"potions_floor_spawned":[5,7,10,14,21,24,29,33,36,45,47],"ascension_level":6}