{"gold_per_floor":[113,33,53,64,74,105,105,105,176,176,235,235,235,265,265,339,339,355,280,195,214,38,38,38,38,38,54,79,79],"floor_reached":29,"playtime":735,"items_purged":["Strike_R","Strike_R"],"score":518,"play_id":"c5e358f7-30ee-4883-ad5f-cf549b396f4d","local_time":"20191018104540","is_ascension_mode":true,"campfire_choices":[{"data":"Bludgeon","floor":7,"key":"SMITH"},{"data":"Anger","floor":10,"key":"SMITH"},{"floor":13,"key":"REST"},{"data":"Armaments","floor":15,"key":"SMITH"},{"data":"True Grit","floor":23,"key":"SMITH"},{"data":"Disarm","floor":25,"key":"SMITH"}],"neow_cost":"NONE","seed_source_timestamp":310082926205500,"circlet_count":0,"master_deck":["AscendersBane","Strike_R","Strike_R","Strike_R","Defend_R","Defend_R","Defend_R","Defend_R","Bash+1","Feel No Pain","Sword Boomerang","Anger+1","Bludgeon+1","Offering","Armaments+1","True Grit+1","Feel No Pain","Disarm+1"],"relics":["Burning Blood","Blood Vial","Ornamental Fan","Tiny Chest","Sundial","Bronze Scales","Velvet Choker","Meat on the Bone","Girya","Frozen Egg 2"],"potions_floor_usage":[16,21,28],"damage_taken":[{"damage":1,"enemies":"Cultist","floor":1,"turns":3},{"damage":12,"enemies":"Jaw Worm","floor":3,"turns":3},{"damage":14,"enemies":"2 Louse","floor":4,"turns":3},{"damage":7,"enemies":"Red Slaver","floor":5,"turns":5},{"damage":28,"enemies":"3 Sentries","floor":6,"turns":12},{"damage":30,"enemies":"Lagavulin","floor":11,"turns":6},{"damage":17,"enemies":"3 Sentries","floor":14,"turns":5},{"damage":21,"enemies":"Hexaghost","floor":16,"turns":6},{"damage":6,"enemies":"Chosen","floor":18,"turns":2},{"damage":13,"enemies":"2 Thieves","floor":21,"turns":3},{"damage":28,"enemies":"Centurion and Healer","floor":27,"turns":9},{"damage":46,"enemies":"Book of Stabbing","floor":28,"turns":5},{"damage":30,"enemies":"Snake Plant","floor":29,"turns":3}],"seed_played":"-5657208653147594307","potions_obtained":[{"floor":1,"key":"Dexterity Potion"},{"floor":11,"key":"SpeedPotion"},{"floor":21,"key":"Fire Potion"}],"is_trial":false,"path_per_floor":["M","$","M","M","M","E","R","?","T","R","E","T","R","E","R","B",null,"M","$","?","M","$","R","?","R","T","M","E","M"],"character_chosen":"IRONCLAD","items_purchased":["Feel No Pain","Feel No Pain"],"campfire_rested":1,"item_purchase_floors":[2,22],"current_hp_per_floor":[73,73,67,59,58,36,36,41,41,41,19,19,43,34,34,21,65,67,67,67,62,62,62,62,62,62,54,28,0],"gold":79,"neow_bonus":"UPGRADE_CARD","is_prod":false,"is_daily":false,"chose_seed":false,"campfire_upgraded":5,"win_rate":0,"timestamp":1571420740,"path_taken":["M","$","M","?","M","E","R","?","T","R","E","?","R","E","R","BOSS","M","$","?","M","$","R","?","R","T","M","E","M"],"build_version":"2019-10-17","purchased_purges":2,"victory":false,"max_hp_per_floor":[75,75,75,75,75,75,75,80,80,80,80,80,80,80,80,80,80,80,80,80,80,80,80,80,80,80,80,80,80],"card_choices":[{"not_picked":["Perfected Strike","Rupture","Sentinel"],"picked":"SKIP","floor":1},{"not_picked":["Heavy Blade","Warcry","Perfected Strike"],"picked":"SKIP","floor":3},{"not_picked":["Dual Wield","Iron Wave"],"picked":"Sword Boomerang","floor":4},{"not_picked":["Infernal Blade","Pommel Strike"],"picked":"Anger","floor":5},{"not_picked":["Armaments","Cleave"],"picked":"Bludgeon","floor":6},{"not_picked":["Anger","Uppercut"],"picked":"Offering","floor":11},{"not_picked":["Anger","Exhume"],"picked":"Armaments","floor":14},{"not_picked":["Clothesline","Iron Wave+1","Hemokinesis+1"],"picked":"SKIP","floor":18},{"not_picked":["Whirlwind","Iron Wave"],"picked":"True Grit","floor":21},{"not_picked":["Sword Boomerang","Thunderclap","Havoc"],"picked":"SKIP","floor":27},{"not_picked":["Clothesline","Cleave","Twin Strike"],"picked":"SKIP","floor":28}],"player_experience":1625863,"relics_obtained":[{"floor":6,"key":"Blood Vial"},{"floor":9,"key":"Ornamental Fan"},{"floor":11,"key":"Tiny Chest"},{"floor":12,"key":"Sundial"},{"floor":14,"key":"Bronze Scales"},{"floor":26,"key":"Girya"},{"floor":28,"key":"Frozen Egg 2"}],"event_choices":[{"damage_healed":0,"gold_gain":0,"player_choice":"Donut","damage_taken":0,"max_hp_gain":5,"max_hp_loss":0,"event_name":"Big Fish","floor":8,"gold_loss":0},{"damage_healed":0,"gold_gain":0,"player_choice":"Obtained Relic","damage_taken":0,"relics_obtained":["Meat on the Bone"],"max_hp_gain":0,"max_hp_loss":0,"event_name":"Addict","floor":20,"gold_loss":85},{"damage_healed":0,"gold_gain":0,"player_choice":"Read","damage_taken":0,"max_hp_gain":0,"max_hp_loss":0,"event_name":"The Library","floor":24,"gold_loss":0,"cards_obtained":["Disarm"]}],"is_beta":true,"boss_relics":[{"not_picked":["SacredBark","Coffee Dripper"],"picked":"Velvet Choker"}],"items_purged_floors":[19,22],"is_endless":false,"potions_floor_spawned":[1,11,21],"killed_by":"Snake Plant","ascension_level":20}