{"gold_per_floor":[217,217,227,241,241,241,284,305,353,428,10,75,75,150,150,275,275,294,294,307,222,43,78,94,127,174,174],"floor_reached":27,"playtime":1061,"items_purged":[],"score":311,"play_id":"ffea2b00-e94a-474a-aca9-2b3c1938438c","local_time":"20190921145404","is_ascension_mode":true,"campfire_choices":[{"data":"Streamline","floor":6,"key":"SMITH"},{"floor":13,"key":"REST"},{"data":"Coolheaded","floor":15,"key":"SMITH"}],"neow_cost":"NONE","seed_source_timestamp":111099538335300,"circlet_count":0,"master_deck":["Strike_B","Strike_B","Strike_B","Strike_B","Defend_B","Defend_B","Defend_B","Defend_B","Zap+1","Dualcast","Streamline+1","Coolheaded+1","Conserve Battery","Ball Lightning","Stack","Conserve Battery","Rainbow","Compile Driver","Beam Cell","Echo Form","Auto Shields","Coolheaded+1","Aggregate","Redo+1","Normality"],"relics":["Cracked Core","Golden Idol","Symbiotic Virus","Blood Vial","Matryoshka","Vajra","Cursed Key","MutagenicStrength","PreservedInsect","Bird Faced Urn","Pantograph","Juzu Bracelet","DataDisk"],"potions_floor_usage":[23,23],"damage_taken":[{"damage":0,"enemies":"2 Louse","floor":1,"turns":3},{"damage":0,"enemies":"Small Slimes","floor":3,"turns":2},{"damage":7,"enemies":"Jaw Worm","floor":4,"turns":3},{"damage":7,"enemies":"Lagavulin","floor":7,"turns":8},{"damage":6,"enemies":"Looter","floor":8,"turns":2},{"damage":18,"enemies":"Hexaghost","floor":16,"turns":8},{"damage":14,"enemies":"Shell Parasite","floor":18,"turns":4},{"damage":0,"enemies":"Spheric Guardian","floor":20,"turns":3},{"damage":16,"enemies":"Gremlin Leader","floor":23,"turns":3},{"damage":5,"enemies":"Snecko","floor":24,"turns":5},{"damage":38,"enemies":"Slavers","floor":25,"turns":8}],"seed_played":"-1515570940181939974","potions_obtained":[{"floor":3,"key":"SmokeBomb"},{"floor":8,"key":"Energy Potion"},{"floor":18,"key":"SneckoOil"},{"floor":25,"key":"Strength Potion"}],"is_trial":false,"path_per_floor":["M","?","M","M","?","R","E","M","T","?","$","?","R","?","R","B",null,"M","?","M","?","$","E","M","E","T","?"],"character_chosen":"DEFECT","items_purchased":["Matryoshka","Vajra","Conserve Battery","Echo Form","Auto Shields"],"campfire_rested":1,"item_purchase_floors":[11,11,11,22,22],"current_hp_per_floor":[75,75,75,68,50,50,43,37,37,26,26,26,48,41,41,25,63,51,51,53,53,53,39,38,2,2,0],"gold":174,"neow_bonus":"HUNDRED_GOLD","is_prod":false,"is_daily":false,"chose_seed":false,"campfire_upgraded":2,"win_rate":0,"timestamp":1569070444,"path_taken":["M","?","M","M","?","R","E","?","T","?","$","?","R","?","R","BOSS","M","?","M","?","$","E","M","E","T","?"],"build_version":"2019-07-17","purchased_purges":0,"victory":false,"max_hp_per_floor":[75,75,75,75,75,75,75,75,75,75,75,75,75,75,75,75,75,75,75,75,75,75,75,75,75,75,75],"card_choices":[{"not_picked":["Steam","Rip and Tear"],"picked":"Streamline","floor":1},{"not_picked":["Reinforced Body","Leap"],"picked":"Coolheaded","floor":3},{"not_picked":["Hologram","Streamline"],"picked":"Conserve Battery","floor":4},{"not_picked":["Chaos","Steam Power"],"picked":"Ball Lightning","floor":7},{"not_picked":["Machine Learning","Streamline"],"picked":"Stack","floor":8},{"not_picked":["Core Surge","Hyperbeam"],"picked":"Rainbow","floor":16},{"not_picked":["Turbo","Gash"],"picked":"Compile Driver","floor":18},{"not_picked":["White Noise","Compile Driver"],"picked":"Beam Cell","floor":20},{"not_picked":["Beam Cell+1","Conserve Battery"],"picked":"Coolheaded+1","floor":23},{"not_picked":["Gash","Blizzard"],"picked":"Aggregate","floor":24},{"not_picked":["Core Surge","Go for the Eyes"],"picked":"Redo+1","floor":25}],"player_experience":204075,"relics_obtained":[{"floor":7,"key":"Symbiotic Virus"},{"floor":9,"key":"Blood Vial"},{"floor":23,"key":"Bird Faced Urn"},{"floor":25,"key":"Pantograph"},{"floor":26,"key":"Juzu Bracelet"},{"floor":26,"key":"DataDisk"}],"event_choices":[{"damage_healed":0,"gold_gain":0,"player_choice":"Grow","damage_taken":0,"max_hp_gain":0,"max_hp_loss":0,"event_name":"Living Wall","floor":2,"gold_loss":0,"cards_upgraded":["Zap"]},{"damage_healed":0,"gold_gain":0,"player_choice":"Take Damage","damage_taken":18,"relics_obtained":["Golden Idol"],"max_hp_gain":0,"max_hp_loss":0,"event_name":"Golden Idol","floor":5,"gold_loss":0},{"damage_healed":0,"gold_gain":75,"player_choice":"Gather Gold","damage_taken":11,"max_hp_gain":0,"max_hp_loss":0,"event_name":"World of Goop","floor":10,"gold_loss":0},{"damage_healed":0,"gold_gain":65,"player_choice":"Gained Gold","damage_taken":0,"max_hp_gain":0,"max_hp_loss":0,"event_name":"Golden Wing","floor":12,"gold_loss":0},{"damage_healed":0,"gold_gain":75,"player_choice":"Touch","damage_taken":7,"max_hp_gain":0,"max_hp_loss":0,"event_name":"FaceTrader","floor":14,"gold_loss":0},{"damage_healed":0,"gold_gain":0,"player_choice":"Inject Mutagens","damage_taken":0,"relics_obtained":["MutagenicStrength"],"max_hp_gain":0,"max_hp_loss":0,"event_name":"Drug Dealer","floor":19,"gold_loss":0},{"damage_healed":0,"gold_gain":0,"player_choice":"Obtained Relic","damage_taken":0,"relics_obtained":["PreservedInsect"],"max_hp_gain":0,"max_hp_loss":0,"event_name":"Addict","floor":21,"gold_loss":85}],"is_beta":false,"boss_relics":[{"not_picked":["Empty Cage","White Beast Statue"],"picked":"Cursed Key"}],"items_purged_floors":[],"is_endless":false,"potions_floor_spawned":[3,8,18,25],"ascension_level":5}