{"gold_per_floor":[118,293,306,325,28,28,62,62,88,118,118,130,130,145,145,241,241,260,28,46,46,46,46,73,92,92,121,136,136,61,89,89,184,184,203,203,303,313,18,45,45,45,45,64,0,19,34,53,53,53],"floor_reached":51,"playtime":2885,"items_purged":["Doubt","Strike_R"],"score":1102,"play_id":"1dfcf268-2b77-4cfa-acc2-91c9595da5b3","local_time":"20191012151457","is_ascension_mode":true,"campfire_choices":[{"data":"Armaments","floor":6,"key":"SMITH"},{"floor":11,"key":"REST"},{"data":"Metallicize","floor":15,"key":"SMITH"},{"floor":23,"key":"REST"},{"floor":32,"key":"REST"},{"floor":42,"key":"REST"},{"floor":49,"key":"RECALL"}],"neow_cost":"NONE","seed_source_timestamp":137228756811600,"circlet_count":0,"master_deck":["AscendersBane","Strike_R+1","Strike_R","Defend_R","Defend_R+1","Defend_R+1","Defend_R","Bash","Armaments+1","Pommel Strike","Inflame","Pummel","Uppercut","Rampage","Metallicize+1","Impervious","Shrug It Off+1","Inflame","Pummel","Shrug It Off","Pummel","Sword Boomerang+1","Seeing Red","Twin Strike+1","Fiend Fire","Body Slam+1","Warcry+1","Ghostly Armor","Warcry","Seeing Red+1","Impervious","Metallicize+1","True Grit+1","Body Slam+1"],"relics":["Burning Blood","Bag of Marbles","Lantern","Ancient Tea Set","Juzu Bracelet","Fusion Hammer","TheAbacus","Bronze Scales","Red Skull","Bottled Flame","Frozen Egg 2","Dead Branch","War Paint","Runic Cube","Gambling Chip","Bag of Preparation","Du-Vu Doll","Gremlin Horn","Red Mask"],"potions_floor_usage":[16,24,27,31,33,33,50,50],"damage_taken":[{"damage":0,"enemies":"2 Louse","floor":1,"turns":3},{"damage":4,"enemies":"Small Slimes","floor":3,"turns":5},{"damage":12,"enemies":"Jaw Worm","floor":4,"turns":4},{"damage":35,"enemies":"3 Sentries","floor":7,"turns":8},{"damage":20,"enemies":"Lagavulin","floor":10,"turns":4},{"damage":1,"enemies":"Exordium Wildlife","floor":12,"turns":3},{"damage":11,"enemies":"Looter","floor":14,"turns":3},{"damage":40,"enemies":"Hexaghost","floor":16,"turns":9},{"damage":11,"enemies":"3 Byrds","floor":18,"turns":4},{"damage":0,"enemies":"Spheric Guardian","floor":20,"turns":3},{"damage":11,"enemies":"Slavers","floor":24,"turns":5},{"damage":8,"enemies":"Snecko","floor":25,"turns":4},{"damage":32,"enemies":"Book of Stabbing","floor":27,"turns":5},{"damage":1,"enemies":"Sentry and Sphere","floor":28,"turns":5},{"damage":1,"enemies":"Gremlin Leader","floor":31,"turns":6},{"damage":62,"enemies":"Collector","floor":33,"turns":8},{"damage":4,"enemies":"Orb Walker","floor":35,"turns":2},{"damage":0,"enemies":"Mind Bloom Boss Battle","floor":37,"turns":5},{"damage":0,"enemies":"3 Shapes","floor":38,"turns":5},{"damage":38,"enemies":"Reptomancer","floor":40,"turns":6},{"damage":0,"enemies":"Sphere and 2 Shapes","floor":44,"turns":3},{"damage":5,"enemies":"Spire Growth","floor":46,"turns":3},{"damage":0,"enemies":"Jaw Worm Horde","floor":47,"turns":2},{"damage":0,"enemies":"3 Darklings","floor":48,"turns":4},{"damage":41,"enemies":"Time Eater","floor":50,"turns":10}],"seed_played":"-1727748593492214222","potions_obtained":[{"floor":7,"key":"Ancient Potion"},{"floor":12,"key":"Regen Potion"},{"floor":16,"key":"Swift Potion"},{"floor":18,"key":"Regen Potion"},{"floor":27,"key":"Energy Potion"},{"floor":28,"key":"Energy Potion"},{"floor":31,"key":"Explosive Potion"},{"floor":35,"key":"Dexterity Potion"},{"floor":36,"key":"Regen Potion"},{"floor":36,"key":"Block Potion"},{"floor":37,"key":"EssenceOfSteel"},{"floor":46,"key":"LiquidBronze"}],"is_trial":false,"path_per_floor":["M","?","M","M","$","R","E","?","T","E","R","M","?","M","R","B",null,"M","$","M","?","?","R","E","M","T","E","M","?","?","E","R","B",null,"M","?","?","M","$","E","?","R","T","M","?","M","M","M","R","B",null],"character_chosen":"IRONCLAD","items_purchased":["Inflame","Bag of Marbles","Inflame","TheAbacus","Bag of Preparation","Warcry"],"campfire_rested":4,"item_purchase_floors":[5,5,19,19,39,39],"current_hp_per_floor":[78,78,80,74,74,74,45,29,29,15,39,44,49,44,44,25,70,65,65,71,71,71,85,80,78,78,57,62,62,62,67,85,29,71,73,73,79,85,85,53,53,78,78,84,84,85,85,85,85,50],"gold":53,"neow_bonus":"REMOVE_CARD","is_prod":false,"is_daily":false,"chose_seed":false,"campfire_upgraded":2,"win_rate":0,"timestamp":1570886097,"path_taken":["M","?","M","M","$","R","E","?","T","E","R","M","?","M","R","BOSS","M","$","M","?","?","R","E","M","T","E","M","?","?","E","R","BOSS","M","?","?","M","$","E","?","R","T","M","?","M","M","M","R","BOSS"],"build_version":"2019-07-17","purchased_purges":2,"victory":true,"max_hp_per_floor":[80,80,80,80,80,80,80,80,80,80,80,80,85,85,85,85,85,85,85,85,85,85,85,85,85,85,85,85,85,85,85,85,85,85,85,85,85,85,85,85,85,85,85,85,85,85,85,85,85,85],"card_choices":[{"not_picked":["Thunderclap","Dual Wield"],"picked":"Clash","floor":1},{"not_picked":["Flex","Thunderclap"],"picked":"Armaments","floor":3},{"not_picked":["Wild Strike","Sword Boomerang"],"picked":"Pommel Strike","floor":4},{"not_picked":["Evolve","Ghostly Armor"],"picked":"Pummel","floor":7},{"not_picked":["Shockwave","Cleave"],"picked":"Uppercut","floor":10},{"not_picked":["Headbutt","Barricade"],"picked":"Rampage","floor":12},{"not_picked":["Inflame","Pommel Strike"],"picked":"Metallicize","floor":14},{"not_picked":["Double Tap","Berserk"],"picked":"Impervious","floor":16},{"not_picked":["Bloodletting","Sword Boomerang"],"picked":"Shrug It Off+1","floor":18},{"not_picked":["Uppercut","Clothesline+1"],"picked":"Pummel","floor":20},{"not_picked":["True Grit+1","Sever Soul"],"picked":"Pummel","floor":24},{"not_picked":["Thunderclap","Anger+1"],"picked":"Sword Boomerang+1","floor":25},{"not_picked":["Hemokinesis","Warcry+1"],"picked":"Seeing Red","floor":27},{"not_picked":["Carnage","Entrench","Fire Breathing+1"],"picked":"SKIP","floor":28},{"not_picked":["Whirlwind","Armaments"],"picked":"Twin Strike+1","floor":31},{"not_picked":["Reaper","Double Tap"],"picked":"Fiend Fire","floor":33},{"not_picked":["Reckless Charge+1","Hemokinesis+1"],"picked":"Body Slam+1","floor":35},{"not_picked":["Shrug It Off","Carnage+1"],"picked":"Warcry+1","floor":37},{"not_picked":["Body Slam","Twin Strike"],"picked":"Ghostly Armor","floor":38},{"not_picked":["Warcry","Perfected Strike+1"],"picked":"Seeing Red+1","floor":40},{"not_picked":["Twin Strike","Clothesline+1"],"picked":"Metallicize+1","floor":44},{"not_picked":["Rage","Pommel Strike+1"],"picked":"True Grit+1","floor":46},{"not_picked":["Flex","Thunderclap"],"picked":"Body Slam+1","floor":47},{"not_picked":["Fire Breathing+1","Armaments","Entrench+1"],"picked":"SKIP","floor":48}],"player_experience":336487,"relics_obtained":[{"floor":7,"key":"Lantern"},{"floor":9,"key":"Ancient Tea Set"},{"floor":10,"key":"Juzu Bracelet"},{"floor":24,"key":"Red Skull"},{"floor":26,"key":"Bottled Flame"},{"floor":27,"key":"Frozen Egg 2"},{"floor":31,"key":"War Paint"},{"floor":37,"key":"Gambling Chip"},{"floor":40,"key":"Du-Vu Doll"},{"floor":43,"key":"Gremlin Horn"}],"event_choices":[{"damage_healed":0,"gold_gain":175,"player_choice":"AGREE","damage_taken":0,"max_hp_gain":0,"max_hp_loss":0,"event_name":"Liars Game","floor":2,"gold_loss":0,"cards_obtained":["Doubt"]},{"damage_healed":0,"gold_gain":0,"player_choice":"Entered Light","damage_taken":16,"max_hp_gain":0,"max_hp_loss":0,"event_name":"Shining Light","floor":8,"gold_loss":0,"cards_upgraded":["Clash","Strike_R"]},{"damage_healed":0,"gold_gain":0,"player_choice":"Donut","damage_taken":0,"max_hp_gain":5,"max_hp_loss":0,"event_name":"Big Fish","floor":13,"gold_loss":0},{"damage_healed":0,"gold_gain":0,"player_choice":"Read","damage_taken":0,"max_hp_gain":0,"max_hp_loss":0,"event_name":"The Library","floor":21,"gold_loss":0,"cards_obtained":["Shrug It Off"]},{"cards_removed":["Clash"],"damage_healed":0,"gold_gain":0,"player_choice":"Gave Card","damage_taken":0,"relics_obtained":["Bronze Scales"],"max_hp_gain":0,"max_hp_loss":0,"event_name":"WeMeetAgain","floor":22,"gold_loss":0},{"damage_healed":0,"gold_gain":0,"player_choice":"Opened","damage_taken":0,"relics_obtained":["Dead Branch"],"max_hp_gain":0,"max_hp_loss":0,"event_name":"The Mausoleum","floor":29,"gold_loss":0},{"cards_removed":["Strike_R"],"damage_healed":0,"gold_gain":0,"player_choice":"Gave Gold","damage_taken":0,"max_hp_gain":0,"max_hp_loss":0,"event_name":"Beggar","floor":30,"gold_loss":75},{"damage_healed":0,"gold_gain":0,"player_choice":"Got Potions","damage_taken":0,"max_hp_gain":0,"max_hp_loss":0,"event_name":"Lab","floor":36,"gold_loss":0},{"damage_healed":0,"gold_gain":0,"player_choice":"Fight","damage_taken":0,"max_hp_gain":0,"max_hp_loss":0,"event_name":"MindBloom","floor":37,"gold_loss":0},{"damage_healed":0,"gold_gain":0,"player_choice":"Copied","damage_taken":0,"max_hp_gain":0,"max_hp_loss":0,"event_name":"Duplicator","floor":41,"gold_loss":0,"cards_obtained":["Impervious"]},{"damage_healed":0,"gold_gain":0,"player_choice":"Paid","damage_taken":0,"relics_obtained":["Red Mask"],"max_hp_gain":0,"max_hp_loss":0,"event_name":"Tomb of Lord Red Mask","floor":45,"gold_loss":64}],"is_beta":false,"boss_relics":[{"not_picked":["Orrery","Lizard Tail"],"picked":"Fusion Hammer"},{"not_picked":["Black Blood","Runic Dome"],"picked":"Runic Cube"}],"items_purged_floors":[5,39],"is_endless":false,"potions_floor_spawned":[7,12,16,18,27,28,31,35,37,46],"ascension_level":11}