{"gold_per_floor":[19,19,33,33,33,33,49,90,90,128,128,128,128,166,166,255,255,279,279,300,341,391,391],"floor_reached":23,"playtime":661,"items_purged":[],"score":410,"play_id":"68fb37f3-8a83-4e28-920f-65ba8e2e5d70","local_time":"20191018161659","is_ascension_mode":true,"campfire_choices":[{"data":"Offering","floor":6,"key":"SMITH"},{"floor":11,"key":"REST"},{"floor":15,"key":"REST"}],"neow_cost":"NO_GOLD","seed_source_timestamp":330035372267600,"circlet_count":0,"master_deck":["AscendersBane","Strike_R+1","Strike_R","Strike_R","Strike_R+1","Defend_R","Defend_R","Defend_R","Defend_R","Bash+1","Offering+1","Headbutt","Shrug It Off","Uppercut","Spot Weakness","Reaper","Armaments","Sword Boomerang","Shrug It Off"],"relics":["Burning Blood","Golden Idol","Matryoshka","Bronze Scales","Orichalcum","Blood Vial","FossilizedHelix","Mark of Pain","Red Mask"],"potions_floor_usage":[14,14,16],"damage_taken":[{"damage":12,"enemies":"2 Louse","floor":1,"turns":3},{"damage":6,"enemies":"Cultist","floor":3,"turns":2},{"damage":6,"enemies":"Jaw Worm","floor":7,"turns":4},{"damage":50,"enemies":"Lagavulin","floor":8,"turns":6},{"damage":8,"enemies":"Gremlin Nob","floor":10,"turns":3},{"damage":15,"enemies":"Lagavulin","floor":14,"turns":4},{"damage":23,"enemies":"Hexaghost","floor":16,"turns":7},{"damage":12,"enemies":"Shell Parasite","floor":18,"turns":3},{"damage":6,"enemies":"3 Byrds","floor":20,"turns":3},{"damage":53,"enemies":"Masked Bandits","floor":21,"turns":5},{"damage":52,"enemies":"Slavers","floor":23,"turns":4}],"seed_played":"2334157213033267645","potions_obtained":[{"floor":8,"key":"Energy Potion"},{"floor":10,"key":"Swift Potion"},{"floor":14,"key":"SneckoOil"}],"is_trial":false,"path_per_floor":["M","?","M","?","$","R","M","E","T","E","R","?","?","E","R","B",null,"M","?","M","?","?","E"],"character_chosen":"IRONCLAD","items_purchased":[],"campfire_rested":2,"item_purchase_floors":[],"current_hp_per_floor":[62,62,62,62,62,62,62,18,18,16,36,16,16,9,29,14,55,61,61,68,21,21,0],"gold":391,"neow_bonus":"THREE_RARE_CARDS","is_prod":false,"is_daily":false,"chose_seed":false,"campfire_upgraded":1,"win_rate":0,"timestamp":1571440619,"path_taken":["M","?","M","?","$","R","M","E","T","E","R","?","?","E","R","BOSS","M","?","?","?","?","E"],"build_version":"2019-10-17","purchased_purges":0,"victory":false,"max_hp_per_floor":[75,68,68,68,68,68,68,68,68,68,68,68,68,68,68,68,68,68,68,68,68,68,68],"card_choices":[{"not_picked":["Berserk","Double Tap"],"picked":"Offering","floor":0},{"not_picked":["Heavy Blade","Shrug It Off"],"picked":"Headbutt","floor":1},{"not_picked":["Iron Wave","Havoc"],"picked":"Shrug It Off","floor":3},{"not_picked":["Barricade","Sever Soul"],"picked":"Uppercut","floor":7},{"not_picked":["True Grit","Iron Wave","Blood for Blood"],"picked":"SKIP","floor":8},{"not_picked":["Havoc","Wild Strike","Iron Wave"],"picked":"SKIP","floor":10},{"not_picked":["Feed","Corruption"],"picked":"Spot Weakness","floor":14},{"not_picked":["Bludgeon","Impervious"],"picked":"Reaper","floor":16},{"not_picked":["Body Slam+1","Dropkick"],"picked":"Armaments","floor":18},{"not_picked":["Havoc","Flex"],"picked":"Sword Boomerang","floor":20},{"not_picked":["Sever Soul","Wild Strike"],"picked":"Shrug It Off","floor":21}],"player_experience":1640153,"relics_obtained":[{"floor":8,"key":"Matryoshka"},{"floor":9,"key":"Bronze Scales"},{"floor":9,"key":"Orichalcum"},{"floor":10,"key":"Blood Vial"},{"floor":14,"key":"FossilizedHelix"},{"floor":21,"key":"Red Mask"}],"event_choices":[{"damage_healed":0,"gold_gain":0,"player_choice":"Lose Max HP","damage_taken":0,"relics_obtained":["Golden Idol"],"max_hp_gain":0,"max_hp_loss":7,"event_name":"Golden Idol","floor":2,"gold_loss":0},{"damage_healed":0,"gold_gain":0,"player_choice":"Grow","damage_taken":0,"max_hp_gain":0,"max_hp_loss":0,"event_name":"Living Wall","floor":4,"gold_loss":0,"cards_upgraded":["Bash"]},{"damage_healed":0,"gold_gain":0,"player_choice":"Entered Light","damage_taken":20,"max_hp_gain":0,"max_hp_loss":0,"event_name":"Shining Light","floor":12,"gold_loss":0,"cards_upgraded":["Strike_R","Strike_R"]},{"cards_removed":["Strike_R"],"damage_healed":0,"gold_gain":0,"player_choice":"Purged","damage_taken":0,"max_hp_gain":0,"max_hp_loss":0,"event_name":"Purifier","floor":13,"gold_loss":0},{"damage_healed":0,"gold_gain":0,"player_choice":"Ignored","damage_taken":0,"max_hp_gain":0,"max_hp_loss":0,"event_name":"N\u0027loth","floor":19,"gold_loss":0},{"damage_healed":0,"gold_gain":0,"player_choice":"Fought Bandits","damage_taken":0,"max_hp_gain":0,"max_hp_loss":0,"event_name":"Masked Bandits","floor":21,"gold_loss":0},{"damage_healed":0,"gold_gain":50,"player_choice":"Stole From Cult","damage_taken":0,"max_hp_gain":0,"max_hp_loss":0,"event_name":"Nest","floor":22,"gold_loss":0}],"is_beta":true,"boss_relics":[{"not_picked":["Runic Pyramid","Fusion Hammer"],"picked":"Mark of Pain"}],"items_purged_floors":[],"is_endless":false,"potions_floor_spawned":[8,10,14],"killed_by":"Slavers","ascension_level":20}