{"gold_per_floor":[113,188,77,94,94,126,143,143,443,443,503,521,521,532,532,627,627,639,652,162,176,101,101,114,128,203,237,237,96,126,146,146,244,244,255,255,255,274,274,302,315,329,329,329],"floor_reached":44,"playtime":2727,"items_purged":["Hyperbeam"],"score":625,"play_id":"68337167-6d00-4ceb-a415-61478304f05f","local_time":"20190919013752","is_ascension_mode":true,"campfire_choices":[{"floor":8,"key":"REST"},{"data":"Loop","floor":10,"key":"SMITH"},{"floor":13,"key":"REST"},{"data":"Go for the Eyes","floor":15,"key":"SMITH"},{"data":"Fission","floor":23,"key":"SMITH"},{"floor":28,"key":"REST"},{"floor":32,"key":"REST"}],"neow_cost":"NONE","seed_source_timestamp":566385568763300,"circlet_count":0,"master_deck":["Zap","Dualcast","Ball Lightning","Loop+1","FTL","Streamline","Genetic Algorithm","Steam","Go for the Eyes+1","Conserve Battery","Biased Cognition","Streamline","Undo","BootSequence","Buffer","Fission+1","Leap+1","Defragment+1","Redo+1","Leap+1","Barrage+1","All For One","Glacier","Echo Form","Cold Snap","Madness","Madness","Barrage+1","Rainbow","Pain"],"relics":["Cracked Core","Happy Flower","Gremlin Horn","Old Coin","Sundial","Pandora\u0027s Box","Runic Capacitor","Art of War","Shuriken","Ancient Tea Set","Mercury Hourglass","Cursed Key","Bag of Marbles","Mummified Hand"],"potions_floor_usage":[6,12,16,19,24,25,33,35,40,44],"damage_taken":[{"damage":0,"enemies":"2 Louse","floor":1,"turns":1},{"damage":12,"enemies":"Jaw Worm","floor":4,"turns":3},{"damage":30,"enemies":"3 Sentries","floor":6,"turns":7},{"damage":0,"enemies":"Cultist","floor":7,"turns":3},{"damage":29,"enemies":"Lagavulin Event","floor":11,"turns":4},{"damage":0,"enemies":"2 Fungi Beasts","floor":12,"turns":3},{"damage":8,"enemies":"Looter","floor":14,"turns":3},{"damage":4,"enemies":"Hexaghost","floor":16,"turns":9},{"damage":10,"enemies":"Spheric Guardian","floor":18,"turns":4},{"damage":0,"enemies":"2 Thieves","floor":19,"turns":3},{"damage":4,"enemies":"Chosen and Byrds","floor":21,"turns":5},{"damage":0,"enemies":"Cultist and Chosen","floor":24,"turns":5},{"damage":9,"enemies":"Shelled Parasite and Fungi","floor":25,"turns":4},{"damage":13,"enemies":"Book of Stabbing","floor":27,"turns":6},{"damage":14,"enemies":"Slavers","floor":30,"turns":5},{"damage":1,"enemies":"Centurion and Healer","floor":31,"turns":5},{"damage":15,"enemies":"Automaton","floor":33,"turns":8},{"damage":29,"enemies":"3 Darklings","floor":35,"turns":6},{"damage":3,"enemies":"3 Shapes","floor":38,"turns":3},{"damage":13,"enemies":"Giant Head","floor":40,"turns":8},{"damage":3,"enemies":"Transient","floor":41,"turns":5},{"damage":0,"enemies":"Maw","floor":42,"turns":5},{"damage":15,"enemies":"Writhing Mass","floor":44,"turns":2}],"seed_played":"-4814240678285928916","potions_obtained":[{"floor":1,"key":"Energy Potion"},{"floor":4,"key":"EssenceOfSteel"},{"floor":7,"key":"EssenceOfSteel"},{"floor":14,"key":"Block Potion"},{"floor":16,"key":"Block Potion"},{"floor":18,"key":"SkillPotion"},{"floor":25,"key":"Strength Potion"},{"floor":33,"key":"SpeedPotion"},{"floor":38,"key":"AttackPotion"},{"floor":41,"key":"GamblersBrew"},{"floor":42,"key":"SteroidPotion"}],"is_trial":false,"path_per_floor":["M","?","$","M","?","E","M","R","T","R","?","M","R","M","R","B",null,"M","M","$","M","?","R","M","M","T","E","R","$","E","M","R","B",null,"M","?","?","M","$","E","M","M","T","M"],"character_chosen":"DEFECT","items_purchased":["Loop","FTL","Defragment","Runic Capacitor","Art of War","All For One"],"campfire_rested":4,"item_purchase_floors":[3,3,20,20,20,29],"current_hp_per_floor":[75,64,64,52,45,15,15,37,37,37,8,8,30,22,22,18,61,51,51,51,47,47,47,47,38,38,25,47,47,33,32,54,39,66,37,28,28,25,25,12,9,9,9,0],"gold":329,"neow_bonus":"RANDOM_COMMON_RELIC","is_prod":false,"is_daily":false,"chose_seed":false,"campfire_upgraded":3,"win_rate":0,"timestamp":1568849872,"path_taken":["M","?","?","?","?","E","M","R","T","R","?","M","R","M","R","BOSS","M","M","$","M","?","R","M","M","T","E","R","$","E","M","R","BOSS","M","?","?","M","$","E","M","M","T","M"],"build_version":"2019-07-17","purchased_purges":1,"victory":false,"max_hp_per_floor":[75,75,75,75,75,75,75,75,75,75,75,75,75,75,75,75,75,75,75,75,75,75,75,75,75,75,75,75,75,75,75,75,75,75,75,75,75,75,75,75,75,75,75,75],"card_choices":[{"not_picked":["Scrape","Beam Cell"],"picked":"Ball Lightning","floor":1},{"not_picked":["Gash","Beam Cell"],"picked":"Streamline","floor":4},{"not_picked":["Coolheaded","Melter"],"picked":"Genetic Algorithm","floor":6},{"not_picked":["Reprogram","Sweeping Beam"],"picked":"Steam","floor":7},{"not_picked":["Hello World","Skim"],"picked":"Go for the Eyes","floor":11},{"not_picked":["Force Field","Meteor Strike","Beam Cell"],"picked":"SKIP","floor":12},{"not_picked":["Go for the Eyes","Beam Cell"],"picked":"Conserve Battery","floor":14},{"not_picked":["Machine Learning","Seek"],"picked":"Biased Cognition","floor":16},{"not_picked":["Redo","Hello World"],"picked":"Leap+1","floor":18},{"not_picked":["Go for the Eyes","Rebound","Barrage"],"picked":"SKIP","floor":19},{"not_picked":["Steam+1","Leap","Go for the Eyes"],"picked":"SKIP","floor":21},{"not_picked":["Hologram","Capacitor+1"],"picked":"Redo+1","floor":24},{"not_picked":["Beam Cell","Fusion+1"],"picked":"Leap+1","floor":25},{"not_picked":["Turbo","Streamline"],"picked":"Barrage+1","floor":27},{"not_picked":["Recycle","Ball Lightning"],"picked":"Glacier","floor":30},{"not_picked":["Sweeping Beam","Undo","BootSequence+1"],"picked":"SKIP","floor":31},{"not_picked":["Electrodynamics","Meteor Strike"],"picked":"Echo Form","floor":33},{"not_picked":["Beam Cell","Rebound+1"],"picked":"Cold Snap","floor":35},{"not_picked":["Turbo+1","Rip and Tear"],"picked":"Barrage+1","floor":38},{"not_picked":["White Noise","Coolheaded"],"picked":"Rainbow","floor":40},{"not_picked":["Turbo","Barrage","Reprogram+1"],"picked":"SKIP","floor":41},{"not_picked":["Redo+1","Sweeping Beam","Skim+1"],"picked":"SKIP","floor":42}],"player_experience":186207,"relics_obtained":[{"floor":6,"key":"Gremlin Horn"},{"floor":9,"key":"Old Coin"},{"floor":26,"key":"Shuriken"},{"floor":27,"key":"Ancient Tea Set"},{"floor":30,"key":"Mercury Hourglass"},{"floor":40,"key":"Bag of Marbles"},{"floor":43,"key":"Mummified Hand"}],"event_choices":[{"damage_healed":0,"gold_gain":75,"player_choice":"Gather Gold","damage_taken":11,"max_hp_gain":0,"max_hp_loss":0,"event_name":"World of Goop","floor":2,"gold_loss":0},{"cards_removed":["Strike_B"],"damage_healed":0,"gold_gain":0,"player_choice":"Card Removal","damage_taken":7,"max_hp_gain":0,"max_hp_loss":0,"event_name":"Golden Wing","floor":5,"gold_loss":0},{"damage_healed":0,"gold_gain":0,"player_choice":"Searched \u00272\u0027 times","damage_taken":0,"relics_obtained":["Sundial"],"max_hp_gain":0,"max_hp_loss":0,"event_name":"Dead Adventurer","floor":11,"gold_loss":0},{"cards_removed":["Redo"],"damage_healed":0,"gold_gain":0,"player_choice":"Gave Gold","damage_taken":0,"max_hp_gain":0,"max_hp_loss":0,"event_name":"Beggar","floor":22,"gold_loss":75},{"damage_healed":0,"gold_gain":0,"player_choice":"Embrace Madness","damage_taken":9,"max_hp_gain":0,"max_hp_loss":0,"event_name":"Winding Halls","floor":36,"gold_loss":0,"cards_obtained":["Madness","Madness"]},{"damage_healed":0,"gold_gain":0,"player_choice":"Forge","damage_taken":0,"max_hp_gain":0,"max_hp_loss":0,"event_name":"Accursed Blacksmith","floor":37,"gold_loss":0,"cards_upgraded":["Defragment"]}],"is_beta":false,"boss_relics":[{"not_picked":["Tiny House","Snecko Eye"],"picked":"Pandora\u0027s Box"},{"not_picked":["Calling Bell","Inserter"],"picked":"Cursed Key"}],"items_purged_floors":[20],"is_endless":false,"potions_floor_spawned":[1,4,7,14,16,18,25,33,38,41,42],"killed_by":"Writhing Mass","ascension_level":5}