{"gold_per_floor":[118,118,2,2,23,62,77,77,131,167,167,167,167,202,202,202],"floor_reached":16,"playtime":315,"items_purged":[],"score":282,"play_id":"bd00a88e-0a53-4517-815d-4144989ce74d","local_time":"20191002114212","is_ascension_mode":true,"campfire_choices":[{"data":"Hemokinesis","floor":8,"key":"SMITH"},{"floor":13,"key":"REST"},{"floor":15,"key":"REST"}],"neow_cost":"NONE","seed_source_timestamp":77893258807000,"circlet_count":0,"master_deck":["AscendersBane","Strike_R","Strike_R","Strike_R","Strike_R","Strike_R","Defend_R","Defend_R","Defend_R","Defend_R","Bash","Shockwave","Shrug It Off","Fire Breathing","Hemokinesis+1","Inflame","Spot Weakness","Headbutt"],"relics":["Burning Blood","NeowsBlessing","Golden Idol","Bag of Marbles","Pen Nib","Nunchaku","Vajra","Sundial"],"potions_floor_usage":[14,16],"damage_taken":[{"damage":0,"enemies":"Cultist","floor":1,"turns":1},{"damage":0,"enemies":"2 Louse","floor":5,"turns":1},{"damage":0,"enemies":"Gremlin Nob","floor":6,"turns":1},{"damage":5,"enemies":"Jaw Worm","floor":7,"turns":3},{"damage":37,"enemies":"Lagavulin","floor":10,"turns":5},{"damage":32,"enemies":"Gremlin Nob","floor":14,"turns":4},{"damage":52,"enemies":"The Guardian","floor":16,"turns":13}],"seed_played":"-6708966835609602593","potions_obtained":[{"floor":6,"key":"ElixirPotion"},{"floor":10,"key":"SkillPotion"}],"is_trial":false,"path_per_floor":["M","?","$","?","M","E","M","R","T","E","?","?","R","E","R","B"],"character_chosen":"IRONCLAD","items_purchased":["Shrug It Off","Fire Breathing"],"campfire_rested":2,"item_purchase_floors":[3,3],"current_hp_per_floor":[74,74,74,48,54,60,61,61,61,30,30,30,52,26,48,0],"gold":202,"neow_bonus":"THREE_ENEMY_KILL","is_prod":false,"is_daily":false,"chose_seed":false,"campfire_upgraded":1,"win_rate":0,"timestamp":1570041732,"path_taken":["M","?","?","?","?","E","M","R","T","E","?","?","R","E","R","BOSS"],"build_version":"2019-10-01","purchased_purges":0,"victory":false,"max_hp_per_floor":[75,75,75,75,75,75,75,75,75,75,75,75,75,75,75,75],"card_choices":[{"not_picked":["Perfected Strike","Body Slam"],"picked":"Shockwave","floor":1},{"not_picked":["Evolve","Sword Boomerang"],"picked":"Hemokinesis","floor":5},{"not_picked":["Twin Strike","Clash","Armaments"],"picked":"SKIP","floor":6},{"not_picked":["Corruption","Whirlwind"],"picked":"Inflame","floor":7},{"not_picked":["Thunderclap","Whirlwind"],"picked":"Spot Weakness","floor":10},{"not_picked":["Juggernaut","Body Slam"],"picked":"Headbutt","floor":14}],"player_experience":1192644,"relics_obtained":[{"floor":6,"key":"Bag of Marbles"},{"floor":9,"key":"Pen Nib"},{"floor":10,"key":"Nunchaku"},{"floor":14,"key":"Sundial"}],"event_choices":[{"damage_healed":0,"gold_gain":0,"player_choice":"0 cards matched","damage_taken":0,"max_hp_gain":0,"max_hp_loss":0,"event_name":"Match and Keep!","floor":2,"gold_loss":0,"cards_obtained":[]},{"damage_healed":0,"gold_gain":0,"player_choice":"Take Damage","damage_taken":26,"relics_obtained":["Golden Idol"],"max_hp_gain":0,"max_hp_loss":0,"event_name":"Golden Idol","floor":4,"gold_loss":0},{"damage_healed":0,"gold_gain":0,"player_choice":"Searched \u00271\u0027 times","damage_taken":0,"relics_obtained":["Vajra"],"max_hp_gain":0,"max_hp_loss":0,"event_name":"Dead Adventurer","floor":11,"gold_loss":0},{"damage_healed":0,"gold_gain":0,"player_choice":"Ignored","damage_taken":0,"max_hp_gain":0,"max_hp_loss":0,"event_name":"Liars Game","floor":12,"gold_loss":0}],"is_beta":true,"boss_relics":[],"items_purged_floors":[],"is_endless":false,"potions_floor_spawned":[6,10],"killed_by":"The Guardian","ascension_level":20}