{"gold_per_floor":[115,115,133,12,28,56,70,87,87,116,148,160,184,23,23,120,120,130,5,24,34,44,44,70,70,70,70,70,96,106,106,106,209,209,225,75,75,175,193,193,193,212,212,212,225,35,46,0,0,0],"floor_reached":51,"playtime":3464,"items_purged":["Strike_B","Defend_B","Strike_B","Strike_B"],"score":706,"play_id":"1a1b5067-e213-457b-8553-12aa6257d76b","local_time":"20190912220045","is_ascension_mode":true,"campfire_choices":[{"data":"Electrodynamics","floor":12,"key":"SMITH"},{"data":"Hello World","floor":15,"key":"SMITH"},{"data":"Darkness","floor":23,"key":"SMITH"},{"data":"Electrodynamics","floor":25,"key":"SMITH"},{"data":"Machine Learning","floor":28,"key":"SMITH"},{"floor":32,"key":"REST"},{"data":"Seek","floor":44,"key":"SMITH"},{"data":"Dualcast","floor":49,"key":"SMITH"}],"neow_cost":"NONE","seed_source_timestamp":34213741629199,"circlet_count":0,"master_deck":["Zap+1","Dualcast+1","BootSequence","Gash","Darkness+1","Electrodynamics+1","Genetic Algorithm+1","Chill+1","Machine Learning+1","Conserve Battery","Hello World+1","Electrodynamics+1","Static Discharge+1","Thunder Strike","Conserve Battery+1","Echo Form","Hello World+1","Tempest+1","Seek+1","Defragment+1"],"relics":["Cracked Core","NeowsBlessing","Anchor","War Paint","MawBank","Philosopher\u0027s Stone","Bottled Flame","Pantograph","Oddly Smooth Stone","Empty Cage","Frozen Egg 2","Potion Belt","Chemical X","Red Mask"],"potions_floor_usage":[16,29,29,33,45,50,50],"damage_taken":[{"damage":0,"enemies":"2 Louse","floor":1,"turns":1},{"damage":0,"enemies":"Cultist","floor":3,"turns":1},{"damage":0,"enemies":"Jaw Worm","floor":5,"turns":1},{"damage":11,"enemies":"Lagavulin","floor":6,"turns":5},{"damage":0,"enemies":"Lots of Slimes","floor":7,"turns":1},{"damage":0,"enemies":"Exordium Thugs","floor":8,"turns":4},{"damage":35,"enemies":"Gremlin Nob","floor":10,"turns":5},{"damage":3,"enemies":"3 Louse","floor":11,"turns":3},{"damage":0,"enemies":"Gremlin Gang","floor":13,"turns":3},{"damage":4,"enemies":"The Guardian","floor":16,"turns":8},{"damage":0,"enemies":"Spheric Guardian","floor":18,"turns":3},{"damage":0,"enemies":"2 Thieves","floor":20,"turns":3},{"damage":0,"enemies":"Snecko","floor":21,"turns":5},{"damage":0,"enemies":"Chosen and Byrds","floor":22,"turns":3},{"damage":27,"enemies":"Book of Stabbing","floor":24,"turns":5},{"damage":12,"enemies":"Slavers","floor":29,"turns":2},{"damage":17,"enemies":"Snake Plant","floor":30,"turns":3},{"damage":27,"enemies":"Champ","floor":33,"turns":8},{"damage":9,"enemies":"Orb Walker","floor":35,"turns":3},{"damage":0,"enemies":"3 Shapes","floor":39,"turns":3},{"damage":6,"enemies":"3 Darklings","floor":42,"turns":3},{"damage":0,"enemies":"4 Shapes","floor":45,"turns":3},{"damage":0,"enemies":"Sphere and 2 Shapes","floor":47,"turns":3},{"damage":48,"enemies":"Time Eater","floor":50,"turns":8}],"seed_played":"4691840060139315859","potions_obtained":[{"floor":1,"key":"Dexterity Potion"},{"floor":10,"key":"AttackPotion"},{"floor":11,"key":"Energy Potion"},{"floor":21,"key":"SteroidPotion"},{"floor":22,"key":"GamblersBrew"},{"floor":30,"key":"SteroidPotion"},{"floor":35,"key":"Fire Potion"},{"floor":45,"key":"AttackPotion"},{"floor":47,"key":"SkillPotion"}],"is_trial":false,"path_per_floor":["M","?","M","$","M","E","M","M","T","E","M","R","M","$","R","B",null,"M","$","M","M","M","R","E","R","T","?","R","E","M","$","R","B",null,"M","$","?","?","M","T","?","M","T","R","M","$","M","?","R","B",null],"character_chosen":"DEFECT","items_purchased":["Gash","Hello World","Chemical X"],"campfire_rested":1,"item_purchase_floors":[4,14,46],"current_hp_per_floor":[75,75,75,75,75,64,64,64,64,29,26,26,26,26,26,22,75,75,75,75,75,75,75,48,48,48,48,48,36,19,19,41,39,75,66,66,66,66,66,66,66,60,60,60,60,60,60,60,60,27],"gold":0,"neow_bonus":"THREE_ENEMY_KILL","is_prod":false,"is_daily":false,"chose_seed":false,"campfire_upgraded":7,"win_rate":0,"timestamp":1568318445,"path_taken":["M","?","?","$","M","E","M","M","T","E","?","R","M","$","R","BOSS","M","$","M","M","M","R","E","R","T","?","R","E","M","?","R","BOSS","M","$","?","?","?","?","?","M","T","R","M","$","?","?","R","BOSS"],"build_version":"2019-07-17","purchased_purges":4,"victory":true,"max_hp_per_floor":[75,75,75,75,75,75,75,75,75,75,75,75,75,75,75,75,75,75,75,75,75,75,75,75,75,75,75,75,75,75,75,75,75,75,75,75,75,75,75,75,75,75,75,75,75,75,75,75,75,75],"card_choices":[{"not_picked":["Reprogram","FTL"],"picked":"BootSequence","floor":1},{"not_picked":["Coolheaded","Beam Cell"],"picked":"Gash","floor":3},{"not_picked":["Reinforced Body","Conserve Battery"],"picked":"Darkness","floor":5},{"not_picked":["Beam Cell","Streamline"],"picked":"Electrodynamics","floor":6},{"not_picked":["Doom and Gloom","Compile Driver"],"picked":"Genetic Algorithm","floor":7},{"not_picked":["Chaos","Leap"],"picked":"Chill","floor":8},{"not_picked":["Sweeping Beam","Double Energy"],"picked":"Machine Learning","floor":10},{"not_picked":["Glacier","Coolheaded","Go for the Eyes"],"picked":"SKIP","floor":11},{"not_picked":["Reprogram","Coolheaded"],"picked":"Conserve Battery","floor":13},{"not_picked":["Hyperbeam","Buffer"],"picked":"Electrodynamics","floor":16},{"not_picked":["Sweeping Beam","Rebound","Ball Lightning"],"picked":"SKIP","floor":18},{"not_picked":["Go for the Eyes","Seek"],"picked":"Static Discharge+1","floor":20},{"not_picked":["Darkness","Static Discharge","Compile Driver"],"picked":"SKIP","floor":21},{"not_picked":["Recycle","Scrape","Ball Lightning"],"picked":"SKIP","floor":22},{"not_picked":["BootSequence","FTL"],"picked":"Thunder Strike","floor":24},{"not_picked":["Meteor Strike","Compile Driver","Turbo"],"picked":"SKIP","floor":29},{"not_picked":["Reinforced Body","Ball Lightning"],"picked":"Conserve Battery+1","floor":30},{"not_picked":["Machine Learning","Rainbow"],"picked":"Echo Form","floor":33},{"not_picked":["Steam+1","Compile Driver"],"picked":"Hello World+1","floor":35},{"not_picked":["Reprogram","Sweeping Beam+1"],"picked":"Tempest+1","floor":39},{"not_picked":["Coolheaded","Compile Driver+1"],"picked":"Defragment+1","floor":42},{"not_picked":["Thunder Strike","Hologram","Beam Cell+1"],"picked":"SKIP","floor":45},{"not_picked":["Hologram+1","Beam Cell","Rebound"],"picked":"SKIP","floor":47}],"player_experience":79401,"relics_obtained":[{"floor":6,"key":"Anchor"},{"floor":9,"key":"War Paint"},{"floor":10,"key":"MawBank"},{"floor":24,"key":"Bottled Flame"},{"floor":26,"key":"Pantograph"},{"floor":29,"key":"Oddly Smooth Stone"},{"floor":40,"key":"Frozen Egg 2"},{"floor":43,"key":"Potion Belt"}],"event_choices":[{"damage_healed":0,"gold_gain":0,"player_choice":"Forge","damage_taken":0,"max_hp_gain":0,"max_hp_loss":0,"event_name":"Accursed Blacksmith","floor":2,"gold_loss":0,"cards_upgraded":["Zap"]},{"cards_removed":["Defend_B"],"damage_healed":0,"gold_gain":0,"player_choice":"Offered Basic","damage_taken":0,"max_hp_gain":0,"max_hp_loss":0,"event_name":"Bonfire Elementals","floor":27,"gold_loss":0},{"cards_removed":["Gash"],"damage_healed":0,"gold_gain":0,"player_choice":"Removed Attack","damage_taken":0,"max_hp_gain":0,"max_hp_loss":0,"event_name":"Falling","floor":37,"gold_loss":0},{"damage_healed":0,"gold_gain":100,"player_choice":"Pray","damage_taken":0,"max_hp_gain":0,"max_hp_loss":0,"event_name":"Golden Shrine","floor":38,"gold_loss":0},{"damage_healed":0,"gold_gain":0,"cards_transformed":["Defend_B"],"player_choice":"Transformed","damage_taken":0,"max_hp_gain":0,"max_hp_loss":0,"event_name":"Transmorgrifier","floor":41,"gold_loss":0,"cards_obtained":["Seek"]},{"damage_healed":0,"gold_gain":0,"player_choice":"Paid","damage_taken":0,"relics_obtained":["Red Mask"],"max_hp_gain":0,"max_hp_loss":0,"event_name":"Tomb of Lord Red Mask","floor":48,"gold_loss":46}],"is_beta":false,"boss_relics":[{"not_picked":["Sozu","Cursed Key"],"picked":"Philosopher\u0027s Stone"},{"not_picked":["FrozenCore","Eternal Feather"],"picked":"Empty Cage"}],"items_purged_floors":[4,14,19,36],"is_endless":false,"potions_floor_spawned":[1,10,11,21,22,30,35,45,47],"ascension_level":1}