{"gold_per_floor":[119,131,145,145,158,186,186,211,236,262,50,50,62,76,76,171,171,186,186,186,186,261,290,290,308,356,385,398,398,409,422,422,519,519,536,586,113,0,14,14],"floor_reached":40,"playtime":2322,"items_purged":[],"score":819,"play_id":"d822713e-929c-400e-bf20-8f4c76a21c1f","local_time":"20190928144500","is_ascension_mode":true,"campfire_choices":[{"data":"Iron Wave","floor":7,"key":"SMITH"},{"data":"Infernal Blade","floor":12,"key":"SMITH"},{"data":"Disarm","floor":15,"key":"SMITH"},{"data":"Demon Form","floor":24,"key":"SMITH"},{"data":"Corruption","floor":29,"key":"SMITH"},{"data":"Bash","floor":32,"key":"SMITH"}],"neow_cost":"NONE","seed_source_timestamp":714087073757600,"circlet_count":0,"master_deck":["AscendersBane","Defend_R","Defend_R","Defend_R","Defend_R","Bash+1","Infernal Blade+1","Anger","Cleave","Iron Wave+1","Disarm+1","Reaper","Cleave","Infernal Blade+1","Shrug It Off","Headbutt","Demon Form+1","Ghostly","Ghostly","Ghostly","Ghostly","Ghostly","Bite","Bite","Bite","Bite","Bite","Warcry+1","Corruption+1","Armaments+1","Clothesline","Shrug It Off","Immolate","Pommel Strike+1","Combust","The Bomb","Disarm+1"],"relics":["Burning Blood","Meat on the Bone","Ancient Tea Set","Bag of Marbles","Potion Belt","Anchor","Velvet Choker","Oddly Smooth Stone","Orichalcum","Dodecahedron","Philosopher\u0027s Stone","Thread and Needle","Dream Catcher","Red Mask"],"potions_floor_usage":[8,10,33,33,40,40],"damage_taken":[{"damage":1,"enemies":"Cultist","floor":1,"turns":3},{"damage":0,"enemies":"Small Slimes","floor":2,"turns":3},{"damage":2,"enemies":"Jaw Worm","floor":3,"turns":3},{"damage":4,"enemies":"3 Louse","floor":5,"turns":2},{"damage":40,"enemies":"Lagavulin","floor":6,"turns":6},{"damage":3,"enemies":"3 Sentries","floor":8,"turns":2},{"damage":29,"enemies":"Gremlin Nob","floor":10,"turns":4},{"damage":1,"enemies":"Looter","floor":13,"turns":2},{"damage":0,"enemies":"Large Slime","floor":14,"turns":2},{"damage":26,"enemies":"The Guardian","floor":16,"turns":18},{"damage":14,"enemies":"2 Thieves","floor":18,"turns":4},{"damage":10,"enemies":"Slavers","floor":23,"turns":8},{"damage":3,"enemies":"Chosen","floor":25,"turns":6},{"damage":8,"enemies":"Book of Stabbing","floor":27,"turns":8},{"damage":0,"enemies":"Centurion and Healer","floor":28,"turns":8},{"damage":2,"enemies":"Snake Plant","floor":30,"turns":6},{"damage":5,"enemies":"Snecko","floor":31,"turns":5},{"damage":0,"enemies":"Champ","floor":33,"turns":8},{"damage":0,"enemies":"3 Darklings","floor":35,"turns":4},{"damage":26,"enemies":"2 Orb Walkers","floor":36,"turns":8},{"damage":2,"enemies":"Orb Walker","floor":39,"turns":3},{"damage":63,"enemies":"Giant Head","floor":40,"turns":7}],"seed_played":"-2893108476709295219","potions_obtained":[{"floor":1,"key":"GamblersBrew"},{"floor":3,"key":"Explosive Potion"},{"floor":6,"key":"Ancient Potion"},{"floor":10,"key":"Energy Potion"},{"floor":14,"key":"SpeedPotion"},{"floor":18,"key":"Ancient Potion"},{"floor":25,"key":"Strength Potion"},{"floor":31,"key":"SkillPotion"},{"floor":35,"key":"BloodPotion"},{"floor":36,"key":"SpeedPotion"}],"is_trial":false,"path_per_floor":["M","M","M","?","M","E","R","E","T","E","$","R","M","M","R","B",null,"M","?","?","?","?","E","R","M","T","E","M","R","M","M","R","B",null,"M","?","$","?","M","E"],"character_chosen":"IRONCLAD","items_purchased":["Anchor","Infernal Blade","GamblersBrew","Combust","The Bomb","Dream Catcher"],"campfire_rested":0,"item_purchase_floors":[11,11,37,37,37,37],"current_hp_per_floor":[85,88,88,88,88,54,54,57,57,46,46,46,51,57,57,55,80,72,55,46,32,29,32,32,32,32,32,32,32,32,32,32,32,32,32,26,26,26,32,0],"gold":14,"neow_bonus":"TEN_PERCENT_HP_BONUS","is_prod":false,"is_daily":false,"chose_seed":false,"campfire_upgraded":6,"win_rate":0,"timestamp":1569674700,"path_taken":["M","M","?","?","M","E","R","E","T","E","$","R","M","?","R","BOSS","M","?","?","?","?","E","R","M","T","E","M","R","?","M","R","BOSS","M","?","$","?","M","E"],"build_version":"2019-07-17","purchased_purges":0,"victory":false,"max_hp_per_floor":[88,88,88,88,88,88,88,88,88,88,88,88,88,88,88,88,88,88,93,46,32,32,32,32,32,32,32,32,32,32,32,32,32,32,32,32,32,32,32,32],"card_choices":[{"not_picked":["Rampage","Thunderclap"],"picked":"Infernal Blade","floor":1},{"not_picked":["True Grit","Headbutt"],"picked":"Anger","floor":2},{"not_picked":["Headbutt","Fire Breathing"],"picked":"Cleave","floor":3},{"not_picked":["Havoc","Twin Strike"],"picked":"Iron Wave","floor":5},{"not_picked":["Warcry","Carnage"],"picked":"Disarm","floor":6},{"not_picked":["Cleave","Pummel"],"picked":"Reaper","floor":8},{"not_picked":["Pummel","Body Slam"],"picked":"Cleave","floor":10},{"not_picked":["Cleave","Seeing Red"],"picked":"Shrug It Off","floor":13},{"not_picked":["Anger","Clash"],"picked":"Headbutt","floor":14},{"not_picked":["Double Tap","Berserk"],"picked":"Demon Form","floor":16},{"not_picked":["Wild Strike","Entrench+1","Fire Breathing"],"picked":"SKIP","floor":18},{"not_picked":["Pummel","Evolve"],"picked":"Warcry+1","floor":23},{"not_picked":["Intimidate","Armaments"],"picked":"Corruption","floor":25},{"not_picked":["Pummel","Cleave"],"picked":"Armaments+1","floor":27},{"not_picked":["Armaments","Reaper","Power Through+1"],"picked":"SKIP","floor":28},{"not_picked":["Whirlwind","Wild Strike"],"picked":"Clothesline","floor":30},{"not_picked":["Entrench","Armaments"],"picked":"Shrug It Off","floor":31},{"not_picked":["Double Tap","Dark Embrace"],"picked":"Immolate","floor":33},{"not_picked":["Anger","Warcry","Cleave+1"],"picked":"SKIP","floor":35},{"not_picked":["Seeing Red","Havoc"],"picked":"Pommel Strike+1","floor":36},{"not_picked":["Shockwave","Sever Soul+1"],"picked":"Disarm+1","floor":39}],"player_experience":271234,"relics_obtained":[{"floor":6,"key":"Meat on the Bone"},{"floor":8,"key":"Ancient Tea Set"},{"floor":9,"key":"Bag of Marbles"},{"floor":10,"key":"Potion Belt"},{"floor":23,"key":"Oddly Smooth Stone"},{"floor":26,"key":"Orichalcum"},{"floor":27,"key":"Dodecahedron"},{"floor":36,"key":"Thread and Needle"}],"event_choices":[{"damage_healed":0,"gold_gain":0,"player_choice":"Upgraded","damage_taken":0,"max_hp_gain":0,"max_hp_loss":0,"event_name":"Upgrade Shrine","floor":4,"gold_loss":0,"cards_upgraded":["Infernal Blade"]},{"damage_healed":0,"gold_gain":0,"player_choice":"Shed Blood","damage_taken":22,"max_hp_gain":5,"max_hp_loss":0,"event_name":"Forgotten Altar","floor":19,"gold_loss":0},{"damage_healed":0,"gold_gain":0,"player_choice":"Became a Ghost","damage_taken":0,"max_hp_gain":0,"max_hp_loss":47,"event_name":"Ghosts","floor":20,"gold_loss":0,"cards_obtained":["Ghostly","Ghostly","Ghostly","Ghostly","Ghostly"]},{"damage_healed":0,"gold_gain":0,"player_choice":"Became a vampire","damage_taken":0,"max_hp_gain":0,"max_hp_loss":14,"event_name":"Vampires","floor":21,"gold_loss":0,"cards_obtained":["Bite","Bite","Bite","Bite","Bite"]},{"damage_healed":0,"gold_gain":75,"player_choice":"Touch","damage_taken":3,"max_hp_gain":0,"max_hp_loss":0,"event_name":"FaceTrader","floor":22,"gold_loss":0},{"damage_healed":0,"gold_gain":0,"player_choice":"Fight","damage_taken":0,"max_hp_gain":0,"max_hp_loss":0,"event_name":"Mysterious Sphere","floor":36,"gold_loss":0},{"damage_healed":0,"gold_gain":0,"player_choice":"Paid","damage_taken":0,"relics_obtained":["Red Mask"],"max_hp_gain":0,"max_hp_loss":0,"event_name":"Tomb of Lord Red Mask","floor":38,"gold_loss":113}],"is_beta":false,"boss_relics":[{"not_picked":["Runic Pyramid","Snecko Eye"],"picked":"Velvet Choker"},{"not_picked":["Empty Cage","Runic Dome"],"picked":"Philosopher\u0027s Stone"}],"items_purged_floors":[],"is_endless":false,"potions_floor_spawned":[1,3,6,10,14,18,25,31,35,36],"killed_by":"Giant Head","ascension_level":10}