{"gold_per_floor":[114,114,124,137,154,154,182,199,199,45,77,77,93,93,93,171,171,190,205,205,219,37,37,37],"floor_reached":24,"playtime":696,"items_purged":["Strike_R"],"score":416,"play_id":"bb0f5ff4-a980-4b5b-899f-343e35246b5f","local_time":"20191019125841","is_ascension_mode":true,"campfire_choices":[{"data":"Hemokinesis","floor":6,"key":"SMITH"},{"data":"Demon Form","floor":12,"key":"SMITH"},{"floor":15,"key":"REST"},{"floor":23,"key":"REST"}],"neow_cost":"TEN_PERCENT_HP_LOSS","seed_source_timestamp":404506284633100,"circlet_count":0,"master_deck":["AscendersBane","Strike_R","Strike_R","Strike_R","Strike_R","Defend_R","Defend_R","Defend_R","Defend_R","Bash+1","Hemokinesis+1","Demon Form+1","Feel No Pain","Combust+1","Power Through","Seeing Red","Hemokinesis+1","Berserk+1","Evolve+1","Necronomicurse","Feel No Pain+1","Whirlwind+1","Trip"],"relics":["Burning Blood","Lizard Tail","Frozen Egg 2","Molten Egg 2","Champion Belt","Mark of Pain","Necronomicon"],"potions_floor_usage":[7,11,16,19,21,24],"damage_taken":[{"damage":1,"enemies":"Cultist","floor":1,"turns":3},{"damage":12,"enemies":"Small Slimes","floor":3,"turns":4},{"damage":3,"enemies":"2 Louse","floor":4,"turns":2},{"damage":15,"enemies":"Looter","floor":5,"turns":3},{"damage":24,"enemies":"3 Sentries","floor":7,"turns":12},{"damage":21,"enemies":"Blue Slaver","floor":8,"turns":4},{"damage":36,"enemies":"Gremlin Nob","floor":11,"turns":4},{"damage":9,"enemies":"3 Louse","floor":13,"turns":4},{"damage":39,"enemies":"Hexaghost","floor":16,"turns":9},{"damage":14,"enemies":"3 Byrds","floor":18,"turns":3},{"damage":26,"enemies":"Shell Parasite","floor":19,"turns":4},{"damage":2,"enemies":"Centurion and Healer","floor":21,"turns":7},{"damage":69,"enemies":"Shelled Parasite and Fungi","floor":24,"turns":3}],"seed_played":"-1805593379817992166","potions_obtained":[{"floor":3,"key":"FairyPotion"},{"floor":4,"key":"LiquidMemories"},{"floor":11,"key":"Weak Potion"},{"floor":13,"key":"Weak Potion"},{"floor":16,"key":"LiquidMemories"},{"floor":21,"key":"Weak Potion"}],"is_trial":false,"path_per_floor":["M","?","M","M","M","R","E","M","T","$","E","R","M","?","R","B",null,"M","M","?","M","$","R","M"],"character_chosen":"IRONCLAD","items_purchased":["Regen Potion","Whirlwind+1","Trip"],"campfire_rested":2,"item_purchase_floors":[10,22,22],"current_hp_per_floor":[68,68,62,65,56,56,38,23,23,23,27,27,24,24,44,11,54,46,26,5,9,9,29,0],"gold":37,"neow_bonus":"ONE_RARE_RELIC","is_prod":false,"is_daily":false,"chose_seed":false,"campfire_upgraded":2,"win_rate":0,"timestamp":1571515121,"path_taken":["M","?","?","M","M","R","E","M","T","$","E","R","M","?","R","BOSS","M","M","?","M","$","R","M"],"build_version":"2019-10-18","purchased_purges":1,"victory":false,"max_hp_per_floor":[68,68,68,68,68,68,68,68,68,68,68,68,68,68,68,68,68,68,68,68,68,68,68,68],"card_choices":[{"not_picked":["Flex","Clash","Twin Strike"],"picked":"SKIP","floor":1},{"not_picked":["Body Slam","Flex"],"picked":"Hemokinesis","floor":3},{"not_picked":["Flame Barrier","Anger"],"picked":"Demon Form","floor":4},{"not_picked":["Ghostly Armor","Havoc"],"picked":"Feel No Pain","floor":5},{"not_picked":["True Grit","Second Wind"],"picked":"Combust","floor":7},{"not_picked":["Body Slam","Searing Blow"],"picked":"Power Through","floor":8},{"not_picked":["Sword Boomerang+1","Reckless Charge+1"],"picked":"Seeing Red","floor":11},{"not_picked":["Shrug It Off","Combust+1"],"picked":"Hemokinesis+1","floor":13},{"not_picked":["Demon Form+1","Barricade+1"],"picked":"Berserk+1","floor":16},{"not_picked":["Headbutt+1","Twin Strike+1","Body Slam+1"],"picked":"SKIP","floor":18},{"not_picked":["True Grit","Clothesline+1"],"picked":"Evolve+1","floor":19},{"not_picked":["Ghostly Armor","Pommel Strike+1"],"picked":"Feel No Pain+1","floor":21}],"player_experience":1658333,"relics_obtained":[{"floor":7,"key":"Frozen Egg 2"},{"floor":9,"key":"Molten Egg 2"},{"floor":11,"key":"Champion Belt"},{"floor":20,"key":"Necronomicon"}],"event_choices":[{"damage_healed":0,"gold_gain":0,"player_choice":"0 cards matched","damage_taken":0,"max_hp_gain":0,"max_hp_loss":0,"event_name":"Match and Keep!","floor":2,"gold_loss":0,"cards_obtained":[]},{"damage_healed":0,"gold_gain":0,"player_choice":"Upgraded","damage_taken":0,"max_hp_gain":0,"max_hp_loss":0,"event_name":"Upgrade Shrine","floor":14,"gold_loss":0,"cards_upgraded":["Bash"]},{"damage_healed":0,"gold_gain":0,"player_choice":"Obtained Book","damage_taken":21,"max_hp_gain":0,"max_hp_loss":0,"event_name":"Cursed Tome","floor":20,"gold_loss":0}],"is_beta":true,"boss_relics":[{"not_picked":["Tiny House","Ectoplasm"],"picked":"Mark of Pain"}],"items_purged_floors":[10],"is_endless":false,"potions_floor_spawned":[3,4,11,13,16,18,21],"killed_by":"Shelled Parasite and Fungi","ascension_level":20}