{"gold_per_floor":[110,128,176,48,64,75,75,22,22,35,35,51,51,84,84,163,163,173,98,0,0,13,13],"floor_reached":23,"playtime":977,"items_purged":["Strike_G"],"score":363,"play_id":"ecf78571-f6b3-43c0-9a38-adae7071e6b6","local_time":"20190804223504","is_ascension_mode":true,"campfire_choices":[{"data":"Neutralize","floor":7,"key":"SMITH"},{"floor":11,"key":"REST"},{"data":"Noxious Fumes","floor":13,"key":"SMITH"},{"floor":15,"key":"REST"}],"neow_cost":"NONE","seed_source_timestamp":1831163501430754,"circlet_count":0,"master_deck":["AscendersBane","Strike_G","Defend_G","Defend_G","Defend_G","Defend_G","Defend_G","Survivor","Neutralize+1","Dodge and Roll","Deadly Poison","Deadly Poison","Noxious Fumes+1","PiercingWail","Deflect","Backflip","RitualDagger"],"relics":["Empty Cage","Juzu Bracelet","Mummified Hand","Darkstone Periapt","Busted Crown"],"potions_floor_usage":[10,14,16,18,23],"damage_taken":[{"damage":13,"enemies":"Cultist","floor":1,"turns":7},{"damage":3,"enemies":"2 Louse","floor":2,"turns":4},{"damage":2,"enemies":"Jaw Worm","floor":5,"turns":5},{"damage":7,"enemies":"Exordium Wildlife","floor":6,"turns":7},{"damage":11,"enemies":"Large Slime","floor":10,"turns":7},{"damage":2,"enemies":"Blue Slaver","floor":12,"turns":4},{"damage":10,"enemies":"Lagavulin","floor":14,"turns":7},{"damage":13,"enemies":"The Guardian","floor":16,"turns":10},{"damage":18,"enemies":"3 Byrds","floor":18,"turns":7},{"damage":25,"enemies":"Chosen","floor":22,"turns":7},{"damage":13,"enemies":"Book of Stabbing","floor":23,"turns":4}],"seed_played":"1001242005228286656","potions_obtained":[{"floor":6,"key":"GhostInAJar"},{"floor":14,"key":"PowerPotion"},{"floor":16,"key":"SkillPotion"},{"floor":22,"key":"PowerPotion"}],"is_trial":false,"path_per_floor":["M","M","T","$","M","M","R","$","T","M","R","M","R","E","R","B",null,"M","?","?","?","M","E"],"character_chosen":"THE_SILENT","items_purchased":["Dexterity Potion","PiercingWail"],"campfire_rested":2,"item_purchase_floors":[4,8],"current_hp_per_floor":[46,43,43,43,41,34,34,34,34,23,42,40,40,30,49,36,59,41,41,41,35,10,0],"gold":13,"neow_bonus":"BOSS_RELIC","is_prod":false,"is_daily":false,"chose_seed":false,"campfire_upgraded":2,"win_rate":0,"timestamp":1564983304,"path_taken":["M","M","?","$","M","M","R","?","T","M","R","M","R","E","R","BOSS","M","?","?","?","M","E"],"build_version":"2019-07-17","purchased_purges":1,"victory":false,"max_hp_per_floor":[66,66,66,66,66,66,66,66,66,66,66,66,66,66,66,66,66,66,66,66,66,66,66],"card_choices":[{"not_picked":["Dagger Spray","Heel Hook"],"picked":"Dodge and Roll","floor":1},{"not_picked":["Cloak And Dagger","Flying Knee"],"picked":"Deadly Poison","floor":2},{"not_picked":["Calculated Gamble","Acrobatics"],"picked":"Deadly Poison","floor":5},{"not_picked":["Tactician","Predator"],"picked":"Noxious Fumes","floor":6},{"not_picked":["Choke","Flying Knee","Cloak And Dagger"],"picked":"SKIP","floor":10},{"not_picked":["Sucker Punch","Riddle With Holes"],"picked":"Deflect","floor":12},{"not_picked":["Cloak And Dagger","Underhanded Strike"],"picked":"Backflip","floor":14},{"not_picked":["Infinite Blades"],"picked":"SKIP","floor":18},{"not_picked":["Poisoned Stab"],"picked":"SKIP","floor":22}],"player_experience":177774,"relics_obtained":[{"floor":3,"key":"Juzu Bracelet"},{"floor":9,"key":"Mummified Hand"},{"floor":14,"key":"Darkstone Periapt"}],"event_choices":[{"cards_removed":["Strike_G"],"damage_healed":0,"gold_gain":0,"player_choice":"Gave Gold","damage_taken":0,"max_hp_gain":0,"max_hp_loss":0,"event_name":"Beggar","floor":19,"gold_loss":75},{"damage_healed":0,"gold_gain":0,"player_choice":"Paid Fearfully","damage_taken":0,"max_hp_gain":0,"max_hp_loss":0,"event_name":"Masked Bandits","floor":20,"gold_loss":98},{"damage_healed":0,"gold_gain":0,"player_choice":"Joined the Cult","damage_taken":6,"max_hp_gain":0,"max_hp_loss":0,"event_name":"Nest","floor":21,"gold_loss":0,"cards_obtained":["RitualDagger"]}],"is_beta":false,"boss_relics":[{"not_picked":["Sozu","Calling Bell"],"picked":"Busted Crown"}],"items_purged_floors":[4],"is_endless":false,"potions_floor_spawned":[6,14,16,22],"killed_by":"Book of Stabbing","ascension_level":18}