{"gold_per_floor":[111,111,131,8,22,47,222,235,235,112,112,137,137,172,172,275,275,291,309,325,45,60,89,89,89,89,89,99,99,118,68,68,170,170,186,199,219,116,126,126,161,161,214,23,48,48,59,79,79,79],"floor_reached":51,"playtime":4628,"items_purged":["Strike_G","Regret","Doubt","Slice"],"score":903,"play_id":"9e2bddd3-8719-4d7d-a09a-d6d8e534cacc","local_time":"20190630131417","is_ascension_mode":true,"campfire_choices":[{"floor":13.0,"key":"REST"},{"floor":15.0,"key":"REST"},{"floor":24.0,"key":"REST"},{"floor":27.0,"key":"REST"},{"data":"Apotheosis","floor":32.0,"key":"SMITH"},{"floor":40.0,"key":"REST"},{"data":"After Image","floor":42.0,"key":"SMITH"},{"floor":46.0,"key":"REST"},{"floor":49,"key":"REST"}],"neow_cost":"NONE","seed_source_timestamp":0,"circlet_count":0,"master_deck":["Survivor","Neutralize+1","Cloak And Dagger","Infinite Blades","Caltrops","Dagger Spray+1","Footwork","Tools of the Trade","Expertise","Die Die Die","Caltrops","Infinite Blades","Terror","Bouncing Flask","Adrenaline","Poisoned Stab","Cloak And Dagger","Dodge and Roll+1","Apotheosis+1","Malaise","Escape Plan","Cloak And Dagger+1","After Image+1","Infinite Blades+1","Noxious Fumes","Acrobatics","Reflex","Reflex","Acrobatics","Parasite","Accuracy+1","Dodge and Roll+1","Calculated Gamble","Backflip+1"],"special_seed":0,"relics":["Ring of the Snake","Mercury Hourglass","Mummified Hand","Ornamental Fan","Pen Nib","Oddly Smooth Stone","Pandora\u0027s Box","Smiling Mask","Bag of Marbles","HoveringKite","Prayer Wheel","Blood Vial","DollysMirror","Whetstone"],"potions_floor_usage":[50,50],"damage_taken":[{"damage":5.0,"enemies":"Small Slimes","floor":1.0,"turns":6.0},{"damage":2.0,"enemies":"Jaw Worm","floor":3.0,"turns":4.0},{"damage":0.0,"enemies":"Cultist","floor":5.0,"turns":4.0},{"damage":22.0,"enemies":"Lagavulin","floor":6.0,"turns":7.0},{"damage":5.0,"enemies":"Red Slaver","floor":8.0,"turns":3.0},{"damage":6.0,"enemies":"3 Sentries","floor":12.0,"turns":6.0},{"damage":21.0,"enemies":"Lagavulin","floor":14.0,"turns":6.0},{"damage":14.0,"enemies":"The Guardian","floor":16.0,"turns":13.0},{"damage":13.0,"enemies":"Shell Parasite","floor":18.0,"turns":3.0},{"damage":1.0,"enemies":"Chosen","floor":19.0,"turns":3.0},{"damage":4.0,"enemies":"Centurion and Healer","floor":20.0,"turns":5.0},{"damage":0.0,"enemies":"Cultist and Chosen","floor":22.0,"turns":3.0},{"damage":28.0,"enemies":"Slavers","floor":23.0,"turns":4.0},{"damage":10.0,"enemies":"Colosseum Slavers","floor":25.0,"turns":2.0},{"damage":0.0,"enemies":"Snecko","floor":28.0,"turns":4.0},{"damage":0.0,"enemies":"Centurion and Healer","floor":30.0,"turns":5.0},{"damage":3.0,"enemies":"Collector","floor":33.0,"turns":7.0},{"damage":3.0,"enemies":"3 Darklings","floor":35.0,"turns":4.0},{"damage":18.0,"enemies":"Orb Walker","floor":36.0,"turns":3.0},{"damage":0.0,"enemies":"3 Darklings","floor":37.0,"turns":5.0},{"damage":15.0,"enemies":"Spire Growth","floor":39.0,"turns":5.0},{"damage":9.0,"enemies":"Nemesis","floor":41.0,"turns":5.0},{"damage":0.0,"enemies":"Giant Head","floor":45.0,"turns":7.0},{"damage":3.0,"enemies":"Writhing Mass","floor":47.0,"turns":5.0},{"damage":24,"enemies":"4 Shapes","floor":48,"turns":2},{"damage":29,"enemies":"Awakened One","floor":50,"turns":12}],"seed_played":"8702318819978735418","potions_obtained":[{"floor":5.0,"key":"Explosive Potion"},{"floor":14.0,"key":"Swift Potion"},{"floor":16.0,"key":"Weak Potion"},{"floor":23.0,"key":"SneckoOil"},{"floor":29.0,"key":"FairyPotion"},{"floor":29.0,"key":"Regen Potion"},{"floor":30.0,"key":"EssenceOfSteel"},{"floor":36.0,"key":"Swift Potion"},{"floor":37.0,"key":"SpeedPotion"},{"floor":47,"key":"Poison Potion"}],"is_trial":false,"path_per_floor":["M","?","M","$","M","E","?","M","T","$","?","E","R","E","R","B",null,"M","M","M","$","M","E","R","?","T","R","M","?","M","$","R","B",null,"M","M","M","$","M","R","E","R","T","$","E","R","M","M","R","B",null],"character_chosen":"THE_SILENT","items_purchased":["Caltrops","SteroidPotion","FearPotion","Apotheosis","Acrobatics","DollysMirror"],"campfire_rested":7,"item_purchase_floors":[4,4,10,21,38,44],"current_hp_per_floor":[72,57,55,55,55,33,33,28,28,28,28,22,45,24,47,33,66,53,52,48,48,48,20,43,33,33,56,56,56,56,56,56,68,75,72,54,54,54,39,62,53,53,53,53,55,77,74,52,75,48],"gold":79,"neow_bonus":"TEN_PERCENT_HP_BONUS","is_prod":false,"is_daily":false,"chose_seed":false,"campfire_upgraded":2,"win_rate":0,"timestamp":1561925657,"path_taken":["M","?","M","$","M","E","?","M","T","$","?","E","R","E","R","BOSS","M","M","M","$","M","E","R","?","T","R","M","?","?","?","R","BOSS","M","M","M","$","M","R","E","R","T","$","E","R","?","M","R","BOSS"],"build_version":"2019-01-23","purchased_purges":4,"victory":true,"max_hp_per_floor":[77,77,77,77,77,77,77,77,77,77,77,77,77,77,77,77,77,77,77,77,77,77,77,77,77,77,77,77,77,77,77,77,77,77,77,77,77,77,77,77,77,77,77,77,77,77,77,77,77,77],"card_choices":[{"not_picked":["Prepared","Dagger Spray"],"picked":"Cloak And Dagger","floor":1.0},{"not_picked":["Slice","Crippling Poison"],"picked":"Infinite Blades","floor":3.0},{"not_picked":["Deadly Poison","Concentrate","Sucker Punch"],"picked":"SKIP","floor":5.0},{"not_picked":["Flying Knee","Endless Agony"],"picked":"Dagger Spray","floor":6.0},{"not_picked":["Dodge and Roll","Backflip"],"picked":"Footwork","floor":8.0},{"not_picked":["Endless Agony","Outmaneuver","Slice"],"picked":"SKIP","floor":12.0},{"not_picked":["Riddle With Holes","Venomology","Bane"],"picked":"SKIP","floor":14.0},{"not_picked":["Phantasmal Killer","Burst"],"picked":"Tools of the Trade","floor":16.0},{"not_picked":["Slice","Distraction+1"],"picked":"Cloak And Dagger","floor":18.0},{"not_picked":["Flying Knee","Poisoned Stab","Dagger Throw+1"],"picked":"SKIP","floor":19.0},{"not_picked":["Expertise","Escape Plan"],"picked":"Dodge and Roll+1","floor":20.0},{"not_picked":["Deadly Poison+1","Tactician+1","Dagger Spray"],"picked":"SKIP","floor":22.0},{"not_picked":["Backstab","Blade Dance"],"picked":"Malaise","floor":23.0},{"not_picked":["Eviscerate","Sucker Punch+1"],"picked":"Escape Plan","floor":28.0},{"not_picked":["Caltrops+1","Calculated Gamble+1"],"picked":"Cloak And Dagger+1","floor":30.0},{"not_picked":["Malaise","Adrenaline"],"picked":"After Image","floor":33.0},{"not_picked":["Dagger Throw+1","Deadly Poison"],"picked":"Infinite Blades+1","floor":35.0},{"not_picked":["Dagger Spray+1","Flechettes+1","Deflect"],"picked":"SKIP","floor":36.0},{"not_picked":["Deflect+1","Underhanded Strike"],"picked":"Noxious Fumes","floor":37.0},{"not_picked":["Escape Plan","Sucker Punch"],"picked":"Reflex","floor":39.0},{"not_picked":["Terror","Night Terror","Catalyst"],"picked":"SKIP","floor":41.0},{"not_picked":["Noxious Fumes+1","Blade Dance"],"picked":"Acrobatics","floor":45.0},{"not_picked":["Outmaneuver+1","Quick Slash"],"picked":"Accuracy+1","floor":47},{"not_picked":["PiercingWail","Distraction+1"],"picked":"Dodge and Roll+1","floor":47},{"not_picked":["Riddle With Holes+1","Dagger Spray+1"],"picked":"Calculated Gamble","floor":48},{"not_picked":["Tactician","Underhanded Strike+1"],"picked":"Backflip+1","floor":48}],"player_experience":90875,"relics_obtained":[{"floor":6.0,"key":"Mercury Hourglass"},{"floor":9.0,"key":"Mummified Hand"},{"floor":12.0,"key":"Pen Nib"},{"floor":14.0,"key":"Oddly Smooth Stone"},{"floor":23.0,"key":"Smiling Mask"},{"floor":26.0,"key":"Bag of Marbles"},{"floor":41.0,"key":"Prayer Wheel"},{"floor":43.0,"key":"Blood Vial"},{"floor":45.0,"key":"Whetstone"}],"event_choices":[{"damage_healed":0.0,"max_hp_gain":0.0,"max_hp_loss":0.0,"gold_gain":0.0,"event_name":"Shining Light","player_choice":"Entered Light","floor":2.0,"gold_loss":0.0,"damage_taken":15.0,"cards_upgraded":["Strike_G","Strike_G"]},{"damage_healed":0.0,"max_hp_gain":0.0,"max_hp_loss":0.0,"gold_gain":175.0,"event_name":"Liars Game","player_choice":"AGREE","floor":7.0,"gold_loss":0.0,"damage_taken":0.0,"cards_obtained":["Doubt"]},{"damage_healed":0.0,"max_hp_gain":0.0,"max_hp_loss":0.0,"gold_gain":0.0,"event_name":"Big Fish","player_choice":"Box","floor":11.0,"gold_loss":0.0,"damage_taken":0.0,"relics_obtained":["Ornamental Fan"],"cards_obtained":["Regret"]},{"damage_healed":0.0,"max_hp_gain":0.0,"max_hp_loss":0.0,"gold_gain":0.0,"event_name":"Colosseum","player_choice":"Fight","floor":25.0,"gold_loss":0.0,"damage_taken":0.0},{"damage_healed":0.0,"max_hp_gain":0.0,"max_hp_loss":0.0,"gold_gain":0.0,"event_name":"Colosseum","player_choice":"Fled From Nobs","floor":25.0,"gold_loss":0.0,"damage_taken":0.0},{"damage_healed":0.0,"max_hp_gain":0.0,"max_hp_loss":0.0,"gold_gain":0.0,"event_name":"Lab","player_choice":"Got Potions","floor":29.0,"gold_loss":0.0,"damage_taken":0.0}],"is_beta":false,"boss_relics":[{"not_picked":["Snecko Eye","Calling Bell"],"picked":"Pandora\u0027s Box"},{"not_picked":["Runic Pyramid","Runic Dome"],"picked":"HoveringKite"}],"items_purged_floors":[10,21,31,38],"is_endless":false,"potions_floor_spawned":[5,14,16,23,25,30,36,37,47],"ascension_level":5}