{"gold_per_floor":[117,38,49,60,60,89,89,102,102,102,121,196,215,235,235,235],"floor_reached":16,"playtime":659,"items_purged":[],"score":166,"play_id":"af78f3ab-98cf-498c-b24f-1d1a1a0798e1","local_time":"20191012235110","is_ascension_mode":true,"campfire_choices":[{"data":"Uppercut","floor":7,"key":"SMITH"},{"floor":10,"key":"REST"},{"data":"Carnage","floor":15,"key":"SMITH"}],"neow_cost":"NONE","seed_source_timestamp":170437859575700,"circlet_count":0,"master_deck":["AscendersBane","Strike_R","Strike_R","Strike_R","Strike_R","Defend_R","Defend_R","Defend_R","Defend_R","Bash","Disarm","Carnage+1","Battle Trance","Uppercut+1","Power Through","Ghostly Armor"],"relics":["Burning Blood","Bag of Preparation","Anchor"],"potions_floor_usage":[6,16,16],"damage_taken":[{"damage":11,"enemies":"Cultist","floor":1,"turns":4},{"damage":9,"enemies":"Small Slimes","floor":3,"turns":6},{"damage":0,"enemies":"2 Louse","floor":4,"turns":2},{"damage":29,"enemies":"Gremlin Nob","floor":6,"turns":4},{"damage":11,"enemies":"2 Fungi Beasts","floor":8,"turns":3},{"damage":6,"enemies":"Exordium Wildlife","floor":11,"turns":4},{"damage":3,"enemies":"Large Slime","floor":13,"turns":5},{"damage":3,"enemies":"Looter","floor":14,"turns":3},{"damage":61,"enemies":"Slime Boss","floor":16,"turns":9}],"seed_played":"-5442751989109535118","potions_obtained":[{"floor":1,"key":"Strength Potion"},{"floor":3,"key":"Swift Potion"},{"floor":11,"key":"Fire Potion"},{"floor":14,"key":"Dexterity Potion"}],"is_trial":false,"path_per_floor":["M","$","M","M","?","E","R","M","T","R","M","?","M","M","R","B"],"character_chosen":"IRONCLAD","items_purchased":["Carnage"],"campfire_rested":1,"item_purchase_floors":[2],"current_hp_per_floor":[75,75,72,78,71,48,48,43,43,69,69,61,64,67,67,6],"gold":235,"neow_bonus":"TEN_PERCENT_HP_BONUS","is_prod":false,"is_daily":false,"chose_seed":false,"campfire_upgraded":2,"win_rate":0,"timestamp":1570917070,"path_taken":["M","?","M","M","?","E","R","M","T","R","M","?","M","M","R","BOSS"],"build_version":"2019-07-17","purchased_purges":0,"victory":false,"max_hp_per_floor":[88,88,88,88,88,88,88,88,88,88,88,88,88,88,88,88],"card_choices":[{"not_picked":["Corruption","Armaments"],"picked":"Disarm","floor":1},{"not_picked":["Dual Wield","Wild Strike","Heavy Blade"],"picked":"SKIP","floor":3},{"not_picked":["Combust","Headbutt"],"picked":"Battle Trance","floor":4},{"not_picked":["Entrench","Iron Wave"],"picked":"Uppercut","floor":6},{"not_picked":["Sword Boomerang","Headbutt"],"picked":"Power Through","floor":8},{"not_picked":["Body Slam","Dark Embrace","Heavy Blade"],"picked":"SKIP","floor":11},{"not_picked":["Clothesline","Dropkick","Heavy Blade"],"picked":"SKIP","floor":13},{"not_picked":["Intimidate","Headbutt"],"picked":"Ghostly Armor","floor":14}],"player_experience":342178,"relics_obtained":[{"floor":6,"key":"Bag of Preparation"},{"floor":9,"key":"Anchor"}],"event_choices":[{"cards_removed":["Strike_R"],"damage_healed":0,"gold_gain":0,"player_choice":"Card Removal","damage_taken":7,"max_hp_gain":0,"max_hp_loss":0,"event_name":"Golden Wing","floor":5,"gold_loss":0},{"damage_healed":0,"gold_gain":75,"player_choice":"Touch","damage_taken":8,"max_hp_gain":0,"max_hp_loss":0,"event_name":"FaceTrader","floor":12,"gold_loss":0}],"is_beta":false,"boss_relics":[],"items_purged_floors":[],"is_endless":false,"potions_floor_spawned":[1,3,11,14],"killed_by":"Slime Boss","ascension_level":12}