{"gold_per_floor":[10,110,126,49,49,49,75,75,75,107,37,37,37,37,37,37],"floor_reached":16,"playtime":626,"items_purged":[],"score":120,"play_id":"08132426-ed5a-486e-92d8-b206bd0880e2","local_time":"20190919004944","is_ascension_mode":true,"campfire_choices":[{"data":"Blade Dance","floor":6,"key":"SMITH"},{"data":"Blade Dance","floor":8,"key":"SMITH"},{"data":"Envenom","floor":12,"key":"SMITH"},{"data":"Neutralize","floor":15,"key":"SMITH"}],"neow_cost":"NO_GOLD","seed_source_timestamp":565599142334200,"circlet_count":0,"master_deck":["Strike_G","Strike_G","Strike_G","Strike_G","Defend_G","Defend_G","Defend_G","Defend_G","Survivor","Neutralize+1","Blade Dance+1","Blade Dance+1","Blade Dance+1","Deflect","Envenom+1","Cloak And Dagger","Infinite Blades"],"relics":["Ring of the Snake","Ninja Scroll","Darkstone Periapt","Du-Vu Doll","Pear","Golden Idol"],"potions_floor_usage":[16],"damage_taken":[{"damage":0,"enemies":"Cultist","floor":1,"turns":4},{"damage":0,"enemies":"Small Slimes","floor":3,"turns":2},{"damage":22,"enemies":"Lagavulin","floor":7,"turns":7},{"damage":17,"enemies":"3 Sentries","floor":10,"turns":7},{"damage":25,"enemies":"Slime Boss","floor":16,"turns":4}],"seed_played":"7031801358223789656","potions_obtained":[{"floor":10,"key":"Fire Potion"}],"is_trial":false,"path_per_floor":["M","?","M","$","?","R","E","R","T","E","$","R","T","?","R","B"],"character_chosen":"THE_SILENT","items_purchased":["Envenom","Infinite Blades"],"campfire_rested":0,"item_purchase_floors":[4,11],"current_hp_per_floor":[70,70,70,70,70,70,48,48,48,31,31,31,41,21,21,0],"gold":37,"neow_bonus":"TRANSFORM_TWO_CARDS","is_prod":false,"is_daily":false,"chose_seed":false,"campfire_upgraded":4,"win_rate":0,"timestamp":1568846984,"path_taken":["M","?","?","$","?","R","E","R","T","E","$","R","?","?","R","BOSS"],"build_version":"2019-07-17","purchased_purges":0,"victory":false,"max_hp_per_floor":[70,70,70,70,70,70,70,70,70,70,70,70,80,80,80,80],"card_choices":[{"not_picked":["PiercingWail","Infinite Blades"],"picked":"Blade Dance","floor":1},{"not_picked":["Dagger Spray","Dagger Throw"],"picked":"Deflect","floor":3},{"not_picked":["Setup","Dagger Throw","Acrobatics"],"picked":"SKIP","floor":7},{"not_picked":["Underhanded Strike","Dash"],"picked":"Cloak And Dagger","floor":10}],"player_experience":185444,"relics_obtained":[{"floor":7,"key":"Ninja Scroll"},{"floor":9,"key":"Darkstone Periapt"},{"floor":10,"key":"Du-Vu Doll"},{"floor":13,"key":"Pear"}],"event_choices":[{"damage_healed":0,"gold_gain":100,"player_choice":"Pray","damage_taken":0,"max_hp_gain":0,"max_hp_loss":0,"event_name":"Golden Shrine","floor":2,"gold_loss":0},{"damage_healed":0,"gold_gain":0,"player_choice":"Grow","damage_taken":0,"max_hp_gain":0,"max_hp_loss":0,"event_name":"Living Wall","floor":5,"gold_loss":0,"cards_upgraded":["Blade Dance"]},{"damage_healed":0,"gold_gain":0,"player_choice":"Take Damage","damage_taken":20,"relics_obtained":["Golden Idol"],"max_hp_gain":0,"max_hp_loss":0,"event_name":"Golden Idol","floor":14,"gold_loss":0}],"is_beta":false,"boss_relics":[],"items_purged_floors":[],"is_endless":false,"potions_floor_spawned":[10],"killed_by":"Slime Boss","ascension_level":3}