{"gold_per_floor":[369,381,381,397,347,358,358,94,121,148,168,181,213,229,229,327,327,341,354,354],"floor_reached":20,"playtime":1541,"items_purged":[],"score":245,"play_id":"e6535d57-8ce1-4bbe-81ae-56ee45132b3e","local_time":"20190902210609","is_ascension_mode":true,"campfire_choices":[{"data":"Pommel Strike","floor":7.0,"key":"SMITH"},{"data":"Flame Barrier","floor":15.0,"key":"SMITH"}],"neow_cost":"CURSE","seed_source_timestamp":257562725127345,"circlet_count":0,"master_deck":["Strike_R","Strike_R","Strike_R","Strike_R","Defend_R","Defend_R","Defend_R","Defend_R","Bash","Pommel Strike+1","Offering","Shrug It Off","Flame Barrier+1","Offering","Shrug It Off"],"special_seed":0,"relics":["Burning Blood","Art of War","Vajra","Paper Frog","Black Star"],"potions_floor_usage":[],"damage_taken":[{"damage":5.0,"enemies":"2 Louse","floor":1.0,"turns":3.0},{"damage":13.0,"enemies":"Jaw Worm","floor":2.0,"turns":4.0},{"damage":0.0,"enemies":"Small Slimes","floor":4.0,"turns":3.0},{"damage":12.0,"enemies":"Exordium Wildlife","floor":6.0,"turns":6.0},{"damage":14.0,"enemies":"3 Sentries","floor":10.0,"turns":6.0},{"damage":6.0,"enemies":"2 Fungi Beasts","floor":11.0,"turns":4.0},{"damage":0.0,"enemies":"3 Louse","floor":12.0,"turns":4.0},{"damage":6.0,"enemies":"Gremlin Nob","floor":13.0,"turns":3.0},{"damage":9.0,"enemies":"Lots of Slimes","floor":14.0,"turns":6.0},{"damage":68.0,"enemies":"Slime Boss","floor":16.0,"turns":16.0},{"damage":37,"enemies":"Spheric Guardian","floor":18,"turns":4},{"damage":21,"enemies":"2 Thieves","floor":19,"turns":5},{"damage":39,"enemies":"Snake Plant","floor":20,"turns":3}],"seed_played":"-325478912446192691","potions_obtained":[{"floor":1.0,"key":"SkillPotion"},{"floor":2.0,"key":"Energy Potion"},{"floor":6.0,"key":"Block Potion"},{"floor":10.0,"key":"Weak Potion"},{"floor":13.0,"key":"Regen Potion"}],"is_trial":false,"path_per_floor":["M","M","?","M","?","M","R","$","T","E","M","M","E","M","R","B",null,"M","M","M"],"character_chosen":"IRONCLAD","items_purchased":["Offering","PowerPotion","Weak Potion"],"campfire_rested":0,"item_purchase_floors":[8,8,8],"current_hp_per_floor":[80,73,73,79,79,73,73,73,73,65,65,71,71,68,68,21,80,49,34,0],"gold":354,"neow_bonus":"TWO_FIFTY_GOLD","is_prod":false,"is_daily":false,"chose_seed":false,"campfire_upgraded":2,"win_rate":0,"timestamp":1567483569,"path_taken":["M","M","?","M","?","M","R","$","T","E","M","M","E","M","R","BOSS","M","M","M"],"build_version":"2019-07-17","purchased_purges":0,"victory":false,"max_hp_per_floor":[80,80,80,80,80,80,80,80,80,80,80,80,80,80,80,80,80,80,80,80],"card_choices":[{"not_picked":["Hemokinesis","Sentinel","Entrench"],"picked":"SKIP","floor":1.0},{"not_picked":["Searing Blow","Infernal Blade"],"picked":"Pommel Strike","floor":2.0},{"not_picked":["Clothesline","Dropkick","Spot Weakness"],"picked":"SKIP","floor":4.0},{"not_picked":["Intimidate","Seeing Red","Sever Soul"],"picked":"SKIP","floor":6.0},{"not_picked":["Metallicize","Twin Strike"],"picked":"Shrug It Off","floor":10.0},{"not_picked":["Wild Strike","Iron Wave","Disarm"],"picked":"SKIP","floor":11.0},{"not_picked":["Pommel Strike","Sword Boomerang"],"picked":"Flame Barrier","floor":12.0},{"not_picked":["Iron Wave","Body Slam","Seeing Red"],"picked":"SKIP","floor":13.0},{"not_picked":["Body Slam","Clothesline","Perfected Strike"],"picked":"SKIP","floor":14.0},{"not_picked":["Brutality","Berserk"],"picked":"Offering","floor":16.0},{"not_picked":["Shockwave","Battle Trance"],"picked":"Shrug It Off","floor":18},{"not_picked":["Sword Boomerang","Fire Breathing+1","Anger"],"picked":"SKIP","floor":19}],"player_experience":246202,"relics_obtained":[{"floor":9.0,"key":"Art of War"},{"floor":10.0,"key":"Vajra"},{"floor":13.0,"key":"Paper Frog"}],"event_choices":[{"cards_removed":["Writhe"],"damage_healed":0.0,"max_hp_gain":0.0,"max_hp_loss":0.0,"gold_gain":0.0,"event_name":"Living Wall","player_choice":"Forget","floor":3.0,"gold_loss":0.0,"damage_taken":0.0},{"cards_removed":["Strike_R"],"damage_healed":0.0,"max_hp_gain":0.0,"max_hp_loss":0.0,"gold_gain":0.0,"event_name":"The Cleric","player_choice":"Card Removal","floor":5.0,"gold_loss":50.0,"damage_taken":0.0}],"is_beta":false,"boss_relics":[{"not_picked":["Calling Bell","Lizard Tail"],"picked":"Black Star"}],"items_purged_floors":[],"is_endless":false,"potions_floor_spawned":[1,2,6,10,13],"killed_by":"Snake Plant","ascension_level":3}