{"gold_per_floor":[119,136,211,211,386,386,17,17,17,17,42,42,55,75,75,198,198,213,234,234,234],"floor_reached":21,"playtime":782,"items_purged":["Doubt"],"score":194,"play_id":"110f34a9-bf76-42e2-9410-0b2f67d3c167","local_time":"20191015153536","is_ascension_mode":true,"campfire_choices":[{"data":"Neutralize","floor":6,"key":"SMITH"},{"data":"Deflect","floor":8,"key":"SMITH"},{"data":"Dodge and Roll","floor":10,"key":"SMITH"},{"floor":15,"key":"REST"}],"neow_cost":"NONE","seed_source_timestamp":2563346168878109,"circlet_count":0,"master_deck":["Strike_G+1","Strike_G+1","Strike_G+1","Strike_G+1","Strike_G+1","Defend_G+1","Defend_G+1","Defend_G+1","Defend_G+1","Defend_G+1","Survivor","Neutralize+1","Slice","Infinite Blades","Deflect+1","Dodge and Roll+1","Infinite Blades","Burst","Dash","Malaise","Outmaneuver+1","Leg Sweep"],"relics":["Ring of the Snake","NeowsBlessing","Golden Idol","ClockworkSouvenir","Ancient Tea Set","Philosopher\u0027s Stone"],"potions_floor_usage":[16],"damage_taken":[{"damage":0,"enemies":"Small Slimes","floor":1,"turns":1},{"damage":0,"enemies":"2 Louse","floor":2,"turns":1},{"damage":0,"enemies":"Cultist","floor":11,"turns":1},{"damage":23,"enemies":"Exordium Wildlife","floor":13,"turns":6},{"damage":0,"enemies":"3 Louse","floor":14,"turns":6},{"damage":20,"enemies":"The Guardian","floor":16,"turns":15},{"damage":0,"enemies":"Spheric Guardian","floor":18,"turns":6},{"damage":58,"enemies":"3 Byrds","floor":19,"turns":7},{"damage":12,"enemies":"Masked Bandits","floor":21,"turns":2}],"seed_played":"3921764620205735864","potions_obtained":[{"floor":13,"key":"SkillPotion"},{"floor":16,"key":"SneckoOil"}],"is_trial":false,"path_per_floor":["M","M","?","?","?","R","$","R","T","R","M","T","M","M","R","B",null,"M","M","?","?"],"character_chosen":"THE_SILENT","items_purchased":["Deflect","Dodge and Roll","Infinite Blades","ClockworkSouvenir"],"campfire_rested":1,"item_purchase_floors":[7,7,7,7],"current_hp_per_floor":[70,70,59,42,42,42,42,42,42,42,42,42,19,19,40,20,70,70,12,12,0],"gold":234,"neow_bonus":"THREE_ENEMY_KILL","is_prod":false,"is_daily":false,"chose_seed":false,"campfire_upgraded":3,"win_rate":0,"timestamp":1571150136,"path_taken":["M","M","?","?","?","R","$","R","T","R","M","?","?","M","R","BOSS","M","M","?","?"],"build_version":"2019-09-09v2","purchased_purges":1,"victory":false,"max_hp_per_floor":[70,70,70,70,70,70,70,70,70,70,70,70,70,70,70,70,70,70,70,70,70],"card_choices":[{"not_picked":["Flechettes","Poisoned Stab"],"picked":"Slice","floor":1},{"not_picked":["Outmaneuver","Blade Dance"],"picked":"Infinite Blades","floor":2},{"not_picked":["Slice","Underhanded Strike","Flying Knee"],"picked":"SKIP","floor":11},{"not_picked":["Sucker Punch","Reflex"],"picked":"Burst","floor":13},{"not_picked":["Underhanded Strike","Dagger Spray"],"picked":"Dash","floor":14},{"not_picked":["Die Die Die","Storm of Steel"],"picked":"Malaise","floor":16},{"not_picked":["Setup","Backstab"],"picked":"Outmaneuver+1","floor":18},{"not_picked":["Infinite Blades","Prepared"],"picked":"Leg Sweep","floor":19}],"player_experience":214706,"relics_obtained":[{"floor":9,"key":"Ancient Tea Set"}],"event_choices":[{"damage_healed":0,"gold_gain":75,"player_choice":"Gather Gold","damage_taken":11,"max_hp_gain":0,"max_hp_loss":0,"event_name":"World of Goop","floor":3,"gold_loss":0},{"damage_healed":0,"gold_gain":0,"player_choice":"Take Damage","damage_taken":17,"relics_obtained":["Golden Idol"],"max_hp_gain":0,"max_hp_loss":0,"event_name":"Golden Idol","floor":4,"gold_loss":0},{"damage_healed":0,"gold_gain":175,"player_choice":"AGREE","damage_taken":0,"max_hp_gain":0,"max_hp_loss":0,"event_name":"Liars Game","floor":5,"gold_loss":0,"cards_obtained":["Doubt"]},{"damage_healed":0,"gold_gain":0,"player_choice":"Simplicity","damage_taken":0,"max_hp_gain":0,"max_hp_loss":0,"event_name":"Back to Basics","floor":20,"gold_loss":0,"cards_upgraded":["Strike_G","Strike_G","Strike_G","Strike_G","Strike_G","Defend_G","Defend_G","Defend_G","Defend_G","Defend_G"]},{"damage_healed":0,"gold_gain":0,"player_choice":"Fought Bandits","damage_taken":0,"max_hp_gain":0,"max_hp_loss":0,"event_name":"Masked Bandits","floor":21,"gold_loss":0}],"is_beta":true,"boss_relics":[{"not_picked":["Cursed Key","Calling Bell"],"picked":"Philosopher\u0027s Stone"}],"items_purged_floors":[7],"is_endless":false,"potions_floor_spawned":[13,16],"killed_by":"Masked Bandits","ascension_level":3}