{"gold_per_floor":[110,35,35,54,72,98,113,113,113,126,145,156,231,231,231,326,326,344,360,360,379,379,434,450,62,62,62,88,88,88,88],"floor_reached":31,"playtime":2018,"items_purged":["Strike_B","Defend_B"],"score":332,"play_id":"97f84713-30b1-4534-aca1-87645eeaadd1","local_time":"20190913213530","is_ascension_mode":true,"campfire_choices":[{"data":"Genetic Algorithm","floor":8,"key":"SMITH"},{"floor":15,"key":"REST"},{"floor":27,"key":"REST"},{"floor":29,"key":"REST"},{"data":"Electrodynamics","floor":30,"key":"SMITH"}],"neow_cost":"NONE","seed_source_timestamp":120558067297700,"circlet_count":0,"master_deck":["Strike_B","Defend_B","Defend_B","Defend_B","Zap","Dualcast+1","Scrape+1","Rebound","BootSequence","Genetic Algorithm+1","Leap","Electrodynamics+1","Redo","Gash","Electrodynamics","Gash","Go for the Eyes","Go for the Eyes+1","Sweeping Beam","Leap","Capacitor","Go for the Eyes","Panache","Mind Blast"],"relics":["Cracked Core","Dodecahedron","Sundial","Busted Crown","Tiny Chest","WingedGreaves","Ginger"],"potions_floor_usage":[12,16,16,24,24,31],"damage_taken":[{"damage":2,"enemies":"Jaw Worm","floor":1,"turns":3},{"damage":7,"enemies":"Small Slimes","floor":4,"turns":3},{"damage":0,"enemies":"2 Louse","floor":5,"turns":2},{"damage":28,"enemies":"Gremlin Nob","floor":6,"turns":4},{"damage":4,"enemies":"Large Slime","floor":7,"turns":5},{"damage":10,"enemies":"2 Fungi Beasts","floor":10,"turns":4},{"damage":3,"enemies":"3 Louse","floor":11,"turns":3},{"damage":0,"enemies":"Exordium Wildlife","floor":12,"turns":2},{"damage":23,"enemies":"The Guardian","floor":16,"turns":10},{"damage":20,"enemies":"Shell Parasite","floor":18,"turns":5},{"damage":9,"enemies":"Chosen","floor":19,"turns":5},{"damage":20,"enemies":"Snake Plant","floor":21,"turns":4},{"damage":0,"enemies":"Gremlin Leader","floor":23,"turns":4},{"damage":8,"enemies":"Centurion and Healer","floor":24,"turns":7},{"damage":25,"enemies":"Book of Stabbing","floor":28,"turns":6},{"damage":8,"enemies":"Colosseum Slavers","floor":31,"turns":2},{"damage":28,"enemies":"Colosseum Nobs","floor":31,"turns":3}],"seed_played":"-3124042518214306026","potions_obtained":[{"floor":6,"key":"Fire Potion"},{"floor":7,"key":"PowerPotion"},{"floor":11,"key":"Ancient Potion"},{"floor":12,"key":"Energy Potion"},{"floor":16,"key":"PowerPotion"},{"floor":21,"key":"Explosive Potion"},{"floor":23,"key":"SkillPotion"}],"is_trial":false,"path_per_floor":["M","$","?","M","M","E","M","R","T","M","M","M","?","?","R","B",null,"M","M","?","M","?","E","M","$","T","R","E","R","R","?"],"character_chosen":"DEFECT","items_purchased":["Go for the Eyes","Panache","Mind Blast"],"campfire_rested":3,"item_purchase_floors":[25,25,25],"current_hp_per_floor":[80,80,64,57,57,29,25,25,25,15,12,12,1,1,25,2,82,62,53,37,17,17,17,9,9,9,35,10,36,36,0],"gold":88,"neow_bonus":"TEN_PERCENT_HP_BONUS","is_prod":false,"is_daily":false,"chose_seed":false,"campfire_upgraded":2,"win_rate":0,"timestamp":1568403330,"path_taken":["M","$","?","M","M","E","M","R","T","M","M","M","?","?","R","BOSS","M","M","?","M","?","E","M","$","T","R","E","R","R","?"],"build_version":"2019-07-17","purchased_purges":2,"victory":false,"max_hp_per_floor":[82,82,82,82,82,82,82,82,82,82,82,82,82,82,82,82,82,82,82,87,87,87,87,87,87,87,87,87,87,87,87],"card_choices":[{"not_picked":["Steam","Barrage"],"picked":"Scrape","floor":1},{"not_picked":["Barrage","Cold Snap"],"picked":"Rebound","floor":4},{"not_picked":["Conserve Battery","Leap"],"picked":"BootSequence","floor":5},{"not_picked":["Tempest","BootSequence"],"picked":"Genetic Algorithm","floor":6},{"not_picked":["Coolheaded","Barrage"],"picked":"Leap","floor":7},{"not_picked":["Barrage","Steam"],"picked":"Electrodynamics","floor":10},{"not_picked":["Gash","Conserve Battery"],"picked":"Redo","floor":11},{"not_picked":["Sweeping Beam","Ball Lightning"],"picked":"Gash","floor":12},{"not_picked":["Fission","Multi-Cast"],"picked":"Electrodynamics","floor":16},{"not_picked":[],"picked":"Gash","floor":18},{"not_picked":[],"picked":"Go for the Eyes","floor":19},{"not_picked":[],"picked":"Go for the Eyes+1","floor":21},{"not_picked":["Hologram+1"],"picked":"SKIP","floor":23},{"not_picked":[],"picked":"Capacitor","floor":24},{"not_picked":["BootSequence+1"],"picked":"SKIP","floor":28}],"player_experience":97129,"relics_obtained":[{"floor":6,"key":"Dodecahedron"},{"floor":9,"key":"Sundial"},{"floor":23,"key":"Tiny Chest"},{"floor":26,"key":"WingedGreaves"},{"floor":28,"key":"Ginger"}],"event_choices":[{"damage_healed":0,"gold_gain":0,"player_choice":"Entered Light","damage_taken":16,"max_hp_gain":0,"max_hp_loss":0,"event_name":"Shining Light","floor":3,"gold_loss":0,"cards_upgraded":["Scrape","Dualcast"]},{"damage_healed":0,"gold_gain":75,"player_choice":"Gather Gold","damage_taken":11,"max_hp_gain":0,"max_hp_loss":0,"event_name":"World of Goop","floor":13,"gold_loss":0},{"damage_healed":0,"gold_gain":0,"player_choice":"Ignored","damage_taken":0,"max_hp_gain":0,"max_hp_loss":0,"event_name":"Golden Wing","floor":14,"gold_loss":0},{"damage_healed":0,"gold_gain":0,"player_choice":"Shed Blood","damage_taken":21,"max_hp_gain":5,"max_hp_loss":0,"event_name":"Forgotten Altar","floor":20,"gold_loss":0},{"damage_healed":0,"gold_gain":0,"cards_transformed":["Strike_B","Strike_B"],"player_choice":"Became Test Subject","damage_taken":0,"max_hp_gain":0,"max_hp_loss":0,"event_name":"Drug Dealer","floor":22,"gold_loss":0,"cards_obtained":["Sweeping Beam","Leap"]},{"damage_healed":0,"gold_gain":0,"player_choice":"Fight","damage_taken":0,"max_hp_gain":0,"max_hp_loss":0,"event_name":"Colosseum","floor":31,"gold_loss":0},{"damage_healed":0,"gold_gain":0,"player_choice":"Fought Nobs","damage_taken":0,"max_hp_gain":0,"max_hp_loss":0,"event_name":"Colosseum","floor":31,"gold_loss":0}],"is_beta":false,"boss_relics":[{"not_picked":["Runic Dome","Empty Cage"],"picked":"Busted Crown"}],"items_purged_floors":[2,25],"is_endless":false,"potions_floor_spawned":[6,7,11,12,16,21,23,31],"killed_by":"Colosseum Nobs","ascension_level":2}