{"gold_per_floor":[114,126,126,146,163,192,204,215,215,231,242,242,300,315,315,315],"floor_reached":16,"playtime":1768,"items_purged":[],"score":108,"play_id":"a81c1a03-a748-437a-98a8-b98aa54d559f","local_time":"20190616090032","is_ascension_mode":false,"campfire_choices":[{"floor":12,"key":"REST"},{"floor":15,"key":"REST"}],"neow_cost":"NONE","seed_source_timestamp":312367162190652,"circlet_count":0,"master_deck":["Strike_R","Strike_R","Strike_R","Strike_R","Strike_R","Defend_R","Defend_R","Defend_R+1","Defend_R","Bash","Shrug It Off+1","Shrug It Off+1","Reaper","Berserk","Fire Breathing","Pommel Strike","Pommel Strike","Shrug It Off"],"special_seed":0,"relics":["Burning Blood","War Paint","Sundial","Orichalcum"],"potions_floor_usage":[16,16,16],"damage_taken":[{"damage":6.0,"enemies":"Cultist","floor":1.0,"turns":3.0},{"damage":0.0,"enemies":"Small Slimes","floor":2.0,"turns":3.0},{"damage":0.0,"enemies":"2 Louse","floor":4.0,"turns":4.0},{"damage":11.0,"enemies":"Blue Slaver","floor":5.0,"turns":5.0},{"damage":52.0,"enemies":"Lagavulin","floor":6.0,"turns":14.0},{"damage":14.0,"enemies":"Exordium Thugs","floor":7.0,"turns":7.0},{"damage":7.0,"enemies":"Looter","floor":8.0,"turns":4.0},{"damage":4.0,"enemies":"3 Louse","floor":10.0,"turns":5.0},{"damage":10,"enemies":"2 Fungi Beasts","floor":11,"turns":4},{"damage":31,"enemies":"Gremlin Nob","floor":13,"turns":6},{"damage":12,"enemies":"Blue Slaver","floor":14,"turns":3},{"damage":88,"enemies":"Slime Boss","floor":16,"turns":11}],"seed_played":"8216876292464700260","potions_obtained":[{"floor":4.0,"key":"SteroidPotion"},{"floor":7.0,"key":"SpeedPotion"},{"floor":8.0,"key":"Strength Potion"},{"floor":10,"key":"GamblersBrew"},{"floor":13,"key":"AttackPotion"}],"is_trial":false,"path_per_floor":["M","M","?","M","M","E","M","M","T","M","M","R","?","M","R","B"],"character_chosen":"IRONCLAD","items_purchased":[],"campfire_rested":2,"item_purchase_floors":[],"current_hp_per_floor":[88,88,88,88,83,43,41,40,40,45,41,67,46,40,66,0],"gold":315,"neow_bonus":"TEN_PERCENT_HP_BONUS","is_prod":false,"is_daily":false,"chose_seed":false,"campfire_upgraded":0,"win_rate":0.0,"timestamp":1560700832,"path_taken":["M","?","?","M","M","E","M","M","T","?","M","R","?","M","R","BOSS"],"build_version":"2019-01-23","purchased_purges":0,"victory":false,"max_hp_per_floor":[88,88,88,88,88,88,88,88,88,88,88,88,88,88,88,88],"card_choices":[{"not_picked":["Corruption","Burning Pact"],"picked":"Shrug It Off","floor":1.0},{"not_picked":["Clash","Infernal Blade","Twin Strike"],"picked":"SKIP","floor":2.0},{"not_picked":["Body Slam","Combust"],"picked":"Shrug It Off","floor":4.0},{"not_picked":["Power Through","Body Slam"],"picked":"Reaper","floor":5.0},{"not_picked":["Rampage","Thunderclap"],"picked":"Berserk","floor":6.0},{"not_picked":["Body Slam","Sword Boomerang"],"picked":"Fire Breathing","floor":7.0},{"not_picked":["Headbutt","Heavy Blade","Cleave"],"picked":"SKIP","floor":8.0},{"not_picked":["Clothesline","Offering"],"picked":"Pommel Strike","floor":10},{"not_picked":["Body Slam","Sword Boomerang"],"picked":"Pommel Strike","floor":11},{"not_picked":["Body Slam","Flex"],"picked":"Shrug It Off","floor":14}],"player_experience":13006,"relics_obtained":[{"floor":6.0,"key":"War Paint"},{"floor":9.0,"key":"Sundial"}],"event_choices":[{"damage_healed":0.0,"max_hp_gain":0.0,"max_hp_loss":0.0,"gold_gain":0.0,"event_name":"Accursed Blacksmith","player_choice":"Forge","floor":3.0,"gold_loss":0.0,"damage_taken":0.0,"cards_upgraded":["Shrug It Off"]},{"damage_healed":0,"gold_gain":30,"player_choice":"Searched \u00273\u0027 times","damage_taken":0,"relics_obtained":["Orichalcum"],"max_hp_gain":0,"max_hp_loss":0,"event_name":"Dead Adventurer","floor":13,"gold_loss":0}],"is_beta":false,"boss_relics":[],"items_purged_floors":[],"is_endless":false,"potions_floor_spawned":[4,7,8,10,13,14],"killed_by":"Slime Boss","ascension_level":0}