{"gold_per_floor":[119,132,143,157,168,168,168,178,178,188,188,31,51,66,66,161,161,175,175,149,163,176,176,8,8,58,74,74,74,74,106,106,106],"floor_reached":33,"playtime":4770,"items_purged":["Strike_G","Strike_G"],"score":288,"play_id":"ce3871c9-3692-425e-bc92-ab33da4307a8","local_time":"20190619175440","is_ascension_mode":false,"campfire_choices":[{"data":"Outmaneuver","floor":6.0,"key":"SMITH"},{"data":"Infinite Blades","floor":15.0,"key":"SMITH"},{"floor":23.0,"key":"REST"},{"data":"Footwork","floor":29,"key":"SMITH"},{"floor":32,"key":"REST"}],"neow_cost":"NONE","seed_source_timestamp":0,"circlet_count":0,"master_deck":["Defend_G","Defend_G","Defend_G","Defend_G","Defend_G","Strike_G","Strike_G","Strike_G","Neutralize","Backflip","Outmaneuver+1","Backflip","Dagger Throw","Infinite Blades+1","Footwork+1","Outmaneuver","Adrenaline","Dagger Throw+1","PiercingWail","Acrobatics","Caltrops","Ghostly","Ghostly","Ghostly","Ghostly","Ghostly","Blur","Acrobatics+1"],"special_seed":0,"relics":["Ring of the Snake","StoneCalendar","HoveringKite","Nilry\u0027s Codex","Vajra","Ornamental Fan"],"potions_floor_usage":[31,31],"damage_taken":[{"damage":2.0,"enemies":"Cultist","floor":1.0,"turns":5.0},{"damage":0.0,"enemies":"Small Slimes","floor":2.0,"turns":4.0},{"damage":0.0,"enemies":"2 Louse","floor":3.0,"turns":4.0},{"damage":0.0,"enemies":"2 Fungi Beasts","floor":4.0,"turns":5.0},{"damage":15.0,"enemies":"Large Slime","floor":5.0,"turns":18.0},{"damage":4.0,"enemies":"Blue Slaver","floor":8.0,"turns":5.0},{"damage":0.0,"enemies":"Looter","floor":10.0,"turns":5.0},{"damage":6.0,"enemies":"2 Fungi Beasts","floor":13.0,"turns":6.0},{"damage":2.0,"enemies":"Blue Slaver","floor":14.0,"turns":5.0},{"damage":19.0,"enemies":"Hexaghost","floor":16.0,"turns":16.0},{"damage":20.0,"enemies":"Spheric Guardian","floor":18.0,"turns":7.0},{"damage":13.0,"enemies":"2 Thieves","floor":20.0,"turns":5.0},{"damage":7.0,"enemies":"Centurion and Healer","floor":21.0,"turns":8.0},{"damage":0.0,"enemies":"Snake Plant","floor":22.0,"turns":6.0},{"damage":9.0,"enemies":"Snecko","floor":27.0,"turns":7.0},{"damage":18,"enemies":"Gremlin Leader","floor":31,"turns":8},{"damage":30,"enemies":"Automaton","floor":33,"turns":6}],"seed_played":"9025027648146943580","potions_obtained":[{"floor":1.0,"key":"EssenceOfSteel"},{"floor":8.0,"key":"LiquidBronze"},{"floor":10.0,"key":"FearPotion"},{"floor":20.0,"key":"LiquidBronze"},{"floor":21.0,"key":"EssenceOfSteel"},{"floor":22.0,"key":"Fire Potion"}],"is_trial":false,"path_per_floor":["M","M","M","M","M","R","?","M","T","M","?","$","M","M","R","B",null,"M","?","M","M","M","R","$","?","T","M","?","R","$","E","R","B"],"character_chosen":"THE_SILENT","items_purchased":["Footwork","Caltrops"],"campfire_rested":2,"item_purchase_floors":[12,24],"current_hp_per_floor":[75,75,75,75,60,60,60,56,56,56,61,61,55,53,53,34,82,62,46,33,26,26,50,50,41,41,32,32,32,32,14,26,0],"gold":106,"neow_bonus":"TEN_PERCENT_HP_BONUS","is_prod":false,"is_daily":false,"chose_seed":false,"campfire_upgraded":3,"win_rate":0.0,"timestamp":1560992080,"path_taken":["M","?","M","M","M","R","?","?","T","M","?","$","M","M","R","BOSS","M","?","M","M","M","R","$","?","T","M","?","R","?","E","R","BOSS"],"build_version":"2019-01-23","purchased_purges":2,"victory":false,"max_hp_per_floor":[77,77,77,77,77,77,77,77,77,77,82,82,82,82,82,82,82,82,82,82,82,82,82,82,41,41,41,41,41,41,41,41,41],"card_choices":[{"not_picked":["Masterful Stab","Dagger Spray"],"picked":"Backflip","floor":1.0},{"not_picked":["Deflect","Finisher"],"picked":"Outmaneuver","floor":2.0},{"not_picked":["Outmaneuver","Dodge and Roll"],"picked":"Backflip","floor":3.0},{"not_picked":["Reflex","Crippling Poison","Dodge and Roll"],"picked":"SKIP","floor":4.0},{"not_picked":["Well Laid Plans","Blade Dance"],"picked":"Dagger Throw","floor":5.0},{"not_picked":["Sucker Punch","Flying Knee","Deadly Poison"],"picked":"SKIP","floor":8.0},{"not_picked":["Deadly Poison","Sucker Punch"],"picked":"Infinite Blades","floor":10.0},{"not_picked":["Adrenaline","Blade Dance"],"picked":"Outmaneuver","floor":13.0},{"not_picked":["Deadly Poison","Deflect","Eviscerate"],"picked":"SKIP","floor":14.0},{"not_picked":["Venomology","Doppelganger"],"picked":"Adrenaline","floor":16.0},{"not_picked":["Deflect","Slice"],"picked":"Dagger Throw+1","floor":18.0},{"not_picked":["Distraction","Flying Knee","Deadly Poison"],"picked":"SKIP","floor":20.0},{"not_picked":["Dodge and Roll","Blade Dance"],"picked":"PiercingWail","floor":21.0},{"not_picked":["Predator","Outmaneuver"],"picked":"Acrobatics","floor":22.0},{"not_picked":["Calculated Gamble","Unload"],"picked":"Blur","floor":27.0},{"not_picked":["Flying Knee","Blur"],"picked":"Acrobatics+1","floor":31}],"player_experience":18953,"relics_obtained":[{"floor":9.0,"key":"StoneCalendar"},{"floor":19.0,"key":"Nilry\u0027s Codex"},{"floor":26.0,"key":"Vajra"},{"floor":31,"key":"Ornamental Fan"}],"event_choices":[{"cards_removed":["Survivor"],"damage_healed":0.0,"max_hp_gain":0.0,"max_hp_loss":0.0,"gold_gain":0.0,"event_name":"Bonfire Elementals","player_choice":"Offered Basic","floor":7.0,"gold_loss":0.0,"damage_taken":0.0},{"damage_healed":0.0,"max_hp_gain":5.0,"max_hp_loss":0.0,"gold_gain":0.0,"event_name":"Big Fish","player_choice":"Donut","floor":11.0,"gold_loss":0.0,"damage_taken":0.0},{"damage_healed":0.0,"max_hp_gain":0.0,"max_hp_loss":0.0,"gold_gain":0.0,"event_name":"Cursed Tome","player_choice":"Obtained Book","floor":19.0,"gold_loss":0.0,"damage_taken":16.0},{"damage_healed":0.0,"max_hp_gain":0.0,"max_hp_loss":41.0,"gold_gain":0.0,"event_name":"Ghosts","player_choice":"Became a Ghost","floor":25.0,"gold_loss":0.0,"damage_taken":0.0,"cards_obtained":["Ghostly","Ghostly","Ghostly","Ghostly","Ghostly"]}],"is_beta":false,"boss_relics":[{"not_picked":["Calling Bell","Orrery"],"picked":"HoveringKite"}],"items_purged_floors":[12,24],"is_endless":false,"potions_floor_spawned":[1,8,10,13,20,21,22],"killed_by":"Automaton","ascension_level":0}