{"gold_per_floor":[111,126,146,156,170,170,181,201,247,258,34,34,53,63,63,162,162,129,142,159,159,159,159,159],"floor_reached":24,"playtime":3277,"items_purged":[],"score":196,"play_id":"bfbef661-c0de-46a3-9fe2-04f065d8bfba","local_time":"20190909225333","is_ascension_mode":false,"campfire_choices":[{"data":"Metallicize","floor":6,"key":"SMITH"},{"data":"Metallicize","floor":12,"key":"SMITH"},{"data":"Shrug It Off","floor":15,"key":"SMITH"},{"floor":23,"key":"REST"}],"neow_cost":"NONE","seed_source_timestamp":1436320525091400,"circlet_count":0,"master_deck":["Strike_R","Strike_R","Strike_R","Defend_R+1","Defend_R","Defend_R+1","Defend_R","Bash","Bludgeon","Metallicize+1","Battle Trance","Clash","Iron Wave","Shrug It Off+1","Rampage","Whirlwind","Twin Strike","Metallicize+1","Rampage","Seeing Red","Offering","Body Slam","Carnage","Clothesline","Inflame","Flame Barrier","Impervious","Shrug It Off+1","Anger","True Grit","Juggernaut"],"relics":["Burning Blood","War Paint","PreservedInsect","Orrery"],"potions_floor_usage":[16,16,16,24],"damage_taken":[{"damage":0,"enemies":"Cultist","floor":1,"turns":2},{"damage":3,"enemies":"2 Louse","floor":2,"turns":3},{"damage":0,"enemies":"Small Slimes","floor":3,"turns":3},{"damage":2,"enemies":"3 Louse","floor":4,"turns":3},{"damage":0,"enemies":"Large Slime","floor":5,"turns":4},{"damage":0,"enemies":"Blue Slaver","floor":7,"turns":6},{"damage":0,"enemies":"2 Fungi Beasts","floor":8,"turns":4},{"damage":0,"enemies":"3 Louse","floor":10,"turns":4},{"damage":0,"enemies":"Lots of Slimes","floor":13,"turns":1},{"damage":0,"enemies":"Large Slime","floor":14,"turns":4},{"damage":26,"enemies":"Hexaghost","floor":16,"turns":10},{"damage":28,"enemies":"2 Thieves","floor":18,"turns":5},{"damage":13,"enemies":"Shell Parasite","floor":19,"turns":7},{"damage":34,"enemies":"3 Cultists","floor":20,"turns":7},{"damage":44,"enemies":"Cultist and Chosen","floor":24,"turns":6}],"seed_played":"-5557032226180870188","potions_obtained":[{"floor":3,"key":"Swift Potion"},{"floor":4,"key":"Energy Potion"},{"floor":8,"key":"Fire Potion"},{"floor":13,"key":"Swift Potion"},{"floor":14,"key":"SpeedPotion"},{"floor":18,"key":"Fire Potion"}],"is_trial":false,"path_per_floor":["M","M","M","M","M","R","M","M","T","M","$","R","M","M","R","B",null,"M","M","M","?","?","R","M"],"character_chosen":"IRONCLAD","items_purchased":["Metallicize","PreservedInsect"],"campfire_rested":1,"item_purchase_floors":[11,11],"current_hp_per_floor":[80,80,80,80,80,80,80,80,80,80,80,80,80,80,80,60,80,58,51,23,8,8,33,0],"gold":159,"neow_bonus":"ONE_RANDOM_RARE_CARD","is_prod":false,"is_daily":false,"chose_seed":false,"campfire_upgraded":3,"win_rate":0.0,"timestamp":1568062413,"path_taken":["M","M","M","M","M","R","M","M","T","?","$","R","M","M","R","BOSS","M","M","M","?","?","R","M"],"build_version":"2019-07-17","purchased_purges":0,"victory":false,"max_hp_per_floor":[80,80,80,80,80,80,80,80,80,80,80,80,80,80,80,80,80,80,80,80,85,85,85,85],"card_choices":[{"not_picked":["Warcry","Shrug It Off"],"picked":"Metallicize","floor":1},{"not_picked":["Pommel Strike","Twin Strike"],"picked":"Battle Trance","floor":2},{"not_picked":["Rupture","Rage"],"picked":"Clash","floor":3},{"not_picked":["Twin Strike","Warcry"],"picked":"Iron Wave","floor":4},{"not_picked":["Perfected Strike","Sword Boomerang"],"picked":"Shrug It Off","floor":5},{"not_picked":["Second Wind","Flex"],"picked":"Rampage","floor":7},{"not_picked":["Thunderclap","Headbutt"],"picked":"Whirlwind","floor":8},{"not_picked":["Cleave","Dark Embrace"],"picked":"Twin Strike","floor":10},{"not_picked":["Cleave","Blood for Blood"],"picked":"Rampage","floor":13},{"not_picked":["Headbutt","Sword Boomerang"],"picked":"Seeing Red","floor":14},{"not_picked":["Feed","Demon Form"],"picked":"Offering","floor":16},{"not_picked":["Infernal Blade","Perfected Strike"],"picked":"Body Slam","floor":17},{"not_picked":["Rage","Cleave"],"picked":"Carnage","floor":17},{"not_picked":["Warcry","Headbutt"],"picked":"Clothesline","floor":17},{"not_picked":["Armaments","Clash"],"picked":"Inflame","floor":17},{"not_picked":["Clash","Perfected Strike"],"picked":"Flame Barrier","floor":17},{"not_picked":["Shrug It Off","Flex+1"],"picked":"Impervious","floor":18},{"not_picked":["Thunderclap","Shockwave"],"picked":"Shrug It Off+1","floor":19},{"not_picked":["Warcry+1","Thunderclap"],"picked":"Anger","floor":20}],"player_experience":2662,"relics_obtained":[{"floor":9,"key":"War Paint"}],"event_choices":[{"damage_healed":0,"gold_gain":0,"player_choice":"Shed Blood","damage_taken":20,"max_hp_gain":5,"max_hp_loss":0,"event_name":"Forgotten Altar","floor":21,"gold_loss":0},{"damage_healed":0,"gold_gain":0,"cards_transformed":["Strike_R","Strike_R"],"player_choice":"Became Test Subject","damage_taken":0,"max_hp_gain":0,"max_hp_loss":0,"event_name":"Drug Dealer","floor":22,"gold_loss":0,"cards_obtained":["True Grit","Juggernaut"]}],"is_beta":false,"boss_relics":[{"not_picked":["Snecko Eye","Lizard Tail"],"picked":"Orrery"}],"items_purged_floors":[],"is_endless":false,"potions_floor_spawned":[3,4,8,13,14,18],"killed_by":"Cultist and Chosen","ascension_level":0}