{"gold_per_floor":[116,132,149,166,183,183,215,234,234,234,264,17,17,48,48,153,153,172,0,19,19,19,19,30,30,30,30,45,45,62,80,80,182,182,197,197,197,197,209,220,235,18,69,69],"floor_reached":44,"playtime":3135,"items_purged":[],"score":608,"play_id":"9b0b5647-5c08-4285-a673-32d70fee4806","local_time":"20190907100222","is_ascension_mode":true,"campfire_choices":[{"floor":6.0,"key":"REST"},{"data":"1","floor":10.0,"key":"LIFT"},{"floor":13.0,"key":"REST"},{"data":"2","floor":15.0,"key":"LIFT"},{"data":"Rampage","floor":23.0,"key":"SMITH"},{"floor":27.0,"key":"REST"},{"data":"RitualDagger","floor":29.0,"key":"SMITH"},{"floor":32.0,"key":"REST"}],"neow_cost":"PERCENT_DAMAGE","seed_source_timestamp":138726551582621,"circlet_count":0,"master_deck":["Strike_R","Strike_R","Strike_R","Strike_R","Strike_R","Defend_R","Defend_R","Defend_R","Defend_R","Bash","True Grit","Pommel Strike","Corruption","Shrug It Off","Rampage","Iron Wave","Shrug It Off","Demon Form","Warcry+1","Rampage+1","Power Through+1","RitualDagger+1","Shrug It Off","Sentinel+1","Feed","Power Through+1","Havoc+1","Iron Wave+1","Flame Barrier"],"special_seed":0,"relics":["Burning Blood","Girya","Matryoshka","Juzu Bracelet","TheAbacus","Bag of Preparation","White Beast Statue","Bag of Marbles","Gambling Chip","Fusion Hammer","Red Skull","Anchor","Happy Flower"],"potions_floor_usage":[44],"damage_taken":[{"damage":8.0,"enemies":"Jaw Worm","floor":1.0,"turns":5.0},{"damage":7.0,"enemies":"Small Slimes","floor":2.0,"turns":4.0},{"damage":0.0,"enemies":"2 Louse","floor":3.0,"turns":4.0},{"damage":24.0,"enemies":"Lots of Slimes","floor":4.0,"turns":8.0},{"damage":8.0,"enemies":"Red Slaver","floor":5.0,"turns":5.0},{"damage":32.0,"enemies":"Gremlin Nob","floor":7.0,"turns":4.0},{"damage":4.0,"enemies":"Blue Slaver","floor":8.0,"turns":6.0},{"damage":22.0,"enemies":"3 Sentries","floor":11.0,"turns":7.0},{"damage":18.0,"enemies":"Lagavulin","floor":14.0,"turns":7.0},{"damage":43.0,"enemies":"Slime Boss","floor":16.0,"turns":13.0},{"damage":15.0,"enemies":"Chosen","floor":18.0,"turns":6.0},{"damage":18.0,"enemies":"Shell Parasite","floor":20.0,"turns":6.0},{"damage":28.0,"enemies":"Snecko","floor":24.0,"turns":6.0},{"damage":14.0,"enemies":"Shelled Parasite and Fungi","floor":28.0,"turns":7.0},{"damage":27.0,"enemies":"Sentry and Sphere","floor":30.0,"turns":6.0},{"damage":6.0,"enemies":"Snake Plant","floor":31.0,"turns":5.0},{"damage":51.0,"enemies":"Collector","floor":33.0,"turns":8.0},{"damage":12.0,"enemies":"3 Shapes","floor":35.0,"turns":6.0},{"damage":3.0,"enemies":"Orb Walker","floor":39.0,"turns":5.0},{"damage":50.0,"enemies":"Writhing Mass","floor":40.0,"turns":8.0},{"damage":21.0,"enemies":"Sphere and 2 Shapes","floor":41.0,"turns":7.0},{"damage":31,"enemies":"Spire Growth","floor":44,"turns":4}],"seed_played":"7835048079157679313","potions_obtained":[{"floor":3.0,"key":"Block Potion"},{"floor":5.0,"key":"AttackPotion"},{"floor":8.0,"key":"SteroidPotion"},{"floor":14.0,"key":"EssenceOfSteel"},{"floor":18.0,"key":"Regen Potion"},{"floor":20.0,"key":"Explosive Potion"},{"floor":24.0,"key":"SkillPotion"},{"floor":28.0,"key":"SneckoOil"},{"floor":30.0,"key":"Fire Potion"},{"floor":31.0,"key":"Explosive Potion"},{"floor":33.0,"key":"SpeedPotion"},{"floor":35.0,"key":"EssenceOfSteel"},{"floor":38.0,"key":"Fruit Juice"},{"floor":38.0,"key":"Explosive Potion"},{"floor":39.0,"key":"Weak Potion"},{"floor":40.0,"key":"SpeedPotion"},{"floor":41.0,"key":"Ancient Potion"}],"is_trial":false,"path_per_floor":["M","M","M","M","M","R","E","M","T","R","E","$","R","E","R","B",null,"M","?","M","?","$","R","M","?","T","R","M","R","M","M","R","B",null,"M","?","?","?","M","M","M","$","T","M"],"character_chosen":"IRONCLAD","items_purchased":["TheAbacus","Block Potion","Flame Barrier","Red Skull"],"campfire_rested":4,"item_purchase_floors":[12,12,42,42],"current_hp_per_floor":[65,64,70,52,50,78,52,54,54,54,38,38,66,54,54,17,76,67,67,69,69,69,69,47,41,41,69,61,61,40,40,68,23,78,75,75,75,80,83,39,27,27,27,0],"gold":69,"neow_bonus":"TWENTY_PERCENT_HP_BONUS","is_prod":false,"is_daily":false,"chose_seed":false,"campfire_upgraded":2,"win_rate":0,"timestamp":1567875742,"path_taken":["M","M","M","M","M","R","E","M","T","R","E","$","R","E","R","BOSS","M","?","M","?","?","R","M","?","T","R","M","R","M","M","R","BOSS","M","?","?","?","M","M","M","$","T","M"],"build_version":"2019-07-17","purchased_purges":0,"victory":false,"max_hp_per_floor":[96,96,96,96,96,96,96,96,96,96,96,96,96,96,96,96,96,96,96,96,96,96,96,96,96,96,96,96,96,96,96,96,96,96,99,99,99,104,104,104,107,107,107,107],"card_choices":[{"not_picked":["Heavy Blade","Twin Strike"],"picked":"True Grit","floor":1.0},{"not_picked":["Wild Strike","Whirlwind","Shockwave"],"picked":"SKIP","floor":2.0},{"not_picked":["Uppercut","Bloodletting"],"picked":"Pommel Strike","floor":3.0},{"not_picked":["Bludgeon","Power Through"],"picked":"Corruption","floor":4.0},{"not_picked":["Armaments","Wild Strike"],"picked":"Shrug It Off","floor":5.0},{"not_picked":["Sever Soul","Searing Blow"],"picked":"Rampage","floor":7.0},{"not_picked":["Havoc","Wild Strike"],"picked":"Iron Wave","floor":8.0},{"not_picked":["Iron Wave","Clash","Hemokinesis"],"picked":"SKIP","floor":11.0},{"not_picked":["Iron Wave","Clash","Hemokinesis"],"picked":"SKIP","floor":11.0},{"not_picked":["Combust","Double Tap"],"picked":"Shrug It Off","floor":14.0},{"not_picked":["Juggernaut","Exhume"],"picked":"Demon Form","floor":16.0},{"not_picked":["Thunderclap","Inflame","Body Slam+1"],"picked":"SKIP","floor":18.0},{"not_picked":["Power Through","Body Slam"],"picked":"Warcry+1","floor":20.0},{"not_picked":["Anger","Sever Soul"],"picked":"Power Through+1","floor":24.0},{"not_picked":["Dropkick","Twin Strike+1"],"picked":"Shrug It Off","floor":28.0},{"not_picked":["Flex+1","Clash+1"],"picked":"Sentinel+1","floor":30.0},{"not_picked":["Combust","Evolve","Ghostly Armor"],"picked":"SKIP","floor":31.0},{"not_picked":["Fiend Fire","Berserk"],"picked":"Feed","floor":33.0},{"not_picked":["Wild Strike","Sword Boomerang","Armaments"],"picked":"SKIP","floor":35.0},{"not_picked":["Second Wind","Pommel Strike"],"picked":"Havoc+1","floor":39.0},{"not_picked":["Carnage","Entrench","Flex+1"],"picked":"SKIP","floor":40.0},{"not_picked":["Limit Break","Pommel Strike"],"picked":"Iron Wave+1","floor":41.0}],"player_experience":268922,"relics_obtained":[{"floor":7.0,"key":"Girya"},{"floor":9.0,"key":"Matryoshka"},{"floor":11.0,"key":"Juzu Bracelet"},{"floor":14.0,"key":"Bag of Preparation"},{"floor":26.0,"key":"Bag of Marbles"},{"floor":26.0,"key":"Gambling Chip"},{"floor":43.0,"key":"Anchor"},{"floor":43.0,"key":"Happy Flower"}],"event_choices":[{"damage_healed":0.0,"max_hp_gain":0.0,"max_hp_loss":0.0,"gold_gain":0.0,"event_name":"Masked Bandits","player_choice":"Paid Fearfully","floor":19.0,"gold_loss":172.0,"damage_taken":0.0},{"damage_healed":0.0,"max_hp_gain":0.0,"max_hp_loss":0.0,"gold_gain":0.0,"event_name":"The Library","player_choice":"Read","floor":21.0,"gold_loss":0.0,"damage_taken":0.0,"cards_obtained":["Rampage"]},{"damage_healed":0.0,"max_hp_gain":0.0,"max_hp_loss":0.0,"gold_gain":0.0,"event_name":"Nest","player_choice":"Joined the Cult","floor":25.0,"gold_loss":0.0,"damage_taken":6.0,"cards_obtained":["RitualDagger"]},{"damage_healed":0.0,"max_hp_gain":0.0,"max_hp_loss":0.0,"gold_gain":0.0,"event_name":"Tomb of Lord Red Mask","player_choice":"Ignored","floor":36.0,"gold_loss":0.0,"damage_taken":0.0},{"damage_healed":0.0,"max_hp_gain":0.0,"max_hp_loss":0.0,"gold_gain":0.0,"event_name":"Duplicator","player_choice":"Copied","floor":37.0,"gold_loss":0.0,"damage_taken":0.0,"cards_obtained":["Power Through"]},{"damage_healed":0.0,"max_hp_gain":0.0,"max_hp_loss":0.0,"gold_gain":0.0,"event_name":"Lab","player_choice":"Got Potions","floor":38.0,"gold_loss":0.0,"damage_taken":0.0}],"is_beta":false,"boss_relics":[{"not_picked":["Orrery","Tiny House"],"picked":"White Beast Statue"},{"not_picked":["Runic Dome","Cursed Key"],"picked":"Fusion Hammer"}],"items_purged_floors":[],"is_endless":false,"potions_floor_spawned":[3,5,8,14,18,20,24,28,30,31,33,35,39,40,41],"killed_by":"Spire Growth","ascension_level":7}