{"gold_per_floor":[210,225,26,43,43,68,68,93,93,109,109,34,57,27,27,127,127,146,156,167,180,180,180,209,209,209,240,251,265,285,305,305,409,409,429,429,36,36,51,86,97,131,207,207,224,224,224,236,236,236],"floor_reached":51,"playtime":3848,"items_purged":["Strike_R"],"score":851,"play_id":"2bfc8a82-cdca-4466-b35e-57d91c8fe3d1","local_time":"20190904191939","is_ascension_mode":true,"campfire_choices":[{"floor":7.0,"key":"REST"},{"data":"Flame Barrier","floor":11.0,"key":"SMITH"},{"data":"Metallicize","floor":15.0,"key":"SMITH"},{"data":"Metallicize","floor":23.0,"key":"SMITH"},{"floor":25.0,"key":"REST"},{"data":"Iron Wave","floor":32.0,"key":"SMITH"},{"data":"Iron Wave","floor":44,"key":"SMITH"},{"data":"Defend_R","floor":46,"key":"SMITH"},{"data":"Defend_R","floor":49,"key":"SMITH"}],"neow_cost":"NONE","seed_source_timestamp":0,"circlet_count":0,"master_deck":["Strike_R","Strike_R","Strike_R","Defend_R","Defend_R","Defend_R+1","Defend_R+1","Bash","Iron Wave+1","Metallicize+1","Metallicize+1","Flame Barrier+1","Metallicize+1","Iron Wave+1","Battle Trance","Limit Break","Juggernaut+1","Barricade+1","Shrug It Off+1","Shrug It Off+1"],"special_seed":0,"relics":["Burning Blood","HandDrill","Oddly Smooth Stone","Frozen Egg 2","PreservedInsect","Odd Mushroom","Velvet Choker","Smiling Mask","The Courier","Boot","Coffee Dripper","Medical Kit","Incense Burner","Dodecahedron","Ornamental Fan","Mummified Hand","CultistMask"],"potions_floor_usage":[40,48,50],"damage_taken":[{"damage":4.0,"enemies":"Small Slimes","floor":1.0,"turns":4.0},{"damage":6.0,"enemies":"Cultist","floor":2.0,"turns":4.0},{"damage":0.0,"enemies":"2 Louse","floor":4.0,"turns":4.0},{"damage":48.0,"enemies":"Lagavulin","floor":6.0,"turns":13.0},{"damage":17.0,"enemies":"3 Sentries","floor":8.0,"turns":14.0},{"damage":3.0,"enemies":"Exordium Wildlife","floor":10.0,"turns":9.0},{"damage":16.0,"enemies":"The Mushroom Lair","floor":13.0,"turns":8.0},{"damage":0.0,"enemies":"Looter","floor":14.0,"turns":4.0},{"damage":15.0,"enemies":"Hexaghost","floor":16.0,"turns":10.0},{"damage":0.0,"enemies":"Shell Parasite","floor":18.0,"turns":10.0},{"damage":3.0,"enemies":"Spheric Guardian","floor":19.0,"turns":8.0},{"damage":8.0,"enemies":"Shelled Parasite and Fungi","floor":20.0,"turns":9.0},{"damage":5.0,"enemies":"Snake Plant","floor":21.0,"turns":7.0},{"damage":12.0,"enemies":"Slavers","floor":24.0,"turns":9.0},{"damage":60.0,"enemies":"Gremlin Leader","floor":27.0,"turns":14.0},{"damage":7.0,"enemies":"Centurion and Healer","floor":28.0,"turns":7.0},{"damage":1.0,"enemies":"Shelled Parasite and Fungi","floor":29.0,"turns":6.0},{"damage":0.0,"enemies":"3 Cultists","floor":30.0,"turns":5.0},{"damage":8.0,"enemies":"Centurion and Healer","floor":31.0,"turns":8.0},{"damage":40.0,"enemies":"Collector","floor":33.0,"turns":15.0},{"damage":6.0,"enemies":"Orb Walker","floor":35.0,"turns":4.0},{"damage":7,"enemies":"3 Darklings","floor":39,"turns":7},{"damage":13,"enemies":"Reptomancer","floor":40,"turns":9},{"damage":0,"enemies":"Maw","floor":41,"turns":9},{"damage":10,"enemies":"Nemesis","floor":42,"turns":9},{"damage":0,"enemies":"Writhing Mass","floor":45,"turns":5},{"damage":0,"enemies":"4 Shapes","floor":48,"turns":6},{"damage":12,"enemies":"Awakened One","floor":50,"turns":19}],"seed_played":"-2146511418545254385","potions_obtained":[{"floor":2.0,"key":"GamblersBrew"},{"floor":8.0,"key":"FearPotion"},{"floor":10.0,"key":"PowerPotion"},{"floor":16.0,"key":"EssenceOfSteel"},{"floor":18.0,"key":"Dexterity Potion"},{"floor":20.0,"key":"Swift Potion"},{"floor":30.0,"key":"BloodPotion"},{"floor":31.0,"key":"Swift Potion"},{"floor":33.0,"key":"PowerPotion"},{"floor":39,"key":"Weak Potion"},{"floor":41,"key":"Explosive Potion"},{"floor":45,"key":"PowerPotion"}],"is_trial":false,"path_per_floor":["M","M","$","M","?","E","R","E","T","M","R","$","?","M","R","B",null,"M","M","M","M","?","R","E","R","T","E","M","M","M","M","R","B",null,"M","?","$","?","M","E","M","E","T","R","M","R","?","M","R","B",null],"character_chosen":"IRONCLAD","items_purchased":["HandDrill","Medical Kit","Incense Burner"],"campfire_rested":2,"item_purchase_floors":[3,37,37],"current_hp_per_floor":[80,80,80,80,80,38,62,51,51,54,54,54,44,50,50,41,80,80,80,78,79,64,64,58,83,83,29,28,33,39,37,37,24,85,85,85,85,85,84,77,83,79,79,79,85,85,85,85,85,79],"gold":236,"neow_bonus":"HUNDRED_GOLD","is_prod":false,"is_daily":false,"chose_seed":false,"campfire_upgraded":7,"win_rate":0,"timestamp":1567649979,"path_taken":["M","M","$","M","?","E","R","E","T","M","R","?","?","M","R","BOSS","M","M","M","M","?","R","E","R","T","E","M","M","M","M","R","BOSS","M","?","$","?","?","E","M","E","T","R","M","R","?","M","R","BOSS"],"build_version":"2019-07-17","purchased_purges":1,"victory":true,"max_hp_per_floor":[80,80,80,80,80,80,80,80,80,80,80,80,80,80,80,80,80,80,80,80,80,85,85,85,85,85,85,85,85,85,85,85,85,85,85,85,85,85,85,85,85,85,85,85,85,85,85,85,85,85],"card_choices":[{"not_picked":["Twin Strike","Thunderclap"],"picked":"Iron Wave","floor":1.0},{"not_picked":["Pommel Strike","True Grit"],"picked":"Metallicize","floor":2.0},{"not_picked":["Perfected Strike","Blood for Blood"],"picked":"Metallicize","floor":4.0},{"not_picked":["Clash","Flex"],"picked":"Flame Barrier","floor":6.0},{"not_picked":["Searing Blow","Body Slam"],"picked":"Metallicize","floor":8.0},{"not_picked":["Entrench","True Grit"],"picked":"Iron Wave","floor":10.0},{"not_picked":["Immolate","Flame Barrier"],"picked":"Battle Trance","floor":13.0},{"not_picked":["Heavy Blade","Carnage","Sentinel"],"picked":"SKIP","floor":14.0},{"not_picked":["Bludgeon","Dark Embrace+1"],"picked":"Limit Break","floor":16.0},{"not_picked":["Fire Breathing+1","Sever Soul","Corruption+1"],"picked":"SKIP","floor":18.0},{"not_picked":["Shockwave","Havoc","Anger"],"picked":"SKIP","floor":19.0},{"not_picked":["Perfected Strike+1","Heavy Blade+1","Combust+1"],"picked":"SKIP","floor":20.0},{"not_picked":["Combust+1","Wild Strike","Sword Boomerang"],"picked":"SKIP","floor":21.0},{"not_picked":["Headbutt","Rupture+1","Second Wind+1"],"picked":"SKIP","floor":24.0},{"not_picked":["Warcry+1","Berserk+1"],"picked":"Juggernaut+1","floor":27.0},{"not_picked":["Sentinel+1","Pommel Strike","Havoc"],"picked":"SKIP","floor":28.0},{"not_picked":["Rupture+1","Whirlwind+1","Seeing Red"],"picked":"SKIP","floor":29.0},{"not_picked":["Headbutt","Uppercut","Anger"],"picked":"SKIP","floor":30.0},{"not_picked":["Clothesline","Twin Strike","Anger"],"picked":"SKIP","floor":31.0},{"not_picked":["Dark Embrace+1","Juggernaut+1"],"picked":"Barricade+1","floor":33.0},{"not_picked":["Rupture+1","Iron Wave+1"],"picked":"Shrug It Off+1","floor":35.0},{"not_picked":["Warcry+1","Corruption+1","Havoc+1"],"picked":"SKIP","floor":39},{"not_picked":["Shockwave+1","Seeing Red","Second Wind+1"],"picked":"SKIP","floor":40},{"not_picked":["Twin Strike","Sever Soul","Ghostly Armor"],"picked":"SKIP","floor":41},{"not_picked":["Pummel","Cleave","Anger"],"picked":"SKIP","floor":42},{"not_picked":["Cleave","Perfected Strike+1","Armaments"],"picked":"SKIP","floor":45},{"not_picked":["Evolve+1","Brutality+1","Warcry"],"picked":"SKIP","floor":48}],"player_experience":252661,"relics_obtained":[{"floor":6.0,"key":"Oddly Smooth Stone"},{"floor":8.0,"key":"Frozen Egg 2"},{"floor":9.0,"key":"PreservedInsect"},{"floor":13.0,"key":"Odd Mushroom"},{"floor":24.0,"key":"Smiling Mask"},{"floor":26.0,"key":"The Courier"},{"floor":27.0,"key":"Boot"},{"floor":40,"key":"Dodecahedron"},{"floor":42,"key":"Ornamental Fan"},{"floor":43,"key":"Mummified Hand"}],"event_choices":[{"cards_removed":["Strike_R"],"damage_healed":0.0,"max_hp_gain":0.0,"max_hp_loss":0.0,"gold_gain":0.0,"event_name":"Bonfire Elementals","player_choice":"Offered Basic","floor":5.0,"gold_loss":0.0,"damage_taken":0.0},{"damage_healed":0.0,"max_hp_gain":0.0,"max_hp_loss":0.0,"gold_gain":0.0,"event_name":"Mushrooms","player_choice":"Fought Mushrooms","floor":13.0,"gold_loss":0.0,"damage_taken":0.0},{"damage_healed":0.0,"max_hp_gain":5.0,"max_hp_loss":0.0,"gold_gain":0.0,"event_name":"Forgotten Altar","player_choice":"Shed Blood","floor":22.0,"gold_loss":0.0,"damage_taken":20.0},{"damage_healed":0,"gold_gain":0,"player_choice":"Ignored","damage_taken":0,"max_hp_gain":0,"max_hp_loss":0,"event_name":"Mysterious Sphere","floor":36,"gold_loss":0},{"damage_healed":0,"gold_gain":0,"player_choice":"Copied","damage_taken":0,"max_hp_gain":0,"max_hp_loss":0,"event_name":"Duplicator","floor":38,"gold_loss":0,"cards_obtained":["Shrug It Off"]},{"damage_healed":0,"gold_gain":0,"player_choice":"Trade","damage_taken":0,"relics_obtained":["CultistMask"],"max_hp_gain":0,"max_hp_loss":0,"event_name":"FaceTrader","floor":47,"gold_loss":0}],"is_beta":false,"boss_relics":[{"not_picked":["Lizard Tail","White Beast Statue"],"picked":"Velvet Choker"},{"not_picked":["Runic Dome","Eternal Feather"],"picked":"Coffee Dripper"}],"items_purged_floors":[12],"is_endless":false,"potions_floor_spawned":[2,8,10,16,18,20,30,31,33,39,41,45],"ascension_level":4}