{"gold_per_floor":[117,117,117,18,42,77,77,96,147,187,208,239,239,274,274,404,404,425,443,443,464,480,520,551,551],"floor_reached":25,"playtime":1693,"items_purged":[],"score":304,"play_id":"5d58f245-d066-4bed-afe5-45d91726bdbb","local_time":"20191017091505","is_ascension_mode":true,"campfire_choices":[{"data":"Dualcast","floor":7,"key":"SMITH"},{"data":"Zap","floor":15,"key":"SMITH"}],"neow_cost":"NONE","seed_source_timestamp":2712403101400699,"circlet_count":0,"master_deck":["Strike_B","Strike_B","Strike_B","Strike_B","Defend_B","Defend_B","Defend_B","Defend_B","Zap+1","Dualcast+1","Glacier","Coolheaded","Hologram","Barrage","Core Surge","Gash","Darkness","Steam","Reboot","Parasite","Defragment","Multi-Cast","Go for the Eyes","Defragment","All For One","Turbo+1","Loop","FTL"],"relics":["Philosopher\u0027s Stone","Strawberry","Golden Idol","Question Card","Boot","DataDisk","Singing Bowl","Pear","Nuclear Battery","Pen Nib","Red Mask"],"potions_floor_usage":[10,10,12,23,23,24],"damage_taken":[{"damage":3,"enemies":"Jaw Worm","floor":1,"turns":4},{"damage":11,"enemies":"2 Louse","floor":5,"turns":4},{"damage":8,"enemies":"3 Sentries","floor":6,"turns":11},{"damage":2,"enemies":"Cultist","floor":8,"turns":3},{"damage":19,"enemies":"Lagavulin","floor":10,"turns":6},{"damage":0,"enemies":"Blue Slaver","floor":11,"turns":4},{"damage":20,"enemies":"Gremlin Nob","floor":12,"turns":4},{"damage":2,"enemies":"Lagavulin","floor":14,"turns":5},{"damage":27,"enemies":"Slime Boss","floor":16,"turns":10},{"damage":21,"enemies":"3 Byrds","floor":18,"turns":4},{"damage":17,"enemies":"Spheric Guardian","floor":19,"turns":5},{"damage":9,"enemies":"Snake Plant","floor":21,"turns":5},{"damage":19,"enemies":"Chosen and Byrds","floor":22,"turns":6},{"damage":0,"enemies":"Book of Stabbing","floor":23,"turns":6},{"damage":11,"enemies":"Masked Bandits","floor":24,"turns":4},{"damage":12,"enemies":"Centurion and Healer","floor":25,"turns":1}],"seed_played":"4157740548598019782","potions_obtained":[{"floor":1,"key":"Swift Potion"},{"floor":8,"key":"DuplicationPotion"},{"floor":10,"key":"SteroidPotion"},{"floor":14,"key":"DuplicationPotion"},{"floor":19,"key":"Fire Potion"},{"floor":22,"key":"SpeedPotion"},{"floor":23,"key":"Swift Potion"}],"is_trial":false,"path_per_floor":["M","?","?","$","M","E","R","M","T","E","M","E","?","E","R","B",null,"M","M","?","M","M","E","?","M"],"character_chosen":"DEFECT","items_purchased":["Coolheaded","Hologram"],"campfire_rested":0,"item_purchase_floors":[4,4],"current_hp_per_floor":[72,72,72,72,61,53,53,51,51,32,32,12,31,39,39,12,86,65,48,48,39,20,20,9,0],"gold":551,"neow_bonus":"BOSS_RELIC","is_prod":false,"is_daily":false,"chose_seed":false,"campfire_upgraded":2,"win_rate":0,"timestamp":1571300105,"path_taken":["M","?","?","?","M","E","R","M","T","E","M","E","?","E","R","BOSS","M","M","?","M","M","E","?","M"],"build_version":"2019-09-09v2","purchased_purges":0,"victory":false,"max_hp_per_floor":[75,82,76,76,76,76,76,76,76,76,76,76,76,86,86,86,86,86,86,86,86,86,86,86,86],"card_choices":[{"not_picked":["Rip and Tear","Rebound"],"picked":"Glacier","floor":1},{"not_picked":["Stack","Tempest"],"picked":"Barrage","floor":5},{"not_picked":["Stack","BootSequence"],"picked":"Core Surge","floor":6},{"not_picked":["Compile Driver","Darkness","Stack"],"picked":"Gash","floor":8},{"not_picked":["Chaos","Auto Shields","Hologram"],"picked":"Darkness","floor":10},{"not_picked":["Turbo","Coolheaded","Redo"],"picked":"Steam","floor":11},{"not_picked":["Aggregate","Rip and Tear","Consume"],"picked":"Reboot","floor":12},{"not_picked":["Streamline","Rip and Tear","Redo"],"picked":"Defragment","floor":14},{"not_picked":["Thunder Strike","Biased Cognition","Hyperbeam"],"picked":"Multi-Cast","floor":16},{"not_picked":["BootSequence+1","Sunder","White Noise"],"picked":"Go for the Eyes","floor":18},{"not_picked":["Barrage+1","Rebound","Stack"],"picked":"Defragment","floor":19},{"not_picked":["Barrage","Coolheaded+1","Leap"],"picked":"All For One","floor":21},{"not_picked":["Rip and Tear+1","Coolheaded","Recycle+1"],"picked":"Turbo+1","floor":22},{"not_picked":["Heatsinks","Genetic Algorithm","Stack+1"],"picked":"Loop","floor":23},{"not_picked":["Ball Lightning","Heatsinks","Storm"],"picked":"FTL","floor":24}],"player_experience":242045,"relics_obtained":[{"floor":6,"key":"Question Card"},{"floor":9,"key":"Boot"},{"floor":10,"key":"DataDisk"},{"floor":12,"key":"Singing Bowl"},{"floor":14,"key":"Pear"},{"floor":23,"key":"Pen Nib"},{"floor":24,"key":"Red Mask"}],"event_choices":[{"damage_healed":0,"gold_gain":0,"player_choice":"Success","damage_taken":7,"relics_obtained":["Strawberry"],"max_hp_gain":0,"max_hp_loss":0,"event_name":"Scrap Ooze","floor":2,"gold_loss":0},{"damage_healed":0,"gold_gain":0,"player_choice":"Lose Max HP","damage_taken":0,"relics_obtained":["Golden Idol"],"max_hp_gain":0,"max_hp_loss":6,"event_name":"Golden Idol","floor":3,"gold_loss":0},{"damage_healed":19,"gold_gain":0,"player_choice":"Healed and dodged fight","damage_taken":0,"max_hp_gain":0,"max_hp_loss":0,"event_name":"Mushrooms","floor":13,"gold_loss":0,"cards_obtained":["Parasite"]},{"damage_healed":0,"gold_gain":0,"player_choice":"Ignored","damage_taken":0,"max_hp_gain":0,"max_hp_loss":0,"event_name":"Vampires","floor":20,"gold_loss":0},{"damage_healed":0,"gold_gain":0,"player_choice":"Fought Bandits","damage_taken":0,"max_hp_gain":0,"max_hp_loss":0,"event_name":"Masked Bandits","floor":24,"gold_loss":0}],"is_beta":true,"boss_relics":[{"not_picked":["SlaversCollar","Coffee Dripper"],"picked":"Nuclear Battery"}],"items_purged_floors":[],"is_endless":false,"potions_floor_spawned":[1,8,10,14,19,22,23],"killed_by":"Centurion and Healer","ascension_level":2}