{"gold_per_floor":[113,113,131,56,56,95,95,109,109,109,133,158,177,77,77,77],"floor_reached":16,"playtime":587,"items_purged":["Strike_R","Strike_R"],"score":117,"play_id":"53cb12f5-e415-40d9-a771-69ca0d24429e","local_time":"20190914003436","is_ascension_mode":true,"campfire_choices":[{"data":"Clash","floor":7,"key":"SMITH"},{"data":"Bludgeon","floor":10,"key":"SMITH"},{"data":"Wild Strike","floor":15,"key":"SMITH"}],"neow_cost":"NONE","seed_source_timestamp":132735709514099,"circlet_count":0,"master_deck":["Strike_R","Strike_R","Strike_R+1","Defend_R","Defend_R","Defend_R+1","Defend_R","Bash+1","Headbutt","Clash+1","Bludgeon+1","Armaments","Wild Strike+1","Clash","Clash"],"relics":["Burning Blood","Golden Idol","Self Forming Clay","Dream Catcher"],"potions_floor_usage":[11],"damage_taken":[{"damage":0,"enemies":"Small Slimes","floor":1,"turns":3},{"damage":1,"enemies":"2 Louse","floor":3,"turns":2},{"damage":32,"enemies":"3 Sentries","floor":6,"turns":10},{"damage":2,"enemies":"Jaw Worm","floor":8,"turns":2},{"damage":0,"enemies":"Blue Slaver","floor":11,"turns":1},{"damage":11,"enemies":"Looter","floor":12,"turns":2},{"damage":0,"enemies":"Exordium Thugs","floor":13,"turns":2},{"damage":25,"enemies":"Slime Boss","floor":16,"turns":5}],"seed_played":"-3172126328579765835","potions_obtained":[{"floor":3,"key":"LiquidBronze"},{"floor":6,"key":"AttackPotion"},{"floor":11,"key":"FearPotion"}],"is_trial":false,"path_per_floor":["M","?","M","$","?","E","R","M","T","R","M","M","M","$","R","B"],"character_chosen":"IRONCLAD","items_purchased":[],"campfire_rested":0,"item_purchase_floors":[],"current_hp_per_floor":[80,60,65,65,49,23,23,27,27,27,33,28,34,34,34,9],"gold":77,"neow_bonus":"UPGRADE_CARD","is_prod":false,"is_daily":false,"chose_seed":false,"campfire_upgraded":3,"win_rate":0,"timestamp":1568414076,"path_taken":["M","?","M","$","?","E","R","M","T","R","M","M","M","$","R","BOSS"],"build_version":"2019-07-17","purchased_purges":2,"victory":false,"max_hp_per_floor":[80,80,80,80,80,80,80,80,80,80,80,80,80,80,80,80],"card_choices":[{"not_picked":["Cleave","Searing Blow"],"picked":"Headbutt","floor":1},{"not_picked":["Fire Breathing","Pummel"],"picked":"Clash","floor":3},{"not_picked":["Anger","Burning Pact"],"picked":"Bludgeon","floor":6},{"not_picked":["Thunderclap","Flex"],"picked":"Armaments","floor":8},{"not_picked":["Rupture","Perfected Strike"],"picked":"Wild Strike","floor":11},{"not_picked":["Armaments","Thunderclap"],"picked":"Clash","floor":12},{"not_picked":["Clothesline","Dropkick"],"picked":"Clash","floor":13}],"player_experience":109168,"relics_obtained":[{"floor":6,"key":"Self Forming Clay"},{"floor":9,"key":"Dream Catcher"}],"event_choices":[{"damage_healed":0,"gold_gain":0,"player_choice":"Take Damage","damage_taken":20,"relics_obtained":["Golden Idol"],"max_hp_gain":0,"max_hp_loss":0,"event_name":"Golden Idol","floor":2,"gold_loss":0},{"damage_healed":0,"gold_gain":0,"player_choice":"Entered Light","damage_taken":16,"max_hp_gain":0,"max_hp_loss":0,"event_name":"Shining Light","floor":5,"gold_loss":0,"cards_upgraded":["Strike_R","Defend_R"]}],"is_beta":false,"boss_relics":[],"items_purged_floors":[4,14],"is_endless":false,"potions_floor_spawned":[3,6,11],"killed_by":"Slime Boss","ascension_level":3}