{"gold_per_floor":[116,116,44,60,75,75,110,110,110,110,11,21,37,51,51,149,149,161,161,194,469,485,485,485],"floor_reached":24,"playtime":1189,"items_purged":[],"score":216,"play_id":"fe6fda14-563a-4021-8da3-d34000027d10","local_time":"20191015163536","is_ascension_mode":true,"campfire_choices":[{"data":"Battle Trance","floor":6,"key":"SMITH"},{"data":"Iron Wave","floor":15,"key":"SMITH"},{"floor":23,"key":"REST"}],"neow_cost":"NONE","seed_source_timestamp":2566538712053920,"circlet_count":0,"master_deck":["Strike_R","Strike_R","Strike_R","Strike_R","Defend_R","Defend_R","Defend_R","Bash","Iron Wave+1","Metallicize","Ghostly Armor","Battle Trance+1","Feel No Pain","Shrug It Off","Warcry","Pommel Strike","Thunderclap","Spot Weakness","Feed","Combust+1","Shrug It Off","Regret","Flex"],"relics":["Runic Cube","Ginger","White Beast Statue","Runic Pyramid","Enchiridion","Red Mask"],"potions_floor_usage":[7,7,14,16,16,22,24,24],"damage_taken":[{"damage":0,"enemies":"Small Slimes","floor":1,"turns":4},{"damage":2,"enemies":"Cultist","floor":4,"turns":4},{"damage":0,"enemies":"Jaw Worm","floor":5,"turns":6},{"damage":23,"enemies":"Lagavulin","floor":7,"turns":9},{"damage":7,"enemies":"Large Slime","floor":12,"turns":11},{"damage":16,"enemies":"Exordium Wildlife","floor":13,"turns":10},{"damage":0,"enemies":"2 Fungi Beasts","floor":14,"turns":3},{"damage":21,"enemies":"Slime Boss","floor":16,"turns":10},{"damage":24,"enemies":"Chosen","floor":18,"turns":6},{"damage":22,"enemies":"Masked Bandits","floor":20,"turns":4},{"damage":23,"enemies":"Spheric Guardian","floor":22,"turns":5},{"damage":30,"enemies":"Centurion and Healer","floor":24,"turns":3}],"seed_played":"3934959300355118608","potions_obtained":[{"floor":4,"key":"Weak Potion"},{"floor":5,"key":"Strength Potion"},{"floor":12,"key":"SkillPotion"},{"floor":13,"key":"Explosive Potion"},{"floor":14,"key":"Weak Potion"},{"floor":16,"key":"Poison Potion"},{"floor":18,"key":"AttackPotion"},{"floor":20,"key":"DuplicationPotion"},{"floor":22,"key":"AttackPotion"}],"is_trial":false,"path_per_floor":["M","?","$","M","M","R","E","?","T","?","$","M","M","M","R","B",null,"M","?","?","?","M","R","M"],"character_chosen":"IRONCLAD","items_purchased":["Metallicize","Shrug It Off","Warcry"],"campfire_rested":1,"item_purchase_floors":[3,11,11],"current_hp_per_floor":[80,80,80,78,78,78,55,48,48,45,45,38,22,22,22,1,80,59,43,24,24,1,26,0],"gold":485,"neow_bonus":"BOSS_RELIC","is_prod":false,"is_daily":false,"chose_seed":false,"campfire_upgraded":2,"win_rate":0,"timestamp":1571153736,"path_taken":["M","?","$","?","M","R","E","?","T","?","$","M","M","M","R","BOSS","M","?","?","?","M","R","?"],"build_version":"2019-09-09v2","purchased_purges":0,"victory":false,"max_hp_per_floor":[80,80,80,80,80,80,80,80,80,80,80,80,80,80,80,80,80,83,83,86,86,86,86,89],"card_choices":[{"not_picked":["Heavy Blade","Clash"],"picked":"Iron Wave","floor":1},{"not_picked":["Iron Wave","Heavy Blade"],"picked":"Ghostly Armor","floor":4},{"not_picked":["Heavy Blade","Clash"],"picked":"Battle Trance","floor":5},{"not_picked":["Double Tap","Rage"],"picked":"Feel No Pain","floor":7},{"not_picked":["Anger","Twin Strike"],"picked":"Pommel Strike","floor":12},{"not_picked":["Clothesline","Rampage"],"picked":"Thunderclap","floor":13},{"not_picked":["Clash","Armaments"],"picked":"Spot Weakness","floor":14},{"not_picked":["Immolate","Bludgeon"],"picked":"Feed","floor":16},{"not_picked":["Sword Boomerang","Dropkick"],"picked":"Combust+1","floor":18},{"not_picked":["Body Slam","Thunderclap"],"picked":"Shrug It Off","floor":20},{"not_picked":["Clothesline","Rampage"],"picked":"Flex","floor":22}],"player_experience":217861,"relics_obtained":[{"floor":7,"key":"Ginger"},{"floor":19,"key":"Enchiridion"},{"floor":20,"key":"Red Mask"}],"event_choices":[{"cards_removed":["Strike_R"],"damage_healed":0,"gold_gain":0,"player_choice":"Offered Basic","damage_taken":0,"max_hp_gain":0,"max_hp_loss":0,"event_name":"Bonfire Elementals","floor":2,"gold_loss":0},{"cards_removed":["Defend_R"],"damage_healed":0,"gold_gain":0,"player_choice":"Card Removal","damage_taken":7,"max_hp_gain":0,"max_hp_loss":0,"event_name":"Golden Wing","floor":8,"gold_loss":0},{"damage_healed":0,"gold_gain":0,"player_choice":"Success","damage_taken":3,"relics_obtained":["White Beast Statue"],"max_hp_gain":0,"max_hp_loss":0,"event_name":"Scrap Ooze","floor":10,"gold_loss":0},{"damage_healed":0,"gold_gain":0,"player_choice":"Obtained Book","damage_taken":16,"max_hp_gain":0,"max_hp_loss":0,"event_name":"Cursed Tome","floor":19,"gold_loss":0},{"damage_healed":0,"gold_gain":0,"player_choice":"Fought Bandits","damage_taken":0,"max_hp_gain":0,"max_hp_loss":0,"event_name":"Masked Bandits","floor":20,"gold_loss":0},{"damage_healed":0,"gold_gain":275,"player_choice":"Desecrate","damage_taken":0,"max_hp_gain":0,"max_hp_loss":0,"event_name":"Golden Shrine","floor":21,"gold_loss":0,"cards_obtained":["Regret"]}],"is_beta":true,"boss_relics":[{"not_picked":["Runic Dome","SlaversCollar"],"picked":"Runic Pyramid"}],"items_purged_floors":[],"is_endless":false,"potions_floor_spawned":[4,5,12,13,14,16,18,20,22],"killed_by":"Centurion and Healer","ascension_level":2}