{"gold_per_floor":[111,111,131,149,162,162,36,70,122,122,138,138,138,151,151,256,256,271,19,34,133,133,133,133,133],"floor_reached":25,"playtime":1239,"items_purged":["Defend_B"],"score":389,"play_id":"3847a624-60e6-4083-a3b6-e39e918910f5","local_time":"20191019040111","is_ascension_mode":true,"campfire_choices":[{"floor":6,"key":"REST"},{"floor":10,"key":"REST"},{"data":"Fission","floor":15,"key":"SMITH"},{"data":"Darkness","floor":23,"key":"SMITH"}],"neow_cost":"PERCENT_DAMAGE","seed_source_timestamp":703252653110600,"circlet_count":0,"master_deck":["AscendersBane","Defend_B","Defend_B+1","Defend_B","Zap","Dualcast","Ball Lightning","Darkness+1","Leap+1","Loop","Coolheaded","Fission+1","Leap","Go for the Eyes","Amplify","Compile Driver","Self Repair+1","Magnetism+1","Self Repair+1"],"relics":["Cracked Core","Nunchaku","Frozen Egg 2","Blood Vial","War Paint","Empty Cage"],"potions_floor_usage":[8,16,16,25],"damage_taken":[{"damage":6,"enemies":"Jaw Worm","floor":1,"turns":4},{"damage":1,"enemies":"Cultist","floor":3,"turns":3},{"damage":0,"enemies":"2 Louse","floor":4,"turns":2},{"damage":8,"enemies":"Large Slime","floor":5,"turns":3},{"damage":32,"enemies":"Gremlin Nob","floor":8,"turns":4},{"damage":28,"enemies":"Lots of Slimes","floor":11,"turns":4},{"damage":0,"enemies":"Looter","floor":14,"turns":3},{"damage":0,"enemies":"The Guardian","floor":16,"turns":11},{"damage":17,"enemies":"3 Byrds","floor":18,"turns":7},{"damage":29,"enemies":"Chosen","floor":20,"turns":8},{"damage":28,"enemies":"Gremlin Leader","floor":25,"turns":1}],"seed_played":"8701215231812146235","potions_obtained":[{"floor":4,"key":"Weak Potion"},{"floor":8,"key":"Strength Potion"},{"floor":14,"key":"Strength Potion"},{"floor":20,"key":"AttackPotion"}],"is_trial":false,"path_per_floor":["M","?","M","M","M","R","$","E","T","R","M","?","?","M","R","B",null,"M","$","M","?","?","R","?","E"],"character_chosen":"DEFECT","items_purchased":["Coolheaded","Self Repair+1","Magnetism+1"],"campfire_rested":2,"item_purchase_floors":[7,19,19],"current_hp_per_floor":[44,44,43,43,35,57,57,25,25,47,21,18,18,20,20,22,62,47,47,40,40,40,40,26,0],"gold":133,"neow_bonus":"ONE_RARE_RELIC","is_prod":false,"is_daily":false,"chose_seed":false,"campfire_upgraded":2,"win_rate":0,"timestamp":1571450471,"path_taken":["M","?","M","M","M","R","?","E","T","R","M","?","?","M","R","BOSS","M","$","?","?","?","R","?","E"],"build_version":"2019-07-17","purchased_purges":1,"victory":false,"max_hp_per_floor":[75,75,75,75,75,75,75,75,75,75,75,75,75,75,75,75,75,75,75,75,75,75,75,80,80],"card_choices":[{"not_picked":["Steam","Sweeping Beam"],"picked":"Ball Lightning","floor":1},{"not_picked":["Gash","Barrage"],"picked":"Darkness","floor":3},{"not_picked":["Hologram","Streamline"],"picked":"Leap","floor":4},{"not_picked":["Sweeping Beam","Beam Cell"],"picked":"Loop","floor":5},{"not_picked":["Consume","Static Discharge"],"picked":"Fission","floor":8},{"not_picked":["Heatsinks+1","Gash"],"picked":"Leap","floor":11},{"not_picked":["Steam","Conserve Battery"],"picked":"Go for the Eyes","floor":14},{"not_picked":["Core Surge","Hyperbeam"],"picked":"Amplify","floor":16},{"not_picked":["Hologram","Leap"],"picked":"Compile Driver","floor":18},{"not_picked":["Rebound","Undo+1"],"picked":"Self Repair+1","floor":20}],"player_experience":401557,"relics_obtained":[{"floor":8,"key":"Frozen Egg 2"},{"floor":9,"key":"Blood Vial"}],"event_choices":[{"cards_removed":["Strike_B"],"damage_healed":0,"gold_gain":0,"player_choice":"Offered Basic","damage_taken":0,"max_hp_gain":0,"max_hp_loss":0,"event_name":"Bonfire Elementals","floor":2,"gold_loss":0},{"damage_healed":0,"gold_gain":0,"player_choice":"Success","damage_taken":3,"relics_obtained":["War Paint"],"max_hp_gain":0,"max_hp_loss":0,"event_name":"Scrap Ooze","floor":12,"gold_loss":0},{"cards_removed":["Strike_B"],"damage_healed":0,"gold_gain":0,"player_choice":"Card Removal","damage_taken":0,"max_hp_gain":0,"max_hp_loss":0,"event_name":"Wheel of Change","floor":13,"gold_loss":0},{"damage_healed":0,"gold_gain":99,"player_choice":"Stole From Cult","damage_taken":0,"max_hp_gain":0,"max_hp_loss":0,"event_name":"Nest","floor":21,"gold_loss":0},{"damage_healed":0,"gold_gain":0,"player_choice":"Ignored","damage_taken":0,"max_hp_gain":0,"max_hp_loss":0,"event_name":"Ghosts","floor":22,"gold_loss":0},{"damage_healed":0,"gold_gain":0,"player_choice":"Shed Blood","damage_taken":19,"max_hp_gain":5,"max_hp_loss":0,"event_name":"Forgotten Altar","floor":24,"gold_loss":0}],"is_beta":false,"boss_relics":[{"not_picked":["Velvet Choker","White Beast Statue"],"picked":"Empty Cage"}],"items_purged_floors":[7],"is_endless":false,"potions_floor_spawned":[4,8,14,20],"killed_by":"Gremlin Leader","ascension_level":11}