{"gold_per_floor":[110,260,272,547,72,100,100,135,135,135],"floor_reached":10,"playtime":275,"items_purged":[],"score":148,"play_id":"031d9b46-7111-4ce2-b9cd-fa81c8b6563f","local_time":"20191016100620","is_ascension_mode":true,"campfire_choices":[{"floor":7,"key":"REST"}],"neow_cost":"CURSE","seed_source_timestamp":135380826349500,"circlet_count":0,"master_deck":["AscendersBane","Strike_R","Strike_R","Strike_R","Strike_R","Strike_R","Defend_R","Defend_R","Defend_R","Defend_R","Bash","Normality","Perfected Strike","Doubt","Shrug It Off","Regret","True Grit","Carnage"],"relics":["Burning Blood","Bird Faced Urn","Du-Vu Doll","Dodecahedron","Kunai","Singing Bowl"],"potions_floor_usage":[6,8],"damage_taken":[{"damage":46,"enemies":"Jaw Worm","floor":1,"turns":6},{"damage":1,"enemies":"Cultist","floor":3,"turns":3},{"damage":38,"enemies":"3 Sentries","floor":6,"turns":9},{"damage":35,"enemies":"Lagavulin","floor":8,"turns":5},{"damage":32,"enemies":"Gremlin Nob","floor":10,"turns":3}],"seed_played":"-4542816832018258303","potions_obtained":[{"floor":1,"key":"Strength Potion"}],"is_trial":false,"path_per_floor":["M","?","M","?","$","E","R","E","T","E"],"character_chosen":"IRONCLAD","items_purchased":["Du-Vu Doll","True Grit","Regen Potion"],"campfire_rested":1,"item_purchase_floors":[5,5,5],"current_hp_per_floor":[28,28,33,33,33,16,38,9,9,0],"gold":135,"neow_bonus":"ONE_RARE_RELIC","is_prod":false,"is_daily":false,"chose_seed":false,"campfire_upgraded":0,"win_rate":0,"timestamp":1571245580,"path_taken":["M","?","M","?","$","E","R","E","T","E"],"build_version":"2019-10-15","purchased_purges":0,"victory":false,"max_hp_per_floor":[75,75,75,75,75,75,75,75,75,75],"card_choices":[{"not_picked":["True Grit","Cleave"],"picked":"Perfected Strike","floor":1},{"not_picked":["Twin Strike","Body Slam"],"picked":"Shrug It Off","floor":3},{"not_picked":["Rupture","Rampage","Combust"],"picked":"SKIP","floor":6},{"not_picked":["Wild Strike","Dropkick"],"picked":"Carnage","floor":8}],"player_experience":1587618,"relics_obtained":[{"floor":6,"key":"Dodecahedron"},{"floor":8,"key":"Kunai"},{"floor":9,"key":"Singing Bowl"}],"event_choices":[{"damage_healed":0,"gold_gain":150,"player_choice":"AGREE","damage_taken":0,"max_hp_gain":0,"max_hp_loss":0,"event_name":"Liars Game","floor":2,"gold_loss":0,"cards_obtained":["Doubt"]},{"damage_healed":0,"gold_gain":275,"player_choice":"Desecrate","damage_taken":0,"max_hp_gain":0,"max_hp_loss":0,"event_name":"Golden Shrine","floor":4,"gold_loss":0,"cards_obtained":["Regret"]}],"is_beta":true,"boss_relics":[],"items_purged_floors":[],"is_endless":false,"potions_floor_spawned":[1],"killed_by":"Gremlin Nob","ascension_level":20}