{"gold_per_floor":[99,99,0,0,0,0,0,0,0,0,0],"floor_reached":11,"playtime":814,"items_purged":[],"score":85,"play_id":"873ec65a-d924-49a1-86d2-4a15f8e47966","local_time":"20191014060847","is_ascension_mode":true,"campfire_choices":[],"neow_cost":"NONE","seed_source_timestamp":2442907735821969,"circlet_count":0,"master_deck":["Strike_R","Strike_R","Strike_R","Strike_R","Strike_R","Defend_R","Defend_R","Defend_R","Defend_R","Bash","Corruption","Warcry","Havoc","Intimidate","Double Tap","Rage"],"relics":["Ectoplasm","Vajra","Shuriken"],"potions_floor_usage":[6,8,11],"damage_taken":[{"damage":0,"enemies":"2 Louse","floor":1,"turns":2},{"damage":4,"enemies":"Small Slimes","floor":2,"turns":3},{"damage":1,"enemies":"Cultist","floor":4,"turns":3},{"damage":29,"enemies":"3 Sentries","floor":6,"turns":8},{"damage":24,"enemies":"Lots of Slimes","floor":7,"turns":7},{"damage":4,"enemies":"Large Slime","floor":8,"turns":3},{"damage":15,"enemies":"Exordium Thugs","floor":10,"turns":4},{"damage":11,"enemies":"Gremlin Nob","floor":11,"turns":2}],"seed_played":"-7570635078657427212","potions_obtained":[{"floor":1,"key":"SpeedPotion"},{"floor":2,"key":"PowerPotion"},{"floor":10,"key":"PowerPotion"}],"is_trial":false,"path_per_floor":["M","M","$","M","?","E","M","M","T","M","E"],"character_chosen":"IRONCLAD","items_purchased":["Havoc","Swift Potion"],"campfire_rested":0,"item_purchase_floors":[3,3],"current_hp_per_floor":[80,76,76,75,75,46,22,18,18,3,0],"gold":0,"neow_bonus":"BOSS_RELIC","is_prod":false,"is_daily":false,"chose_seed":false,"campfire_upgraded":0,"win_rate":0,"timestamp":1571029727,"path_taken":["M","M","$","M","?","E","M","M","T","M","E"],"build_version":"2019-09-09v2","purchased_purges":0,"victory":false,"max_hp_per_floor":[80,80,80,80,80,80,80,80,80,80,80],"card_choices":[{"not_picked":["Power Through","Perfected Strike"],"picked":"Corruption","floor":1},{"not_picked":["Disarm","Metallicize"],"picked":"Warcry","floor":2},{"not_picked":["Body Slam","Heavy Blade"],"picked":"Intimidate","floor":4},{"not_picked":["Clash","Clothesline","Rampage"],"picked":"SKIP","floor":6},{"not_picked":["Power Through","Heavy Blade","Flex"],"picked":"SKIP","floor":7},{"not_picked":["Havoc","Carnage"],"picked":"Double Tap","floor":8},{"not_picked":["Uppercut","Anger"],"picked":"Rage","floor":10}],"player_experience":183501,"relics_obtained":[{"floor":6,"key":"Vajra"},{"floor":9,"key":"Shuriken"}],"event_choices":[{"damage_healed":0,"gold_gain":0,"player_choice":"Left Gold","damage_taken":0,"max_hp_gain":0,"max_hp_loss":0,"event_name":"World of Goop","floor":5,"gold_loss":0}],"is_beta":true,"boss_relics":[],"items_purged_floors":[],"is_endless":false,"potions_floor_spawned":[1,2,10],"killed_by":"Gremlin Nob","ascension_level":2}