{"gold_per_floor":[111,111,111,111,186,186,204,204,204,248,269,288,288,313,313,313],"floor_reached":16,"playtime":955,"items_purged":[],"score":125,"play_id":"f3733d43-d3bc-4690-8d90-dc17b7f6b74b","local_time":"20190619190354","is_ascension_mode":false,"campfire_choices":[{"floor":6,"key":"REST"},{"data":"Neutralize","floor":8,"key":"SMITH"},{"data":"Outmaneuver","floor":15,"key":"SMITH"}],"neow_cost":"NONE","seed_source_timestamp":609358690218077,"circlet_count":0,"master_deck":["Defend_G","Defend_G","Defend_G","Defend_G","Defend_G","Strike_G","Strike_G","Strike_G","Strike_G","Strike_G","Survivor","Neutralize+1","Acrobatics","Outmaneuver+1"],"relics":["Ring of the Snake","NeowsBlessing","Gremlin Horn","Golden Idol","Sundial","Bottled Lightning"],"potions_floor_usage":[16,16],"damage_taken":[{"damage":0,"enemies":"Jaw Worm","floor":1,"turns":1},{"damage":0,"enemies":"2 Louse","floor":7,"turns":1},{"damage":0,"enemies":"Gremlin Nob","floor":10,"turns":1},{"damage":0,"enemies":"Small Slimes","floor":11,"turns":3},{"damage":12,"enemies":"3 Louse","floor":12,"turns":7},{"damage":11,"enemies":"Lots of Slimes","floor":14,"turns":7},{"damage":64,"enemies":"The Guardian","floor":16,"turns":16}],"seed_played":"-8475688838522836205","potions_obtained":[{"floor":10,"key":"AttackPotion"},{"floor":12,"key":"Regen Potion"}],"is_trial":false,"path_per_floor":["M","?","?","?","?","R","M","R","T","E","M","M","?","M","R","B"],"character_chosen":"THE_SILENT","items_purchased":[],"campfire_rested":1,"item_purchase_floors":[],"current_hp_per_floor":[70,70,67,50,43,64,64,64,64,64,64,52,57,46,46,0],"gold":313,"neow_bonus":"THREE_ENEMY_KILL","is_prod":false,"is_daily":false,"chose_seed":false,"campfire_upgraded":2,"win_rate":0.0,"timestamp":1560996234,"path_taken":["M","?","?","?","?","R","?","R","T","E","?","M","?","M","R","BOSS"],"build_version":"2019-01-23","purchased_purges":0,"victory":false,"max_hp_per_floor":[70,70,70,70,70,70,70,70,70,70,70,70,75,75,75,75],"card_choices":[{"not_picked":["Quick Slash","Underhanded Strike","Dash"],"picked":"SKIP","floor":1},{"not_picked":["Dodge and Roll","Slice","Eviscerate"],"picked":"SKIP","floor":7},{"not_picked":["Underhanded Strike","Blade Dance","Bane"],"picked":"SKIP","floor":10},{"not_picked":["Dash","Dodge and Roll","Prepared"],"picked":"SKIP","floor":11},{"not_picked":["All Out Attack","Dodge and Roll"],"picked":"Acrobatics","floor":12},{"not_picked":["Deflect","Endless Agony"],"picked":"Outmaneuver","floor":14}],"player_experience":24722,"relics_obtained":[{"floor":9,"key":"Sundial"},{"floor":10,"key":"Bottled Lightning"}],"event_choices":[{"damage_healed":0,"gold_gain":0,"player_choice":"Ignored","damage_taken":0,"max_hp_gain":0,"max_hp_loss":0,"event_name":"Liars Game","floor":2,"gold_loss":0},{"damage_healed":0,"gold_gain":0,"player_choice":"Success","damage_taken":3,"relics_obtained":["Gremlin Horn"],"max_hp_gain":0,"max_hp_loss":0,"event_name":"Scrap Ooze","floor":3,"gold_loss":0},{"damage_healed":0,"gold_gain":0,"player_choice":"Take Damage","damage_taken":17,"relics_obtained":["Golden Idol"],"max_hp_gain":0,"max_hp_loss":0,"event_name":"Golden Idol","floor":4,"gold_loss":0},{"damage_healed":0,"gold_gain":75,"player_choice":"Touch","damage_taken":7,"max_hp_gain":0,"max_hp_loss":0,"event_name":"FaceTrader","floor":5,"gold_loss":0},{"damage_healed":0,"gold_gain":0,"player_choice":"Donut","damage_taken":0,"max_hp_gain":5,"max_hp_loss":0,"event_name":"Big Fish","floor":13,"gold_loss":0}],"is_beta":false,"boss_relics":[],"items_purged_floors":[],"is_endless":false,"potions_floor_spawned":[10,12],"killed_by":"The Guardian","ascension_level":0}