{"gold_per_floor":[11,27,27,27,102,102,116,116,116,116,128,146,146,157,157,234,234,246,259,259,270,270],"floor_reached":22,"playtime":926,"items_purged":[],"score":356,"play_id":"7fed6207-1b12-4208-97b4-64fc0ffaaf37","local_time":"20190926084521","is_ascension_mode":true,"campfire_choices":[{"data":"Clothesline","floor":6.0,"key":"SMITH"},{"data":"Pommel Strike","floor":8.0,"key":"SMITH"},{"data":"Defend_R","floor":10.0,"key":"SMITH"},{"data":"Metallicize","floor":13.0,"key":"SMITH"},{"data":"Ghostly Armor","floor":15.0,"key":"SMITH"}],"neow_cost":"NO_GOLD","seed_source_timestamp":375087564029352,"circlet_count":0,"master_deck":["AscendersBane","Strike_R","Strike_R","Strike_R","Strike_R","Strike_R","Defend_R","Defend_R+1","Bash+1","Pommel Strike+1","Clothesline+1","Metallicize+1","Ghostly Armor+1","Demon Form","Warcry+1"],"special_seed":0,"relics":["Burning Blood","Red Skull","Philosopher\u0027s Stone"],"potions_floor_usage":[16,19],"damage_taken":[{"damage":12.0,"enemies":"2 Louse","floor":1.0,"turns":3.0},{"damage":7.0,"enemies":"Jaw Worm","floor":2.0,"turns":3.0},{"damage":0.0,"enemies":"Cultist","floor":7.0,"turns":3.0},{"damage":6.0,"enemies":"Red Slaver","floor":11.0,"turns":4.0},{"damage":14.0,"enemies":"Gremlin Gang","floor":12.0,"turns":5.0},{"damage":4.0,"enemies":"Looter","floor":14.0,"turns":3.0},{"damage":43,"enemies":"Hexaghost","floor":16,"turns":11},{"damage":29,"enemies":"Shell Parasite","floor":18,"turns":6},{"damage":28,"enemies":"3 Byrds","floor":19,"turns":5},{"damage":12,"enemies":"Centurion and Healer","floor":21,"turns":5},{"damage":10,"enemies":"Snake Plant","floor":22,"turns":1}],"seed_played":"8430768486201476484","potions_obtained":[{"floor":7.0,"key":"EssenceOfSteel"},{"floor":12.0,"key":"Block Potion"},{"floor":14.0,"key":"Ancient Potion"},{"floor":18,"key":"PowerPotion"},{"floor":19,"key":"Explosive Potion"}],"is_trial":false,"path_per_floor":["M","M","$","?","?","R","M","R","T","R","M","M","R","M","R","B",null,"M","M","?","M","M"],"character_chosen":"IRONCLAD","items_purchased":[],"campfire_rested":0,"item_purchase_floors":[],"current_hp_per_floor":[62,61,61,61,50,50,56,56,56,56,56,48,48,50,50,13,60,37,15,15,9,0],"gold":270,"neow_bonus":"REMOVE_TWO","is_prod":false,"is_daily":false,"chose_seed":false,"campfire_upgraded":5,"win_rate":0,"timestamp":1569512721,"path_taken":["M","M","$","?","?","R","M","R","T","R","M","M","R","M","R","BOSS","M","M","?","?","M"],"build_version":"2019-07-17","purchased_purges":0,"victory":false,"max_hp_per_floor":[75,75,75,75,75,75,75,75,75,75,75,75,75,75,75,75,75,75,75,75,75,75],"card_choices":[{"not_picked":["Sentinel","True Grit"],"picked":"Pommel Strike","floor":1.0},{"not_picked":["Sentinel","Armaments"],"picked":"Clothesline","floor":2.0},{"not_picked":["Thunderclap","Warcry","Infernal Blade"],"picked":"SKIP","floor":7.0},{"not_picked":["Uppercut","Shrug It Off"],"picked":"Metallicize","floor":11.0},{"not_picked":["Searing Blow","Entrench"],"picked":"Ghostly Armor","floor":12.0},{"not_picked":["Warcry","Wild Strike","Feel No Pain"],"picked":"SKIP","floor":14.0},{"not_picked":["Berserk","Brutality"],"picked":"Demon Form","floor":16},{"not_picked":["Flex","Shrug It Off"],"picked":"Warcry+1","floor":18},{"not_picked":["Clash+1","Headbutt","Havoc"],"picked":"SKIP","floor":19},{"not_picked":["Disarm+1","Headbutt","Dark Embrace"],"picked":"SKIP","floor":21}],"player_experience":356974,"relics_obtained":[{"floor":9.0,"key":"Red Skull"}],"event_choices":[{"damage_healed":0.0,"max_hp_gain":0.0,"max_hp_loss":0.0,"gold_gain":0.0,"event_name":"Living Wall","player_choice":"Grow","floor":4.0,"gold_loss":0.0,"damage_taken":0.0,"cards_upgraded":["Bash"]},{"damage_healed":0.0,"max_hp_gain":0.0,"max_hp_loss":0.0,"gold_gain":75.0,"event_name":"World of Goop","player_choice":"Gather Gold","floor":5.0,"gold_loss":0.0,"damage_taken":11.0},{"damage_healed":0,"gold_gain":0,"player_choice":"Ignored","damage_taken":0,"max_hp_gain":0,"max_hp_loss":0,"event_name":"N\u0027loth","floor":20,"gold_loss":0}],"is_beta":false,"boss_relics":[{"not_picked":["Busted Crown","Ectoplasm"],"picked":"Philosopher\u0027s Stone"}],"items_purged_floors":[],"is_endless":false,"potions_floor_spawned":[7,12,14,18,19],"killed_by":"Snake Plant","ascension_level":20}