{"gold_per_floor":[109,129,149,149,166,166,195,195,276,307,482,516,535,129,129,226,226,244,244,272,240,45,45,45,63,63,78,78,103,103,103,103,103],"floor_reached":33,"playtime":2187,"items_purged":["Doubt","Strike_R"],"score":450,"play_id":"fba85c2a-d4ab-4e06-b910-05a2e69ea985","local_time":"20190908091546","is_ascension_mode":true,"campfire_choices":[{"data":"Armaments","floor":6.0,"key":"SMITH"},{"floor":8.0,"key":"REST"},{"data":"True Grit","floor":15.0,"key":"SMITH"},{"floor":28,"key":"REST"},{"floor":30,"key":"REST"},{"floor":32,"key":"REST"}],"neow_cost":"NONE","seed_source_timestamp":313385299764309,"circlet_count":0,"master_deck":["AscendersBane","Strike_R","Strike_R","Strike_R","Strike_R","Defend_R","Defend_R","Defend_R","Defend_R","Bash","Headbutt","Armaments+1","True Grit+1","Limit Break","Pommel Strike","Flame Barrier","Shrug It Off","Barricade","Writhe","Necronomicurse"],"special_seed":0,"relics":["Burning Blood","Ancient Tea Set","StoneCalendar","Ornamental Fan","Smiling Mask","Singing Bowl","Torii","Busted Crown","Red Mask","Anchor","Magic Flower","Letter Opener","Orichalcum","Necronomicon"],"potions_floor_usage":[20,20,21,27],"damage_taken":[{"damage":13.0,"enemies":"Jaw Worm","floor":1.0,"turns":5.0},{"damage":9.0,"enemies":"2 Louse","floor":2.0,"turns":3.0},{"damage":0.0,"enemies":"Small Slimes","floor":3.0,"turns":3.0},{"damage":7.0,"enemies":"3 Louse","floor":5.0,"turns":5.0},{"damage":21.0,"enemies":"3 Sentries","floor":7.0,"turns":11.0},{"damage":35.0,"enemies":"Lagavulin","floor":10.0,"turns":7.0},{"damage":14.0,"enemies":"3 Sentries","floor":12.0,"turns":7.0},{"damage":3.0,"enemies":"2 Fungi Beasts","floor":13.0,"turns":5.0},{"damage":4.0,"enemies":"Hexaghost","floor":16.0,"turns":9.0},{"damage":0.0,"enemies":"3 Byrds","floor":18.0,"turns":7.0},{"damage":21,"enemies":"Masked Bandits","floor":20,"turns":5},{"damage":15,"enemies":"2 Thieves","floor":21,"turns":5},{"damage":31,"enemies":"Cultist and Chosen","floor":25,"turns":9},{"damage":13,"enemies":"Snake Plant","floor":27,"turns":7},{"damage":38,"enemies":"Gremlin Leader","floor":29,"turns":10},{"damage":102,"enemies":"Champ","floor":33,"turns":15}],"seed_played":"5746432331949604859","potions_obtained":[{"floor":1.0,"key":"Fruit Juice"},{"floor":3.0,"key":"AttackPotion"},{"floor":7.0,"key":"Fire Potion"},{"floor":13.0,"key":"Fire Potion"},{"floor":18.0,"key":"PowerPotion"},{"floor":20,"key":"Explosive Potion"},{"floor":25,"key":"Weak Potion"}],"is_trial":false,"path_per_floor":["M","M","M","?","M","R","E","R","T","E","?","E","M","$","R","B",null,"M","?","?","M","$","?","?","M","T","M","R","E","R","?","R","B"],"character_chosen":"IRONCLAD","items_purchased":["Torii","PowerPotion","Anchor"],"campfire_rested":4,"item_purchase_floors":[14,14,22],"current_hp_per_floor":[70,67,73,78,77,77,62,89,89,60,60,52,57,57,57,59,84,92,92,79,72,72,72,72,52,52,50,80,53,84,68,99,0],"gold":103,"neow_bonus":"RANDOM_COMMON_RELIC","is_prod":false,"is_daily":false,"chose_seed":false,"campfire_upgraded":2,"win_rate":0,"timestamp":1567959346,"path_taken":["M","M","M","?","M","R","E","R","T","E","?","E","M","$","R","BOSS","M","?","?","M","$","?","?","M","T","M","R","E","R","?","R","BOSS"],"build_version":"2019-07-17","purchased_purges":2,"victory":false,"max_hp_per_floor":[85,85,85,90,90,90,90,90,90,90,90,90,92,92,92,92,92,94,94,96,98,98,98,98,100,100,102,102,104,104,104,104,104],"card_choices":[{"not_picked":["Spot Weakness","Perfected Strike"],"picked":"Headbutt","floor":1.0},{"not_picked":["Pummel","True Grit"],"picked":"Armaments","floor":2.0},{"not_picked":["Sentinel","Perfected Strike"],"picked":"True Grit","floor":3.0},{"not_picked":["Carnage","Wild Strike"],"picked":"Limit Break","floor":5.0},{"not_picked":["Combust","Dual Wield"],"picked":"Pommel Strike","floor":7.0},{"not_picked":["Clothesline","Headbutt"],"picked":"Flame Barrier","floor":10.0},{"not_picked":["Burning Pact","Sword Boomerang"],"picked":"Shrug It Off","floor":12.0},{"not_picked":["Havoc","Seeing Red","Armaments"],"picked":"Singing Bowl","floor":13.0},{"not_picked":["Berserk","Exhume"],"picked":"Barricade","floor":16.0},{"not_picked":["Sentinel"],"picked":"Singing Bowl","floor":18.0},{"not_picked":["Sword Boomerang"],"picked":"Singing Bowl","floor":20},{"not_picked":["Seeing Red"],"picked":"Singing Bowl","floor":21},{"not_picked":["Perfected Strike+1"],"picked":"Singing Bowl","floor":25},{"not_picked":["Clothesline"],"picked":"Singing Bowl","floor":27},{"not_picked":["Bludgeon"],"picked":"Singing Bowl","floor":29}],"player_experience":287361,"relics_obtained":[{"floor":7.0,"key":"StoneCalendar"},{"floor":9.0,"key":"Ornamental Fan"},{"floor":10.0,"key":"Smiling Mask"},{"floor":12.0,"key":"Singing Bowl"},{"floor":20,"key":"Red Mask"},{"floor":26,"key":"Letter Opener"},{"floor":29,"key":"Orichalcum"},{"floor":31,"key":"Necronomicon"}],"event_choices":[{"damage_healed":0.0,"max_hp_gain":5.0,"max_hp_loss":0.0,"gold_gain":0.0,"event_name":"Big Fish","player_choice":"Donut","floor":4.0,"gold_loss":0.0,"damage_taken":0.0},{"damage_healed":0.0,"max_hp_gain":0.0,"max_hp_loss":0.0,"gold_gain":175.0,"event_name":"Liars Game","player_choice":"AGREE","floor":11.0,"gold_loss":0.0,"damage_taken":0.0,"cards_obtained":["Doubt"]},{"damage_healed":0.0,"max_hp_gain":0.0,"max_hp_loss":0.0,"gold_gain":0.0,"event_name":"Beggar","player_choice":"Ignored","floor":19.0,"gold_loss":0.0,"damage_taken":0.0},{"damage_healed":0,"gold_gain":0,"player_choice":"Fought Bandits","damage_taken":0,"max_hp_gain":0,"max_hp_loss":0,"event_name":"Masked Bandits","floor":20,"gold_loss":0},{"damage_healed":0,"gold_gain":0,"player_choice":"Opened","damage_taken":0,"relics_obtained":["Magic Flower"],"max_hp_gain":0,"max_hp_loss":0,"event_name":"The Mausoleum","floor":23,"gold_loss":0,"cards_obtained":["Writhe"]},{"damage_healed":0,"gold_gain":0,"player_choice":"Ignored","damage_taken":0,"max_hp_gain":0,"max_hp_loss":0,"event_name":"Ghosts","floor":24,"gold_loss":0},{"damage_healed":0,"gold_gain":0,"player_choice":"Obtained Book","damage_taken":16,"max_hp_gain":0,"max_hp_loss":0,"event_name":"Cursed Tome","floor":31,"gold_loss":0}],"is_beta":false,"boss_relics":[{"not_picked":["Calling Bell","Runic Cube"],"picked":"Busted Crown"}],"items_purged_floors":[14,22],"is_endless":false,"potions_floor_spawned":[1,3,7,13,18,20,25],"killed_by":"Champ","ascension_level":10}