{"gold_per_floor":[111,128,144,144,213,213,246,246,273,307,321,321,337,353,353,430,430,443,463,478,488,78,78,98,124,203,216,228,228,21,49,49,125,125,145,145,163,176,191,191,217,217,217,16,35,45,45,63,63,63],"floor_reached":51,"playtime":4373,"items_purged":[],"score":1290,"play_id":"7739dbd7-31ce-4656-8894-2c91045f3254","local_time":"20190916204704","is_ascension_mode":true,"campfire_choices":[{"data":"Clothesline","floor":6.0,"key":"SMITH"},{"data":"Good Instincts","floor":12.0,"key":"SMITH"},{"data":"Bash","floor":15.0,"key":"SMITH"},{"data":"Metallicize","floor":23.0,"key":"SMITH"},{"data":"Flame Barrier","floor":29.0,"key":"SMITH"},{"data":"Sentinel","floor":32.0,"key":"SMITH"},{"floor":40.0,"key":"REST"},{"data":"Juggernaut","floor":42.0,"key":"SMITH"},{"data":"Barricade","floor":47.0,"key":"SMITH"},{"data":"Ghostly Armor","floor":49,"key":"SMITH"}],"neow_cost":"PERCENT_DAMAGE","seed_source_timestamp":0,"circlet_count":0,"master_deck":["AscendersBane","Strike_R","Strike_R","Strike_R+1","Strike_R+1","Defend_R","Defend_R","Defend_R","Defend_R","Bash+1","Good Instincts+1","Finesse","Clothesline+1","Battle Trance","Body Slam+1","Ghostly Armor+1","Headbutt","Burning Pact+1","Flame Barrier+1","Metallicize+1","Juggernaut+1","Sentinel+1","Feed","True Grit+1","Barricade+1","Warcry+1"],"special_seed":0,"relics":["Burning Blood","Whetstone","NlothsMask","Centennial Puzzle","Runic Pyramid","FossilizedHelix","Happy Flower","Meat on the Bone","Oddly Smooth Stone","Du-Vu Doll","Philosopher\u0027s Stone","Gambling Chip","Mummified Hand","Lee\u0027s Waffle"],"potions_floor_usage":[],"damage_taken":[{"damage":4.0,"enemies":"Jaw Worm","floor":1.0,"turns":4.0},{"damage":1.0,"enemies":"2 Louse","floor":2.0,"turns":3.0},{"damage":2.0,"enemies":"Cultist","floor":3.0,"turns":4.0},{"damage":12.0,"enemies":"Lagavulin","floor":7.0,"turns":8.0},{"damage":21.0,"enemies":"3 Sentries","floor":10.0,"turns":9.0},{"damage":0.0,"enemies":"Red Slaver","floor":11.0,"turns":4.0},{"damage":7.0,"enemies":"Lots of Slimes","floor":13.0,"turns":5.0},{"damage":0.0,"enemies":"2 Fungi Beasts","floor":14.0,"turns":4.0},{"damage":11.0,"enemies":"The Guardian","floor":16.0,"turns":12.0},{"damage":0.0,"enemies":"Chosen","floor":18.0,"turns":4.0},{"damage":11.0,"enemies":"3 Byrds","floor":19.0,"turns":7.0},{"damage":15.0,"enemies":"Centurion and Healer","floor":20.0,"turns":8.0},{"damage":1.0,"enemies":"Snecko","floor":21.0,"turns":5.0},{"damage":1.0,"enemies":"Shelled Parasite and Fungi","floor":24.0,"turns":10.0},{"damage":33.0,"enemies":"Slavers","floor":25.0,"turns":7.0},{"damage":14.0,"enemies":"Sentry and Sphere","floor":27.0,"turns":7.0},{"damage":4.0,"enemies":"Snecko","floor":28.0,"turns":6.0},{"damage":23.0,"enemies":"Gremlin Leader","floor":31.0,"turns":7.0},{"damage":21.0,"enemies":"Champ","floor":33.0,"turns":12.0},{"damage":0.0,"enemies":"3 Shapes","floor":35.0,"turns":5.0},{"damage":0.0,"enemies":"3 Darklings","floor":37.0,"turns":6.0},{"damage":50.0,"enemies":"Writhing Mass","floor":38.0,"turns":7.0},{"damage":31.0,"enemies":"Jaw Worm Horde","floor":39.0,"turns":6.0},{"damage":34.0,"enemies":"Reptomancer","floor":41.0,"turns":10.0},{"damage":0.0,"enemies":"4 Shapes","floor":45.0,"turns":7.0},{"damage":0.0,"enemies":"Transient","floor":46.0,"turns":5.0},{"damage":0,"enemies":"Writhing Mass","floor":48,"turns":6},{"damage":1,"enemies":"Time Eater","floor":50,"turns":13}],"seed_played":"2709260914584833035","potions_obtained":[{"floor":1.0,"key":"SpeedPotion"},{"floor":3.0,"key":"Dexterity Potion"},{"floor":7.0,"key":"GamblersBrew"},{"floor":11.0,"key":"Poison Potion"},{"floor":19.0,"key":"Regen Potion"},{"floor":20.0,"key":"Energy Potion"},{"floor":24.0,"key":"Energy Potion"},{"floor":25.0,"key":"Poison Potion"},{"floor":31.0,"key":"SpeedPotion"},{"floor":37.0,"key":"SteroidPotion"},{"floor":39.0,"key":"SkillPotion"},{"floor":45.0,"key":"Swift Potion"}],"is_trial":false,"path_per_floor":["M","M","M","?","?","R","E","?","T","E","M","R","M","M","R","B",null,"M","M","M","M","$","R","M","E","T","M","M","R","$","E","R","B",null,"M","?","M","M","M","R","E","R","T","$","M","M","R","M","R","B",null],"character_chosen":"IRONCLAD","items_purchased":["FossilizedHelix","Metallicize","Explosive Potion","Oddly Smooth Stone","PowerPotion","Lee\u0027s Waffle"],"campfire_rested":1,"item_purchase_floors":[22,22,22,30,30,44],"current_hp_per_floor":[52,57,61,61,61,61,55,55,55,40,46,46,45,51,51,46,68,74,69,60,75,75,75,75,48,48,52,54,54,54,49,49,46,68,77,77,81,52,42,68,52,52,52,94,97,97,97,97,97,97],"gold":63,"neow_bonus":"RANDOM_COLORLESS_2","is_prod":false,"is_daily":false,"chose_seed":false,"campfire_upgraded":9,"win_rate":0,"timestamp":1568692024,"path_taken":["M","M","M","?","?","R","E","?","T","E","M","R","M","M","R","BOSS","M","M","M","M","$","R","M","E","T","M","M","R","?","E","R","BOSS","M","?","M","M","M","R","E","R","T","$","?","M","R","M","R","BOSS"],"build_version":"2019-07-17","purchased_purges":0,"victory":true,"max_hp_per_floor":[75,75,75,75,75,75,75,75,75,75,75,75,75,75,75,75,75,75,75,75,75,75,75,75,75,75,75,75,75,75,75,75,75,75,78,78,81,84,87,87,87,87,87,94,97,97,97,97,97,97],"card_choices":[{"not_picked":["Ghostly Armor","Sword Boomerang"],"picked":"Clothesline","floor":1.0},{"not_picked":["Body Slam","Clash"],"picked":"Battle Trance","floor":2.0},{"not_picked":["True Grit","Havoc"],"picked":"Body Slam","floor":3.0},{"not_picked":["Clothesline","Impervious"],"picked":"Ghostly Armor","floor":7.0},{"not_picked":["Havoc","Anger","Infernal Blade"],"picked":"SKIP","floor":10.0},{"not_picked":["Wild Strike","Clash"],"picked":"Headbutt","floor":11.0},{"not_picked":["Second Wind","Limit Break","Bloodletting"],"picked":"SKIP","floor":13.0},{"not_picked":["Pommel Strike","Warcry","Havoc"],"picked":"SKIP","floor":14.0},{"not_picked":["Evolve","Pommel Strike+1"],"picked":"Burning Pact+1","floor":18.0},{"not_picked":["Disarm","Iron Wave","Bloodletting"],"picked":"SKIP","floor":19.0},{"not_picked":["Burning Pact","Clothesline","Heavy Blade"],"picked":"SKIP","floor":20.0},{"not_picked":["Iron Wave","Pommel Strike"],"picked":"Flame Barrier","floor":21.0},{"not_picked":["Corruption","Reckless Charge"],"picked":"Juggernaut","floor":24.0},{"not_picked":["Dual Wield","Heavy Blade","Clothesline"],"picked":"SKIP","floor":25.0},{"not_picked":["Entrench","Searing Blow","Anger"],"picked":"SKIP","floor":27.0},{"not_picked":["Twin Strike","Searing Blow","True Grit"],"picked":"SKIP","floor":28.0},{"not_picked":["Twin Strike+1","Bloodletting"],"picked":"Sentinel","floor":31.0},{"not_picked":["Immolate","Double Tap"],"picked":"Feed","floor":33.0},{"not_picked":["Reckless Charge","Havoc","Body Slam"],"picked":"SKIP","floor":35.0},{"not_picked":["Thunderclap","Searing Blow","Pommel Strike"],"picked":"SKIP","floor":37.0},{"not_picked":["Clothesline","Metallicize"],"picked":"True Grit+1","floor":38.0},{"not_picked":["Thunderclap","Perfected Strike","Anger"],"picked":"SKIP","floor":39.0},{"not_picked":["Power Through+1","Clothesline+1","Wild Strike+1"],"picked":"SKIP","floor":41.0},{"not_picked":["Second Wind","Clothesline"],"picked":"Barricade","floor":45.0},{"not_picked":["Iron Wave+1","Clash+1","Fire Breathing+1"],"picked":"SKIP","floor":46.0},{"not_picked":["Hemokinesis","Heavy Blade"],"picked":"Warcry+1","floor":48}],"player_experience":327455,"relics_obtained":[{"floor":7.0,"key":"Whetstone"},{"floor":10.0,"key":"Centennial Puzzle"},{"floor":25.0,"key":"Happy Flower"},{"floor":26.0,"key":"Meat on the Bone"},{"floor":31.0,"key":"Du-Vu Doll"},{"floor":41.0,"key":"Gambling Chip"},{"floor":43.0,"key":"Mummified Hand"}],"event_choices":[{"damage_healed":0.0,"max_hp_gain":0.0,"max_hp_loss":0.0,"gold_gain":0.0,"event_name":"Living Wall","player_choice":"Grow","floor":4.0,"gold_loss":0.0,"damage_taken":0.0,"cards_upgraded":["Body Slam"]},{"damage_healed":0.0,"max_hp_gain":0.0,"max_hp_loss":0.0,"gold_gain":69.0,"event_name":"Golden Wing","player_choice":"Gained Gold","floor":5.0,"gold_loss":0.0,"damage_taken":0.0},{"damage_healed":0.0,"max_hp_gain":0.0,"max_hp_loss":0.0,"gold_gain":0.0,"event_name":"FaceTrader","player_choice":"Trade","floor":8.0,"gold_loss":0.0,"damage_taken":0.0,"relics_obtained":["NlothsMask"]},{"cards_removed":["Strike_R"],"damage_healed":0.0,"max_hp_gain":0.0,"max_hp_loss":0.0,"gold_gain":0.0,"event_name":"Purifier","player_choice":"Purged","floor":36.0,"gold_loss":0.0,"damage_taken":0.0}],"is_beta":false,"boss_relics":[{"not_picked":["Empty Cage","Pandora\u0027s Box"],"picked":"Runic Pyramid"},{"not_picked":["Sozu","Mark of Pain"],"picked":"Philosopher\u0027s Stone"}],"items_purged_floors":[],"is_endless":false,"potions_floor_spawned":[1,3,7,11,19,20,24,25,31,37,39,45,48],"ascension_level":14}