{"gold_per_floor":[116,136,61,76,76,76,102,52,52,52,70,70,102,116,116,221,221,239,69,89,102,116,151,151,178,178,278,297,172,172,190,190,295,295,305,305,358,55,0,0,34,34,34,34,47,66,66,78,78,78],"floor_reached":51,"playtime":4058,"items_purged":["Strike_R","Strike_R","Defend_R"],"score":798,"play_id":"71fb5453-6e81-46bc-ba22-28738eb9a46b","local_time":"20190912234434","is_ascension_mode":true,"campfire_choices":[{"data":"Warcry","floor":6,"key":"SMITH"},{"data":"Immolate","floor":12,"key":"SMITH"},{"data":"Bash","floor":15,"key":"SMITH"},{"data":"Pommel Strike","floor":24,"key":"SMITH"},{"data":"Bludgeon","floor":30,"key":"SMITH"},{"data":"Exhume","floor":32,"key":"SMITH"},{"floor":40,"key":"RECALL"},{"data":"Shrug It Off","floor":44,"key":"SMITH"},{"data":"Defend_R","floor":49,"key":"SMITH"}],"neow_cost":"NONE","seed_source_timestamp":39818637056200,"circlet_count":0,"master_deck":["Strike_R+1","Strike_R+1","Defend_R","Defend_R+1","Bash+1","Immolate+1","Clothesline+1","Warcry+1","Shrug It Off+1","Exhume+1","Pommel Strike+1","Armaments+1","Bloodletting+1","Offering+1","Sentinel+1","Seeing Red+1","Power Through+1","Hemokinesis+1","Infernal Blade+1","Ghostly Armor+1","Ghostly Armor+1","Bludgeon+1","Evolve+1","Madness+1","Madness+1","Warcry+1","Wild Strike+1","PanicButton+1"],"relics":["Burning Blood","Magic Flower","Paper Frog","Toxic Egg 2","Philosopher\u0027s Stone","Matryoshka","Bottled Lightning","Whetstone","Incense Burner","Frozen Egg 2","Coffee Dripper","Orichalcum","Shuriken","Gremlin Horn","Red Mask","Charon\u0027s Ashes","Kunai"],"potions_floor_usage":[16,16,22,33,33,50,50],"damage_taken":[{"damage":9,"enemies":"Jaw Worm","floor":1,"turns":4},{"damage":5,"enemies":"2 Louse","floor":2,"turns":2},{"damage":0,"enemies":"Cultist","floor":4,"turns":2},{"damage":31,"enemies":"Lagavulin","floor":7,"turns":7},{"damage":4,"enemies":"Blue Slaver","floor":11,"turns":3},{"damage":22,"enemies":"Gremlin Nob","floor":13,"turns":4},{"damage":0,"enemies":"3 Louse","floor":14,"turns":2},{"damage":46,"enemies":"The Guardian","floor":16,"turns":9},{"damage":6,"enemies":"3 Byrds","floor":18,"turns":2},{"damage":4,"enemies":"Chosen","floor":20,"turns":3},{"damage":14,"enemies":"Sentry and Sphere","floor":21,"turns":5},{"damage":8,"enemies":"3 Cultists","floor":22,"turns":3},{"damage":21,"enemies":"Book of Stabbing","floor":23,"turns":3},{"damage":9,"enemies":"Slavers","floor":25,"turns":3},{"damage":9,"enemies":"Colosseum Slavers","floor":27,"turns":4},{"damage":11,"enemies":"Colosseum Nobs","floor":27,"turns":2},{"damage":9,"enemies":"Chosen and Byrds","floor":28,"turns":3},{"damage":12,"enemies":"Shelled Parasite and Fungi","floor":31,"turns":3},{"damage":22,"enemies":"Automaton","floor":33,"turns":8},{"damage":22,"enemies":"3 Darklings","floor":35,"turns":3},{"damage":2,"enemies":"Reptomancer","floor":41,"turns":3},{"damage":7,"enemies":"Orb Walker","floor":45,"turns":3},{"damage":1,"enemies":"Writhing Mass","floor":46,"turns":2},{"damage":14,"enemies":"Maw","floor":48,"turns":4},{"damage":45,"enemies":"Awakened One","floor":50,"turns":7}],"seed_played":"-1659288166051948696","potions_obtained":[{"floor":1,"key":"LiquidBronze"},{"floor":7,"key":"BloodPotion"},{"floor":14,"key":"EssenceOfSteel"},{"floor":18,"key":"Explosive Potion"},{"floor":23,"key":"Energy Potion"},{"floor":25,"key":"Fire Potion"},{"floor":31,"key":"Fire Potion"},{"floor":35,"key":"SpeedPotion"},{"floor":45,"key":"Weak Potion"},{"floor":46,"key":"Energy Potion"}],"is_trial":false,"path_per_floor":["M","M","$","M","?","R","E","?","T","$","M","R","E","M","R","B",null,"M","$","M","M","M","E","R","E","T","?","M","$","R","M","R","B",null,"M","?","T","$","?","R","E","$","T","R","M","M","?","M","R","B",null],"character_chosen":"IRONCLAD","items_purchased":["Seeing Red+1","Warcry+1","Gremlin Horn"],"campfire_rested":0,"item_purchase_floors":[19,38,38],"current_hp_per_floor":[77,78,78,80,64,64,39,39,39,39,44,44,31,40,40,33,80,80,80,80,75,76,64,64,64,64,62,62,62,62,59,59,46,80,67,57,57,57,57,57,64,64,64,64,66,74,74,69,69,33],"gold":78,"neow_bonus":"TRANSFORM_CARD","is_prod":false,"is_daily":false,"chose_seed":false,"campfire_upgraded":8,"win_rate":0,"timestamp":1568324674,"path_taken":["M","M","$","M","?","R","E","?","T","?","?","R","E","M","R","BOSS","M","$","M","M","?","E","R","E","T","?","M","$","R","M","R","BOSS","M","?","?","$","?","R","E","?","T","R","M","M","?","M","R","BOSS"],"build_version":"2019-07-17","purchased_purges":3,"victory":true,"max_hp_per_floor":[80,80,80,80,80,80,80,80,80,80,80,80,80,80,80,80,80,80,80,80,80,80,80,80,80,80,80,80,80,80,80,80,80,80,80,80,80,80,80,80,80,80,80,80,80,80,80,80,80,80],"card_choices":[{"not_picked":["Searing Blow","Twin Strike"],"picked":"Clothesline","floor":1},{"not_picked":["Body Slam","Havoc"],"picked":"Warcry","floor":2},{"not_picked":["Anger","Havoc"],"picked":"Shrug It Off","floor":4},{"not_picked":["Hemokinesis","Pommel Strike"],"picked":"Exhume","floor":7},{"not_picked":["Armaments","True Grit"],"picked":"Pommel Strike","floor":11},{"not_picked":["Spot Weakness","Havoc"],"picked":"Armaments","floor":13},{"not_picked":["Dual Wield+1","Battle Trance+1"],"picked":"Bloodletting+1","floor":14},{"not_picked":["Reaper","Bludgeon"],"picked":"Offering+1","floor":16},{"not_picked":["Corruption","Anger+1"],"picked":"Sentinel+1","floor":18},{"not_picked":["Havoc+1","Searing Blow"],"picked":"Power Through+1","floor":20},{"not_picked":["Anger","Spot Weakness+1"],"picked":"Hemokinesis+1","floor":21},{"not_picked":["Feel No Pain","Thunderclap","Twin Strike"],"picked":"SKIP","floor":22},{"not_picked":["Uppercut","Combust"],"picked":"Infernal Blade+1","floor":23},{"not_picked":["Armaments+1","Searing Blow"],"picked":"Ghostly Armor+1","floor":25},{"not_picked":["Anger","Rage+1"],"picked":"Ghostly Armor+1","floor":27},{"not_picked":["Flex+1","Bloodletting+1"],"picked":"Bludgeon","floor":28},{"not_picked":["Armaments+1","Twin Strike","Pummel"],"picked":"SKIP","floor":31},{"not_picked":["Sever Soul+1","Inflame+1"],"picked":"Evolve+1","floor":35},{"not_picked":["Hemokinesis","Second Wind+1"],"picked":"Wild Strike+1","floor":41},{"not_picked":["Ghostly Armor+1","Cleave+1","Flex+1"],"picked":"SKIP","floor":45},{"not_picked":["Armaments+1","Clothesline","Anger+1"],"picked":"SKIP","floor":46},{"not_picked":["Madness+1","Finesse+1"],"picked":"PanicButton+1","floor":47},{"not_picked":["Evolve+1","Dropkick+1","Bloodletting+1"],"picked":"SKIP","floor":48}],"player_experience":83879,"relics_obtained":[{"floor":7,"key":"Magic Flower"},{"floor":9,"key":"Paper Frog"},{"floor":13,"key":"Toxic Egg 2"},{"floor":23,"key":"Matryoshka"},{"floor":25,"key":"Bottled Lightning"},{"floor":26,"key":"Whetstone"},{"floor":27,"key":"Incense Burner"},{"floor":27,"key":"Frozen Egg 2"},{"floor":37,"key":"Orichalcum"},{"floor":37,"key":"Shuriken"},{"floor":41,"key":"Charon\u0027s Ashes"},{"floor":43,"key":"Kunai"}],"event_choices":[{"damage_healed":0,"gold_gain":0,"player_choice":"Entered Light","damage_taken":16,"max_hp_gain":0,"max_hp_loss":0,"event_name":"Shining Light","floor":5,"gold_loss":0,"cards_upgraded":["Strike_R","Strike_R"]},{"cards_removed":["Defend_R"],"damage_healed":0,"gold_gain":0,"player_choice":"Card Removal","damage_taken":0,"max_hp_gain":0,"max_hp_loss":0,"event_name":"The Cleric","floor":8,"gold_loss":50},{"damage_healed":0,"gold_gain":0,"player_choice":"Fight","damage_taken":0,"max_hp_gain":0,"max_hp_loss":0,"event_name":"Colosseum","floor":27,"gold_loss":0},{"damage_healed":0,"gold_gain":0,"player_choice":"Fought Nobs","damage_taken":0,"max_hp_gain":0,"max_hp_loss":0,"event_name":"Colosseum","floor":27,"gold_loss":0},{"damage_healed":0,"gold_gain":0,"player_choice":"Embrace Madness","damage_taken":10,"max_hp_gain":0,"max_hp_loss":0,"event_name":"Winding Halls","floor":36,"gold_loss":0,"cards_obtained":["Madness","Madness"]},{"damage_healed":0,"gold_gain":0,"player_choice":"Paid","damage_taken":0,"relics_obtained":["Red Mask"],"max_hp_gain":0,"max_hp_loss":0,"event_name":"Tomb of Lord Red Mask","floor":39,"gold_loss":55},{"damage_healed":0,"gold_gain":0,"player_choice":"Memory 1","damage_taken":0,"max_hp_gain":0,"max_hp_loss":0,"event_name":"SensoryStone","floor":47,"gold_loss":0}],"is_beta":false,"boss_relics":[{"not_picked":["Black Star","Runic Cube"],"picked":"Philosopher\u0027s Stone"},{"not_picked":["Runic Pyramid","Snecko Eye"],"picked":"Coffee Dripper"}],"items_purged_floors":[3,19,29],"is_endless":false,"potions_floor_spawned":[1,7,14,18,23,25,27,31,35,45,46],"ascension_level":2}