{"gold_per_floor":[118,148,98,5,23,55,55,9,84,118,118,6,23,55,55,155,155,144,22,97,97,144,187,199,223,235,274,201,238,250,262],"floor_reached":31,"playtime":5769,"items_purged":["Defend_R","Strike_R"],"score":336,"play_id":"75295e8c-e90a-487c-b796-4c9bebf19e96","local_time":"20191018132420","is_ascension_mode":true,"campfire_choices":[{"data":"Bash","floor":7,"key":"SMITH"},{"data":"Flame Barrier","floor":11,"key":"SMITH"},{"floor":15,"key":"REST"},{"data":"Feed","floor":24,"key":"SMITH"}],"neow_cost":"NONE","seed_source_timestamp":2809688287204210,"circlet_count":0,"master_deck":["Strike_R","Strike_R","Defend_R","Defend_R","Bash+1","Immolate","Shrug It Off","Armaments","Pommel Strike","Burning Pact","Warcry","Flame Barrier+1","Dual Wield","Seeing Red","Metallicize","Feed+1","Clothesline","Impervious","Uppercut","Spot Weakness+1","Entrench+1"],"relics":["Burning Blood","Tiny Chest","Pear","Sundial","Ornamental Fan","Oddly Smooth Stone","Sozu","MawBank","Red Skull","Dodecahedron","Girya","Smiling Mask","Toxic Egg 2"],"potions_floor_usage":[14,23],"damage_taken":[{"damage":13,"enemies":"Small Slimes","floor":1,"turns":3},{"damage":4,"enemies":"Jaw Worm","floor":5,"turns":2},{"damage":14,"enemies":"Gremlin Nob","floor":6,"turns":3},{"damage":35,"enemies":"3 Sentries","floor":10,"turns":9},{"damage":6,"enemies":"Cultist","floor":13,"turns":3},{"damage":37,"enemies":"Lagavulin","floor":14,"turns":6},{"damage":26,"enemies":"The Guardian","floor":16,"turns":18},{"damage":12,"enemies":"2 Thieves","floor":18,"turns":4},{"damage":20,"enemies":"Gremlin Leader","floor":23,"turns":8},{"damage":1,"enemies":"Shell Parasite","floor":25,"turns":7},{"damage":41,"enemies":"Slavers","floor":27,"turns":7},{"damage":18,"enemies":"Book of Stabbing","floor":29,"turns":7},{"damage":33,"enemies":"Gremlin Leader","floor":31,"turns":6}],"seed_played":"-4053197389177618504","potions_obtained":[{"floor":10,"key":"FearPotion"},{"floor":16,"key":"EssenceOfSteel"}],"is_trial":false,"path_per_floor":["M","?","?","$","M","E","R","$","T","E","R","$","M","E","R","B",null,"M","$","T","?","T","E","R","M","T","E","?","E","?","E"],"character_chosen":"IRONCLAD","items_purchased":["Shrug It Off","Armaments","Warcry","Dual Wield","Clothesline"],"campfire_rested":1,"item_purchase_floors":[4,4,8,12,19],"current_hp_per_floor":[73,70,70,70,72,74,74,74,74,45,45,45,45,14,41,21,90,84,84,84,84,84,70,70,79,79,44,44,32,32,0],"gold":262,"neow_bonus":"ONE_RANDOM_RARE_CARD","is_prod":false,"is_daily":false,"chose_seed":false,"campfire_upgraded":3,"win_rate":0,"timestamp":1571401460,"path_taken":["M","?","?","$","?","E","R","$","T","E","R","?","M","E","R","BOSS","M","$","?","?","?","E","R","M","T","E","?","E","?","E"],"build_version":"2019-09-09v2","purchased_purges":2,"victory":false,"max_hp_per_floor":[80,80,80,80,80,90,90,90,90,90,90,90,90,90,90,90,90,90,90,90,90,90,90,90,94,94,94,94,94,94,94],"card_choices":[{"not_picked":["Wild Strike","Heavy Blade","Blood for Blood"],"picked":"SKIP","floor":1},{"not_picked":["Sword Boomerang","Corruption"],"picked":"Pommel Strike","floor":5},{"not_picked":["Reckless Charge","Second Wind"],"picked":"Burning Pact","floor":6},{"not_picked":["Twin Strike","True Grit"],"picked":"Flame Barrier","floor":10},{"not_picked":["Disarm","Wild Strike"],"picked":"Seeing Red","floor":13},{"not_picked":["Intimidate","Bludgeon"],"picked":"Metallicize","floor":14},{"not_picked":["Bludgeon","Dark Embrace"],"picked":"Feed","floor":16},{"not_picked":["Clash","Anger","Heavy Blade"],"picked":"SKIP","floor":18},{"not_picked":["Sword Boomerang","Clash","Heavy Blade+1"],"picked":"SKIP","floor":23},{"not_picked":["Armaments+1","Flame Barrier"],"picked":"Impervious","floor":25},{"not_picked":["Clothesline","Thunderclap"],"picked":"Uppercut","floor":27},{"not_picked":["Clothesline","Twin Strike"],"picked":"Spot Weakness","floor":29}],"player_experience":244946,"relics_obtained":[{"floor":6,"key":"Pear"},{"floor":9,"key":"Sundial"},{"floor":10,"key":"Ornamental Fan"},{"floor":14,"key":"Oddly Smooth Stone"},{"floor":22,"key":"MawBank"},{"floor":23,"key":"Red Skull"},{"floor":26,"key":"Dodecahedron"},{"floor":27,"key":"Girya"},{"floor":29,"key":"Toxic Egg 2"}],"event_choices":[{"damage_healed":0,"gold_gain":0,"player_choice":"Success","damage_taken":3,"relics_obtained":["Tiny Chest"],"max_hp_gain":0,"max_hp_loss":0,"event_name":"Scrap Ooze","floor":2,"gold_loss":0},{"cards_removed":["Strike_R"],"damage_healed":0,"gold_gain":0,"player_choice":"Card Removal","damage_taken":0,"max_hp_gain":0,"max_hp_loss":0,"event_name":"The Cleric","floor":3,"gold_loss":50},{"cards_removed":["Strike_R"],"damage_healed":0,"gold_gain":0,"player_choice":"Elegance","damage_taken":0,"max_hp_gain":0,"max_hp_loss":0,"event_name":"Back to Basics","floor":21,"gold_loss":0},{"damage_healed":0,"gold_gain":0,"player_choice":"Obtained Relic","damage_taken":0,"relics_obtained":["Smiling Mask"],"max_hp_gain":0,"max_hp_loss":0,"event_name":"Addict","floor":28,"gold_loss":85},{"damage_healed":0,"gold_gain":0,"cards_transformed":["Defend_R"],"player_choice":"Transformed","damage_taken":0,"max_hp_gain":0,"max_hp_loss":0,"event_name":"Transmorgrifier","floor":30,"gold_loss":0,"cards_obtained":["Entrench"]}],"is_beta":true,"boss_relics":[{"not_picked":["SlaversCollar","Black Blood"],"picked":"Sozu"}],"items_purged_floors":[12,19],"is_endless":false,"potions_floor_spawned":[10,16,23,29],"killed_by":"Gremlin Leader","ascension_level":2}