{"gold_per_floor":[109,121,131,146,166,166,91,126,138,225,251,263,308,334,346,358],"floor_reached":16,"playtime":598,"items_purged":["Strike_R"],"score":228,"play_id":"b6659ba4-f9d2-4239-8075-3b06bad917a4","local_time":"20191018133746","is_ascension_mode":true,"campfire_choices":[{"data":"Bash","floor":6,"key":"SMITH"},{"floor":12,"key":"REST"},{"floor":15,"key":"REST"}],"neow_cost":"NONE","seed_source_timestamp":320547173160300,"circlet_count":0,"master_deck":["AscendersBane","Strike_R","Strike_R","Strike_R","Strike_R","Defend_R","Defend_R","Defend_R","Defend_R","Bash+1","Disarm","Sword Boomerang","Power Through","Shrug It Off","Clothesline","Carnage","Inflame"],"relics":["Burning Blood","MawBank","Bottled Lightning","Mummified Hand"],"potions_floor_usage":[4,5,8],"damage_taken":[{"damage":7,"enemies":"Cultist","floor":1,"turns":4},{"damage":5,"enemies":"Small Slimes","floor":2,"turns":4},{"damage":5,"enemies":"Jaw Worm","floor":3,"turns":4},{"damage":3,"enemies":"Lots of Slimes","floor":4,"turns":3},{"damage":13,"enemies":"Exordium Thugs","floor":5,"turns":6},{"damage":63,"enemies":"3 Sentries","floor":8,"turns":17},{"damage":18,"enemies":"3 Louse","floor":11,"turns":4},{"damage":30,"enemies":"Lagavulin","floor":13,"turns":9},{"damage":5,"enemies":"Looter","floor":14,"turns":3},{"damage":47,"enemies":"The Guardian","floor":16,"turns":12}],"seed_played":"-8850265185516813086","potions_obtained":[{"floor":1,"key":"Dexterity Potion"},{"floor":2,"key":"Explosive Potion"},{"floor":4,"key":"Strength Potion"},{"floor":8,"key":"FairyPotion"}],"is_trial":false,"path_per_floor":["M","M","M","M","M","R","$","E","T","?","M","R","E","M","R","B"],"character_chosen":"IRONCLAD","items_purchased":[],"campfire_rested":2,"item_purchase_floors":[],"current_hp_per_floor":[74,75,76,79,72,72,72,15,15,4,22,46,22,23,47,0],"gold":358,"neow_bonus":"TEN_PERCENT_HP_BONUS","is_prod":false,"is_daily":false,"chose_seed":false,"campfire_upgraded":1,"win_rate":0,"timestamp":1571431066,"path_taken":["M","?","M","M","M","R","$","E","T","?","M","R","E","M","R","BOSS"],"build_version":"2019-10-17","purchased_purges":1,"victory":false,"max_hp_per_floor":[82,82,82,82,82,82,82,82,82,82,82,82,82,82,82,82],"card_choices":[{"not_picked":["Fire Breathing","Sentinel"],"picked":"Disarm","floor":1},{"not_picked":["Rupture","Bloodletting"],"picked":"Sword Boomerang","floor":2},{"not_picked":["Thunderclap","Heavy Blade"],"picked":"Power Through","floor":3},{"not_picked":["Whirlwind","Armaments"],"picked":"Shrug It Off","floor":4},{"not_picked":["Heavy Blade","Power Through"],"picked":"Clothesline","floor":5},{"not_picked":["Heavy Blade","Rupture","Clothesline"],"picked":"SKIP","floor":8},{"not_picked":["True Grit","Twin Strike","Burning Pact"],"picked":"SKIP","floor":11},{"not_picked":["Feel No Pain","Reckless Charge"],"picked":"Carnage","floor":13},{"not_picked":["Havoc","Clothesline"],"picked":"Inflame","floor":14}],"player_experience":1635608,"relics_obtained":[{"floor":8,"key":"MawBank"},{"floor":9,"key":"Bottled Lightning"},{"floor":13,"key":"Mummified Hand"}],"event_choices":[{"damage_healed":0,"gold_gain":75,"player_choice":"Gather Gold","damage_taken":11,"max_hp_gain":0,"max_hp_loss":0,"event_name":"World of Goop","floor":10,"gold_loss":0}],"is_beta":true,"boss_relics":[],"items_purged_floors":[7],"is_endless":false,"potions_floor_spawned":[1,2,4,8],"killed_by":"The Guardian","ascension_level":20}