{"gold_per_floor":[112,187,198,198,198,228,248,280,280,343,343,4,4,22,22,99,99,114,125,139,139,157,157,174,174,201,231,248,283,283,263,263,263],"floor_reached":33,"playtime":1205,"items_purged":["Strike_R"],"score":640,"play_id":"21495192-4242-4ec3-9a49-23e623a91f00","local_time":"20191016102635","is_ascension_mode":true,"campfire_choices":[{"data":"Inflame","floor":11,"key":"SMITH"},{"data":"Apotheosis","floor":13,"key":"SMITH"},{"data":"Disarm","floor":15,"key":"SMITH"},{"data":"Inflame","floor":23,"key":"SMITH"},{"data":"Feel No Pain","floor":25,"key":"SMITH"},{"data":"Searing Blow+1","floor":30,"key":"SMITH"},{"data":"Searing Blow+2","floor":32,"key":"SMITH"}],"neow_cost":"NONE","seed_source_timestamp":135665690474900,"circlet_count":0,"master_deck":["AscendersBane","Strike_R","Strike_R","Strike_R","Strike_R","Defend_R","Defend_R","Defend_R","Defend_R","Bash","Inflame+1","Inflame+1","Twin Strike+1","Feel No Pain+1","Sword Boomerang","Twin Strike","Apotheosis+1","Disarm+1","Perfected Strike","Reaper","Havoc+1","Flame Barrier","Perfected Strike","Pain","Searing Blow+3","Shrug It Off+1","Shrug It Off"],"relics":["Burning Blood","NeowsBlessing","InkBottle","Regal Pillow","StrikeDummy","Bottled Flame","Cursed Key","Strawberry","Akabeko","Smiling Mask"],"potions_floor_usage":[10,14,22,27,28,33,33],"damage_taken":[{"damage":0,"enemies":"Small Slimes","floor":1,"turns":1},{"damage":0,"enemies":"2 Louse","floor":3,"turns":1},{"damage":0,"enemies":"3 Sentries","floor":6,"turns":2},{"damage":6,"enemies":"Cultist","floor":7,"turns":3},{"damage":32,"enemies":"Gremlin Nob","floor":8,"turns":4},{"damage":15,"enemies":"3 Sentries","floor":10,"turns":9},{"damage":29,"enemies":"Gremlin Gang","floor":14,"turns":8},{"damage":8,"enemies":"The Guardian","floor":16,"turns":9},{"damage":3,"enemies":"Spheric Guardian","floor":18,"turns":3},{"damage":0,"enemies":"Chosen","floor":19,"turns":2},{"damage":15,"enemies":"Centurion and Healer","floor":20,"turns":5},{"damage":12,"enemies":"Cultist and Chosen","floor":22,"turns":3},{"damage":12,"enemies":"Snake Plant","floor":24,"turns":3},{"damage":30,"enemies":"Book of Stabbing","floor":27,"turns":4},{"damage":4,"enemies":"Snecko","floor":28,"turns":4},{"damage":12,"enemies":"Gremlin Leader","floor":29,"turns":4},{"damage":86,"enemies":"Collector","floor":33,"turns":9}],"seed_played":"-6058912889420010920","potions_obtained":[{"floor":6,"key":"LiquidMemories"},{"floor":7,"key":"GamblersBrew"},{"floor":10,"key":"Regen Potion"},{"floor":18,"key":"LiquidMemories"},{"floor":24,"key":"Fire Potion"},{"floor":29,"key":"AttackPotion"},{"floor":31,"key":"Dexterity Potion"}],"is_trial":false,"path_per_floor":["M","?","M","?","?","E","M","E","T","?","R","$","R","M","R","B",null,"M","M","M","?","M","R","M","R","T","E","M","E","R","?","R","B"],"character_chosen":"IRONCLAD","items_purchased":["Apotheosis","Disarm"],"campfire_rested":0,"item_purchase_floors":[12,12],"current_hp_per_floor":[74,63,69,74,74,80,80,54,54,45,45,45,45,36,36,34,69,80,80,80,80,74,74,69,69,76,52,60,83,83,83,83,0],"gold":263,"neow_bonus":"THREE_ENEMY_KILL","is_prod":false,"is_daily":false,"chose_seed":false,"campfire_upgraded":7,"win_rate":0,"timestamp":1571246795,"path_taken":["M","?","M","?","?","E","M","E","T","?","R","?","R","M","R","BOSS","M","M","M","?","M","R","M","R","T","E","?","E","R","?","R","BOSS"],"build_version":"2019-10-15","purchased_purges":1,"victory":false,"max_hp_per_floor":[75,75,75,80,80,80,80,80,80,80,80,80,80,80,80,80,80,80,80,80,80,80,80,80,80,87,87,87,87,87,87,87,87],"card_choices":[{"not_picked":["Sword Boomerang","Whirlwind"],"picked":"Inflame","floor":1},{"not_picked":["Corruption","Seeing Red"],"picked":"Inflame","floor":3},{"not_picked":["Blood for Blood","Warcry"],"picked":"Twin Strike","floor":6},{"not_picked":["Cleave","Reckless Charge"],"picked":"Feel No Pain","floor":7},{"not_picked":["Ghostly Armor","Intimidate"],"picked":"Sword Boomerang","floor":8},{"not_picked":["Rupture","Rage"],"picked":"Twin Strike","floor":10},{"not_picked":["Wild Strike","Fire Breathing"],"picked":"Perfected Strike","floor":14},{"not_picked":["Demon Form","Exhume"],"picked":"Reaper","floor":16},{"not_picked":["Thunderclap","Inflame"],"picked":"Havoc+1","floor":18},{"not_picked":["True Grit","Shockwave"],"picked":"Flame Barrier","floor":19},{"not_picked":["Dual Wield","Battle Trance"],"picked":"Perfected Strike","floor":20},{"not_picked":["Havoc","Warcry","Armaments"],"picked":"SKIP","floor":22},{"not_picked":["Burning Pact","Clothesline","Cleave"],"picked":"SKIP","floor":24},{"not_picked":["Twin Strike","Sentinel"],"picked":"Searing Blow+1","floor":27},{"not_picked":["Iron Wave","Clash"],"picked":"Shrug It Off+1","floor":28},{"not_picked":["Ghostly Armor","Entrench"],"picked":"Shrug It Off","floor":29}],"player_experience":1587893,"relics_obtained":[{"floor":6,"key":"InkBottle"},{"floor":8,"key":"Regal Pillow"},{"floor":9,"key":"StrikeDummy"},{"floor":10,"key":"Bottled Flame"},{"floor":26,"key":"Strawberry"},{"floor":27,"key":"Akabeko"},{"floor":29,"key":"Smiling Mask"}],"event_choices":[{"damage_healed":0,"gold_gain":75,"player_choice":"Gather Gold","damage_taken":11,"max_hp_gain":0,"max_hp_loss":0,"event_name":"World of Goop","floor":2,"gold_loss":0},{"damage_healed":0,"gold_gain":0,"player_choice":"Donut","damage_taken":0,"max_hp_gain":5,"max_hp_loss":0,"event_name":"Big Fish","floor":4,"gold_loss":0},{"damage_healed":0,"gold_gain":0,"player_choice":"Ignored","damage_taken":0,"max_hp_gain":0,"max_hp_loss":0,"event_name":"Liars Game","floor":5,"gold_loss":0},{"damage_healed":0,"gold_gain":0,"player_choice":"Searched \u00271\u0027 times","damage_taken":0,"max_hp_gain":0,"max_hp_loss":0,"event_name":"Dead Adventurer","floor":10,"gold_loss":0},{"damage_healed":0,"gold_gain":0,"player_choice":"Forge","damage_taken":0,"max_hp_gain":0,"max_hp_loss":0,"event_name":"Accursed Blacksmith","floor":21,"gold_loss":0,"cards_upgraded":["Twin Strike"]},{"damage_healed":0,"gold_gain":0,"player_choice":"Bought 1 Potion","damage_taken":0,"max_hp_gain":0,"max_hp_loss":0,"event_name":"The Woman in Blue","floor":31,"gold_loss":0}],"is_beta":true,"boss_relics":[{"not_picked":["Runic Dome","Pandora\u0027s Box"],"picked":"Cursed Key"}],"items_purged_floors":[12],"is_endless":false,"potions_floor_spawned":[6,7,10,18,24,29],"killed_by":"Collector","ascension_level":20}