{"gold_per_floor":[114,127,147,28,28,28,61,61,86,111,122,149,163,11,11,84,84,104,122,0,0,14,14,14],"floor_reached":24,"playtime":752,"items_purged":["Strike_R"],"score":432,"play_id":"78187839-0c07-402b-b95f-63be0d7cba71","local_time":"20191014130633","is_ascension_mode":true,"campfire_choices":[{"data":"Uppercut","floor":6.0,"key":"SMITH"},{"floor":8.0,"key":"REST"},{"data":"Combust","floor":15.0,"key":"SMITH"},{"floor":23,"key":"REST"}],"neow_cost":"NONE","seed_source_timestamp":330847428194900,"circlet_count":0,"master_deck":["AscendersBane","Strike_R","Strike_R","Strike_R","Strike_R","Defend_R","Defend_R","Defend_R","Defend_R","Bash+1","Uppercut+1","Combust+1","Feel No Pain","Spot Weakness","Inflame","Disarm","Limit Break","Heavy Blade","Second Wind+1","Pummel"],"special_seed":0,"relics":["Burning Blood","Akabeko","Bag of Marbles","Bronze Scales","Oddly Smooth Stone","Boot","Sozu"],"potions_floor_usage":[16,16],"damage_taken":[{"damage":7.0,"enemies":"Cultist","floor":1.0,"turns":4.0},{"damage":3.0,"enemies":"2 Louse","floor":2.0,"turns":4.0},{"damage":8.0,"enemies":"Jaw Worm","floor":3.0,"turns":4.0},{"damage":44.0,"enemies":"Lagavulin","floor":7.0,"turns":7.0},{"damage":23.0,"enemies":"3 Sentries","floor":10.0,"turns":7.0},{"damage":13.0,"enemies":"Large Slime","floor":11.0,"turns":4.0},{"damage":6.0,"enemies":"Gremlin Nob","floor":12.0,"turns":3.0},{"damage":7.0,"enemies":"3 Louse","floor":13.0,"turns":3.0},{"damage":14,"enemies":"Slime Boss","floor":16,"turns":7},{"damage":27,"enemies":"Chosen","floor":18,"turns":4},{"damage":17,"enemies":"Spheric Guardian","floor":19,"turns":5},{"damage":24,"enemies":"Snake Plant","floor":22,"turns":4},{"damage":37,"enemies":"Gremlin Leader","floor":24,"turns":5}],"seed_played":"816998921109454020","potions_obtained":[{"floor":1.0,"key":"Ancient Potion"},{"floor":3.0,"key":"BloodPotion"},{"floor":11.0,"key":"Energy Potion"},{"floor":12.0,"key":"Fire Potion"}],"is_trial":false,"path_per_floor":["M","M","M","$","?","R","E","R","T","E","M","E","M","$","R","B",null,"M","M","?","?","M","R","E"],"character_chosen":"IRONCLAD","items_purchased":["Feel No Pain","Spot Weakness","Disarm"],"campfire_rested":2,"item_purchase_floors":[4,4,14],"current_hp_per_floor":[67,70,68,68,68,68,30,52,52,35,28,28,27,27,27,19,61,40,29,29,29,11,33,0],"gold":14,"neow_bonus":"UPGRADE_CARD","is_prod":false,"is_daily":false,"chose_seed":false,"campfire_upgraded":2,"win_rate":0,"timestamp":1571083593,"path_taken":["M","M","M","$","?","R","E","R","T","E","M","E","M","?","R","BOSS","M","M","?","?","M","R","E"],"build_version":"2019-10-11","purchased_purges":1,"victory":false,"max_hp_per_floor":[75,75,75,75,75,75,75,75,75,75,75,75,75,75,75,75,75,75,75,75,75,75,75,75],"card_choices":[{"not_picked":["Metallicize","Seeing Red"],"picked":"Uppercut","floor":1.0},{"not_picked":["Iron Wave","Carnage"],"picked":"Combust","floor":2.0},{"not_picked":["Perfected Strike","Rage","Pommel Strike"],"picked":"SKIP","floor":3.0},{"not_picked":["Heavy Blade","Warcry","Thunderclap"],"picked":"SKIP","floor":7.0},{"not_picked":["Pommel Strike","Flex","Iron Wave"],"picked":"SKIP","floor":10.0},{"not_picked":["Warcry","Iron Wave"],"picked":"Inflame","floor":11.0},{"not_picked":["Iron Wave","Dark Embrace","Whirlwind"],"picked":"SKIP","floor":12.0},{"not_picked":["Iron Wave","Dark Embrace","Whirlwind"],"picked":"SKIP","floor":12.0},{"not_picked":["Blood for Blood","Seeing Red","Iron Wave"],"picked":"SKIP","floor":13.0},{"not_picked":["Fiend Fire","Barricade"],"picked":"Limit Break","floor":16},{"not_picked":["Perfected Strike","Burning Pact"],"picked":"Heavy Blade","floor":18},{"not_picked":["Cleave","Havoc"],"picked":"Second Wind+1","floor":19},{"not_picked":["Perfected Strike","Rupture"],"picked":"Pummel","floor":22}],"player_experience":1565758,"relics_obtained":[{"floor":7.0,"key":"Bag of Marbles"},{"floor":9.0,"key":"Bronze Scales"},{"floor":10.0,"key":"Oddly Smooth Stone"},{"floor":12.0,"key":"Boot"}],"event_choices":[{"damage_healed":0.0,"max_hp_gain":0.0,"max_hp_loss":0.0,"gold_gain":0.0,"event_name":"WeMeetAgain","player_choice":"Gave Potion","floor":5.0,"gold_loss":0.0,"damage_taken":0.0,"relics_obtained":["Akabeko"]},{"damage_healed":0,"gold_gain":0,"player_choice":"Paid Fearfully","damage_taken":0,"max_hp_gain":0,"max_hp_loss":0,"event_name":"Masked Bandits","floor":20,"gold_loss":122},{"damage_healed":0,"gold_gain":0,"player_choice":"Got Potions","damage_taken":0,"max_hp_gain":0,"max_hp_loss":0,"event_name":"Lab","floor":21,"gold_loss":0}],"is_beta":true,"boss_relics":[{"not_picked":["Runic Dome","Black Star"],"picked":"Sozu"}],"items_purged_floors":[14],"is_endless":false,"potions_floor_spawned":[1,3,11,12,13,22],"killed_by":"Gremlin Leader","ascension_level":20}