{"gold_per_floor":[13,33,33,47,62,62,96,110,165,179,104,132,132,148,148,225,225,235,255,33,33,33,33,60,60,60,85,85,101,101,201,201,275,275,295,345,355,372,387,387,422,422,422,440,7,20,20,40,40,40,40],"floor_reached":52,"playtime":2285,"items_purged":["Strike_R"],"score":1993,"play_id":"3eefb739-4b23-4ddf-ae87-924081cfc5cd","local_time":"20191004134053","is_ascension_mode":true,"campfire_choices":[{"data":"Metallicize","floor":6,"key":"SMITH"},{"data":"Metallicize","floor":13,"key":"SMITH"},{"data":"Fire Breathing","floor":15,"key":"SMITH"},{"floor":23,"key":"REST"},{"floor":25,"key":"REST"},{"data":"Limit Break","floor":30,"key":"SMITH"},{"data":"Inflame","floor":32,"key":"SMITH"},{"data":"Berserk","floor":40,"key":"SMITH"},{"data":"Heavy Blade","floor":42,"key":"SMITH"},{"data":"Spot Weakness","floor":47,"key":"SMITH"},{"data":"Seeing Red","floor":49,"key":"SMITH"}],"neow_cost":"NO_GOLD","seed_source_timestamp":255842076073300,"circlet_count":0,"master_deck":["AscendersBane","Defend_R","Defend_R","Defend_R","Defend_R","Bash","Apotheosis+1","Metallicize+1","Battle Trance+1","Metallicize+1","Clothesline","Shrug It Off+1","Limit Break+1","Immolate","Inflame+1","PanicButton","Bite","Bite","Bite","Bite","Bite","Seeing Red+1","Seeing Red+1","Second Wind","Power Through","Berserk+1","Seeing Red+1","Heavy Blade","Spot Weakness+1","Heavy Blade+1","Reaper","Headbutt"],"relics":["Burning Blood","Pear","Bronze Scales","War Paint","Shuriken","Runic Pyramid","PreservedInsect","Gambling Chip","Kunai","Mummified Hand","Ginger","Philosopher\u0027s Stone","Bottled Flame","Lantern","HornCleat"],"potions_floor_usage":[5,12,19,24,50],"damage_taken":[{"damage":3,"enemies":"Small Slimes","floor":1,"turns":4},{"damage":2,"enemies":"Cultist","floor":2,"turns":4},{"damage":0,"enemies":"Jaw Worm","floor":4,"turns":4},{"damage":32,"enemies":"Lots of Slimes","floor":5,"turns":6},{"damage":55,"enemies":"Gremlin Nob","floor":7,"turns":5},{"damage":0,"enemies":"Exordium Wildlife","floor":8,"turns":6},{"damage":0,"enemies":"2 Fungi Beasts","floor":10,"turns":4},{"damage":0,"enemies":"Lagavulin","floor":12,"turns":7},{"damage":0,"enemies":"Looter","floor":14,"turns":4},{"damage":22,"enemies":"Slime Boss","floor":16,"turns":7},{"damage":1,"enemies":"Chosen","floor":18,"turns":5},{"damage":23,"enemies":"2 Thieves","floor":19,"turns":3},{"damage":48,"enemies":"Book of Stabbing","floor":24,"turns":6},{"damage":23,"enemies":"Slavers","floor":27,"turns":4},{"damage":3,"enemies":"Centurion and Healer","floor":29,"turns":6},{"damage":6,"enemies":"Colosseum Slavers","floor":31,"turns":3},{"damage":3,"enemies":"Colosseum Nobs","floor":31,"turns":3},{"damage":6,"enemies":"Automaton","floor":33,"turns":12},{"damage":2,"enemies":"3 Shapes","floor":35,"turns":10},{"damage":5,"enemies":"Orb Walker","floor":37,"turns":3},{"damage":0,"enemies":"Jaw Worm Horde","floor":38,"turns":3},{"damage":14,"enemies":"4 Shapes","floor":39,"turns":5},{"damage":0,"enemies":"Giant Head","floor":41,"turns":5},{"damage":0,"enemies":"3 Darklings","floor":44,"turns":3},{"damage":14,"enemies":"Jaw Worm Horde","floor":46,"turns":5},{"damage":7,"enemies":"Sphere and 2 Shapes","floor":48,"turns":11},{"damage":43,"enemies":"Time Eater","floor":50,"turns":6},{"damage":99,"enemies":"Donu and Deca","floor":51,"turns":9}],"seed_played":"5030840845796552709","potions_obtained":[{"floor":2,"key":"BloodPotion"},{"floor":8,"key":"AttackPotion"},{"floor":10,"key":"BloodPotion"},{"floor":12,"key":"PowerPotion"},{"floor":27,"key":"FearPotion"},{"floor":29,"key":"FearPotion"},{"floor":41,"key":"Swift Potion"}],"is_trial":false,"path_per_floor":["M","M","?","M","M","R","E","M","T","M","?","E","R","M","R","B",null,"M","M","$","?","?","R","E","R","T","E","?","M","R","?","R","B",null,"M","?","M","M","M","R","E","R","T","M","$","M","R","M","R","B","B",null],"character_chosen":"IRONCLAD","items_purchased":["Inflame","PanicButton","Reaper","HornCleat"],"campfire_rested":2,"item_purchase_floors":[20,20,45,45],"current_hp_per_floor":[71,75,75,75,64,64,25,31,31,37,37,60,60,66,66,50,76,81,64,64,59,43,62,34,53,53,53,53,64,64,64,64,64,64,64,64,64,64,64,64,64,64,64,64,64,63,63,64,64,64,18],"gold":40,"neow_bonus":"RANDOM_COLORLESS_2","is_prod":false,"is_daily":false,"chose_seed":false,"campfire_upgraded":9,"win_rate":0,"timestamp":1570221653,"path_taken":["M","M","?","M","M","R","E","?","T","M","?","E","R","M","R","BOSS","M","?","$","?","?","R","E","R","T","E","?","?","R","?","R","BOSS","M","?","?","M","M","R","E","R","T","M","$","M","R","M","R","BOSS","BOSS"],"build_version":"2019-10-03","purchased_purges":1,"victory":true,"max_hp_per_floor":[75,75,75,75,75,75,85,85,85,85,85,85,85,85,85,85,85,85,85,85,59,64,64,64,64,64,64,64,64,64,64,64,64,64,64,64,64,64,64,64,64,64,64,64,64,64,64,64,64,64,64],"card_choices":[{"not_picked":["Panache","Mayhem"],"picked":"Apotheosis","floor":0},{"not_picked":["Warcry","Wild Strike"],"picked":"Metallicize","floor":1},{"not_picked":["Armaments","Havoc","Twin Strike"],"picked":"SKIP","floor":2},{"not_picked":["Havoc","Thunderclap","Pommel Strike"],"picked":"SKIP","floor":4},{"not_picked":["Headbutt","Twin Strike"],"picked":"Battle Trance","floor":5},{"not_picked":["Sword Boomerang","Twin Strike"],"picked":"Metallicize","floor":7},{"not_picked":["Clash","Pummel"],"picked":"Clothesline","floor":8},{"not_picked":["Body Slam","Sentinel"],"picked":"Shrug It Off","floor":10},{"not_picked":["Clothesline","Whirlwind"],"picked":"Limit Break","floor":12},{"not_picked":["Anger","Iron Wave"],"picked":"Fire Breathing","floor":14},{"not_picked":["Feed","Offering"],"picked":"Immolate","floor":16},{"not_picked":["Twin Strike","Havoc","Clash"],"picked":"SKIP","floor":18},{"not_picked":["Cleave","Headbutt","Twin Strike"],"picked":"SKIP","floor":19},{"not_picked":["Combust","Power Through"],"picked":"Seeing Red","floor":24},{"not_picked":["Hemokinesis","Limit Break"],"picked":"Seeing Red+1","floor":27},{"not_picked":["Havoc","Burning Pact"],"picked":"Second Wind","floor":29},{"not_picked":["Rupture+1","Reckless Charge"],"picked":"Power Through","floor":31},{"not_picked":["Juggernaut","Limit Break"],"picked":"Berserk","floor":33},{"not_picked":["Iron Wave+1","Body Slam"],"picked":"Seeing Red+1","floor":35},{"not_picked":["Anger","Iron Wave"],"picked":"Heavy Blade","floor":37},{"not_picked":["Headbutt","Perfected Strike"],"picked":"Spot Weakness","floor":38},{"not_picked":["Clothesline","Body Slam","Clash"],"picked":"SKIP","floor":39},{"not_picked":["Armaments","Juggernaut"],"picked":"Heavy Blade","floor":41},{"not_picked":["Anger","Rampage","Armaments+1"],"picked":"SKIP","floor":44},{"not_picked":["Armaments","Evolve+1","Headbutt"],"picked":"SKIP","floor":46},{"not_picked":["Armaments","Evolve+1"],"picked":"Headbutt","floor":46},{"not_picked":["Wild Strike","Intimidate","Perfected Strike"],"picked":"SKIP","floor":48}],"player_experience":1238839,"relics_obtained":[{"floor":7,"key":"Pear"},{"floor":9,"key":"Bronze Scales"},{"floor":12,"key":"Shuriken"},{"floor":24,"key":"PreservedInsect"},{"floor":26,"key":"Gambling Chip"},{"floor":27,"key":"Kunai"},{"floor":31,"key":"Mummified Hand"},{"floor":31,"key":"Ginger"},{"floor":41,"key":"Bottled Flame"},{"floor":43,"key":"Lantern"}],"event_choices":[{"damage_healed":0,"gold_gain":0,"player_choice":"Upgraded","damage_taken":0,"max_hp_gain":0,"max_hp_loss":0,"event_name":"Upgrade Shrine","floor":3,"gold_loss":0,"cards_upgraded":["Apotheosis"]},{"damage_healed":0,"gold_gain":0,"player_choice":"Paid Gold","damage_taken":0,"relics_obtained":["War Paint"],"max_hp_gain":0,"max_hp_loss":0,"event_name":"WeMeetAgain","floor":11,"gold_loss":75},{"damage_healed":0,"gold_gain":0,"player_choice":"Became a vampire","damage_taken":0,"max_hp_gain":0,"max_hp_loss":26,"event_name":"Vampires","floor":21,"gold_loss":0,"cards_obtained":["Bite","Bite","Bite","Bite","Bite"]},{"damage_healed":0,"gold_gain":0,"player_choice":"Shed Blood","damage_taken":21,"max_hp_gain":5,"max_hp_loss":0,"event_name":"Forgotten Altar","floor":22,"gold_loss":0},{"cards_removed":["Fire Breathing"],"damage_healed":0,"gold_gain":0,"player_choice":"Purged","damage_taken":0,"max_hp_gain":0,"max_hp_loss":0,"event_name":"Purifier","floor":28,"gold_loss":0},{"damage_healed":0,"gold_gain":0,"player_choice":"Fight","damage_taken":0,"max_hp_gain":0,"max_hp_loss":0,"event_name":"Colosseum","floor":31,"gold_loss":0},{"damage_healed":0,"gold_gain":0,"player_choice":"Fought Nobs","damage_taken":0,"max_hp_gain":0,"max_hp_loss":0,"event_name":"Colosseum","floor":31,"gold_loss":0},{"damage_healed":0,"gold_gain":50,"player_choice":"Pray","damage_taken":0,"max_hp_gain":0,"max_hp_loss":0,"event_name":"Golden Shrine","floor":36,"gold_loss":0}],"is_beta":true,"boss_relics":[{"not_picked":["Snecko Eye","Runic Cube"],"picked":"Runic Pyramid"},{"not_picked":["Runic Dome","Black Blood"],"picked":"Philosopher\u0027s Stone"}],"items_purged_floors":[20],"is_endless":false,"potions_floor_spawned":[2,8,10,12,27,29,31,41,44,46,48],"ascension_level":20}