{"gold_per_floor":[119,119,134,149,168,168,199,217,217,244,256,299,327,365,377,389],"floor_reached":16,"playtime":1204,"items_purged":[],"score":125,"play_id":"d46d3553-9bdf-4415-9edc-c2f97397c8b9","local_time":"20190913231006","is_ascension_mode":true,"campfire_choices":[{"data":"Auto Shields","floor":6,"key":"SMITH"},{"data":"Echo Form","floor":11,"key":"SMITH"},{"data":"Coolheaded","floor":15,"key":"SMITH"}],"neow_cost":"NONE","seed_source_timestamp":127047679847200,"circlet_count":0,"master_deck":["Strike_B","Strike_B","Strike_B","Strike_B","Defend_B","Defend_B","Defend_B","Defend_B","Zap","Dualcast","Steam","Reboot","Auto Shields+1","Storm","Rebound","Coolheaded","Echo Form+1","Steam","Melter","Aggregate","Coolheaded+1"],"relics":["Cracked Core","Incense Burner","MawBank","Bag of Preparation","Odd Mushroom"],"potions_floor_usage":[12,16,16],"damage_taken":[{"damage":2,"enemies":"Jaw Worm","floor":1,"turns":4},{"damage":1,"enemies":"Cultist","floor":3,"turns":3},{"damage":0,"enemies":"Small Slimes","floor":4,"turns":3},{"damage":1,"enemies":"2 Fungi Beasts","floor":5,"turns":5},{"damage":24,"enemies":"Lagavulin","floor":7,"turns":8},{"damage":20,"enemies":"Looter","floor":8,"turns":4},{"damage":1,"enemies":"Exordium Wildlife","floor":10,"turns":4},{"damage":13,"enemies":"Gremlin Nob","floor":12,"turns":5},{"damage":4,"enemies":"Red Slaver","floor":13,"turns":3},{"damage":0,"enemies":"The Mushroom Lair","floor":14,"turns":3},{"damage":17,"enemies":"Slime Boss","floor":16,"turns":8}],"seed_played":"-2669799810273999818","potions_obtained":[{"floor":1,"key":"AttackPotion"},{"floor":7,"key":"Strength Potion"},{"floor":8,"key":"Explosive Potion"},{"floor":12,"key":"Ancient Potion"}],"is_trial":false,"path_per_floor":["M","?","M","M","M","R","E","M","T","M","R","E","M","?","R","B"],"character_chosen":"DEFECT","items_purchased":[],"campfire_rested":0,"item_purchase_floors":[],"current_hp_per_floor":[80,80,79,79,78,78,54,34,34,33,33,20,16,16,16,0],"gold":389,"neow_bonus":"TEN_PERCENT_HP_BONUS","is_prod":false,"is_daily":false,"chose_seed":false,"campfire_upgraded":3,"win_rate":0,"timestamp":1568409006,"path_taken":["M","?","M","M","?","R","E","?","T","M","R","E","M","?","R","BOSS"],"build_version":"2019-07-17","purchased_purges":0,"victory":false,"max_hp_per_floor":[82,82,82,82,82,82,82,82,82,82,82,82,82,82,82,82],"card_choices":[{"not_picked":["Redo","Compile Driver"],"picked":"Steam","floor":1},{"not_picked":["Darkness","Blizzard"],"picked":"Storm","floor":3},{"not_picked":["Go for the Eyes","Undo"],"picked":"Rebound","floor":4},{"not_picked":["Turbo","Fusion"],"picked":"Coolheaded","floor":5},{"not_picked":["Hologram","BootSequence"],"picked":"Echo Form","floor":7},{"not_picked":["Gash","Redo","Cold Snap"],"picked":"SKIP","floor":8},{"not_picked":["Gash","Rebound"],"picked":"Steam","floor":10},{"not_picked":["Genetic Algorithm","Doom and Gloom"],"picked":"Melter","floor":12},{"not_picked":["Rebound","Barrage"],"picked":"Aggregate","floor":13},{"not_picked":["Barrage","Go for the Eyes"],"picked":"Coolheaded","floor":14}],"player_experience":103519,"relics_obtained":[{"floor":7,"key":"Incense Burner"},{"floor":9,"key":"MawBank"},{"floor":12,"key":"Bag of Preparation"},{"floor":14,"key":"Odd Mushroom"}],"event_choices":[{"damage_healed":0,"gold_gain":0,"player_choice":"2 cards matched","damage_taken":0,"max_hp_gain":0,"max_hp_loss":0,"event_name":"Match and Keep!","floor":2,"gold_loss":0,"cards_obtained":["Reboot","Auto Shields"]},{"damage_healed":0,"gold_gain":0,"player_choice":"Fought Mushrooms","damage_taken":0,"max_hp_gain":0,"max_hp_loss":0,"event_name":"Mushrooms","floor":14,"gold_loss":0}],"is_beta":false,"boss_relics":[],"items_purged_floors":[],"is_endless":false,"potions_floor_spawned":[1,7,8,12],"killed_by":"Slime Boss","ascension_level":2}