{"gold_per_floor":[111,111,61,74,26,54,54,64,110,139,139,239,256,51,51,152,152,164,176,193,208,133,160,172,183,183,210,210,310,310,326,326,427,427,446,159,0,0,15,15,33,33,33,33,49,68,68,78,78,78],"floor_reached":51,"playtime":4273,"items_purged":["Strike_B","Strike_B+1"],"score":699,"play_id":"1d41dd07-1ac5-4754-a1e8-5c8df75124d3","local_time":"20190621205114","is_ascension_mode":false,"campfire_choices":[{"data":"Defragment","floor":7,"key":"SMITH"},{"data":"Coolheaded","floor":11,"key":"SMITH"},{"data":"Coolheaded","floor":15,"key":"SMITH"},{"data":"Echo Form","floor":28,"key":"SMITH"},{"data":"Rainbow","floor":30,"key":"SMITH"},{"data":"Blizzard","floor":32,"key":"SMITH"},{"data":"Capacitor","floor":40,"key":"SMITH"},{"data":"Defend_B","floor":42,"key":"SMITH"},{"data":"Defend_B","floor":44,"key":"SMITH"},{"data":"Defend_B","floor":47,"key":"SMITH"},{"data":"Defend_B","floor":49,"key":"SMITH"}],"neow_cost":"NONE","seed_source_timestamp":785200758577414,"circlet_count":0,"master_deck":["Defend_B+1","Defend_B+1","Defend_B+1","Defend_B+1","Zap","Dualcast","Go for the Eyes+1","Defragment+1","Coolheaded+1","Coolheaded+1","Defragment+1","Echo Form+1","Coolheaded+1","Rainbow+1","Blizzard+1","Self Repair","Machine Learning","Capacitor+1","Loop+1"],"relics":["Cracked Core","Boot","Pen Nib","Centennial Puzzle","DollysMirror","Cursed Key","Mummified Hand","Whetstone","Du-Vu Doll","Darkstone Periapt","Philosopher\u0027s Stone","Anchor","Red Mask"],"potions_floor_usage":[21,23,29,29,29,50],"damage_taken":[{"damage":6,"enemies":"Jaw Worm","floor":1,"turns":3},{"damage":0,"enemies":"Small Slimes","floor":4,"turns":3},{"damage":16,"enemies":"Lagavulin","floor":6,"turns":11},{"damage":0,"enemies":"Cultist","floor":8,"turns":4},{"damage":14,"enemies":"Gremlin Nob","floor":10,"turns":5},{"damage":0,"enemies":"2 Fungi Beasts","floor":13,"turns":4},{"damage":16,"enemies":"Slime Boss","floor":16,"turns":14},{"damage":5,"enemies":"Chosen","floor":18,"turns":4},{"damage":0,"enemies":"Shell Parasite","floor":19,"turns":7},{"damage":7,"enemies":"Snake Plant","floor":20,"turns":5},{"damage":13,"enemies":"Centurion and Healer","floor":21,"turns":8},{"damage":26,"enemies":"Gremlin Leader","floor":23,"turns":11},{"damage":0,"enemies":"Snecko","floor":24,"turns":7},{"damage":0,"enemies":"Sentry and Sphere","floor":25,"turns":5},{"damage":0,"enemies":"Book of Stabbing","floor":27,"turns":6},{"damage":4,"enemies":"Colosseum Slavers","floor":29,"turns":6},{"damage":8,"enemies":"Colosseum Nobs","floor":29,"turns":3},{"damage":7,"enemies":"3 Cultists","floor":31,"turns":5},{"damage":1,"enemies":"Automaton","floor":33,"turns":11},{"damage":4,"enemies":"Orb Walker","floor":35,"turns":4},{"damage":0,"enemies":"3 Shapes","floor":39,"turns":4},{"damage":17,"enemies":"Transient","floor":41,"turns":5},{"damage":3,"enemies":"Writhing Mass","floor":45,"turns":5},{"damage":0,"enemies":"3 Darklings","floor":46,"turns":5},{"damage":5,"enemies":"Transient","floor":48,"turns":5},{"damage":18,"enemies":"Time Eater","floor":50,"turns":10}],"seed_played":"-3710754844108006212","potions_obtained":[{"floor":4,"key":"Explosive Potion"},{"floor":6,"key":"Weak Potion"},{"floor":13,"key":"EssenceOfSteel"},{"floor":19,"key":"Poison Potion"},{"floor":20,"key":"Swift Potion"},{"floor":24,"key":"FearPotion"},{"floor":25,"key":"Poison Potion"},{"floor":29,"key":"FocusPotion"},{"floor":33,"key":"Swift Potion"},{"floor":39,"key":"SteroidPotion"},{"floor":41,"key":"Regen Potion"}],"is_trial":false,"path_per_floor":["M","?","?","M","$","E","R","M","T","E","R","?","M","$","R","B",null,"M","M","M","M","$","E","M","M","T","E","R","?","R","M","R","B",null,"M","$","?","?","M","R","M","R","T","R","M","M","R","M","R","B",null],"character_chosen":"DEFECT","items_purchased":["Coolheaded","DollysMirror","Capacitor","Anchor"],"campfire_rested":0,"item_purchase_floors":[5,14,36,36],"current_hp_per_floor":[76,69,69,69,69,53,53,53,53,39,39,39,39,39,39,23,82,77,77,70,57,57,31,31,31,31,38,38,40,40,40,40,46,82,82,82,82,82,82,82,72,72,72,72,76,82,82,82,82,71],"gold":78,"neow_bonus":"TEN_PERCENT_HP_BONUS","is_prod":false,"is_daily":false,"chose_seed":false,"campfire_upgraded":11,"win_rate":0.0,"timestamp":1561175474,"path_taken":["M","?","?","M","?","E","R","?","T","E","R","?","?","$","R","BOSS","M","M","M","?","$","E","M","?","T","E","R","?","R","M","R","BOSS","M","$","?","?","M","R","M","R","T","R","M","M","R","M","R","BOSS"],"build_version":"2019-01-23","purchased_purges":2,"victory":true,"max_hp_per_floor":[82,82,82,82,82,82,82,82,82,82,82,82,82,82,82,82,82,82,82,82,82,82,82,82,82,82,82,82,82,82,82,82,82,82,82,82,82,82,82,82,82,82,82,82,82,82,82,82,82,82],"card_choices":[{"not_picked":["Streamline","Reprogram"],"picked":"Go for the Eyes","floor":1},{"not_picked":["Rebound","Gash"],"picked":"Defragment","floor":4},{"not_picked":["Barrage","Hello World","Cold Snap"],"picked":"SKIP","floor":6},{"not_picked":["Gash","Chaos","Conserve Battery"],"picked":"SKIP","floor":8},{"not_picked":["Go for the Eyes","Conserve Battery"],"picked":"Coolheaded","floor":10},{"not_picked":["Go for the Eyes","Storm","Scrape"],"picked":"SKIP","floor":13},{"not_picked":["Multi-Cast","Creative AI"],"picked":"Echo Form","floor":16},{"not_picked":["Cold Snap","Ball Lightning+1"],"picked":"Coolheaded+1","floor":18},{"not_picked":["Ball Lightning","Storm","Beam Cell"],"picked":"SKIP","floor":19},{"not_picked":["Reinforced Body","Cold Snap","Beam Cell+1"],"picked":"SKIP","floor":20},{"not_picked":["Stack","Hologram"],"picked":"Rainbow","floor":21},{"not_picked":["Hologram+1","Aggregate","Steam"],"picked":"SKIP","floor":23},{"not_picked":["Beam Cell","Ball Lightning+1"],"picked":"Blizzard","floor":24},{"not_picked":["Conserve Battery+1","Chaos"],"picked":"Self Repair","floor":25},{"not_picked":["Scrape+1","Leap","Fusion+1"],"picked":"SKIP","floor":27},{"not_picked":["Chaos+1","Stack","Beam Cell"],"picked":"SKIP","floor":31},{"not_picked":["Seek","Rainbow"],"picked":"Machine Learning","floor":33},{"not_picked":["Redo","Undo","Beam Cell"],"picked":"SKIP","floor":35},{"not_picked":["Sweeping Beam+1","Consume"],"picked":"Loop+1","floor":39},{"not_picked":["Barrage","Conserve Battery+1","Steam+1"],"picked":"SKIP","floor":41},{"not_picked":["FTL+1","Sweeping Beam+1","Ball Lightning"],"picked":"SKIP","floor":45},{"not_picked":["Ball Lightning","Sweeping Beam","Leap"],"picked":"SKIP","floor":46},{"not_picked":["Scrape+1","Tempest+1","Lockon"],"picked":"SKIP","floor":48}],"player_experience":40022,"relics_obtained":[{"floor":6,"key":"Boot"},{"floor":9,"key":"Pen Nib"},{"floor":10,"key":"Centennial Puzzle"},{"floor":23,"key":"Mummified Hand"},{"floor":27,"key":"Whetstone"},{"floor":29,"key":"Du-Vu Doll"},{"floor":29,"key":"Darkstone Periapt"}],"event_choices":[{"cards_removed":["Strike_B"],"damage_healed":0,"gold_gain":0,"player_choice":"Card Removal","damage_taken":7,"max_hp_gain":0,"max_hp_loss":0,"event_name":"Golden Wing","floor":2,"gold_loss":0},{"cards_removed":["Strike_B"],"damage_healed":0,"gold_gain":0,"player_choice":"Card Removal","damage_taken":0,"max_hp_gain":0,"max_hp_loss":0,"event_name":"The Cleric","floor":3,"gold_loss":50},{"damage_healed":0,"gold_gain":100,"player_choice":"Pray","damage_taken":0,"max_hp_gain":0,"max_hp_loss":0,"event_name":"Golden Shrine","floor":12,"gold_loss":0},{"damage_healed":0,"gold_gain":0,"player_choice":"Fight","damage_taken":0,"max_hp_gain":0,"max_hp_loss":0,"event_name":"Colosseum","floor":29,"gold_loss":0},{"damage_healed":0,"gold_gain":0,"player_choice":"Fought Nobs","damage_taken":0,"max_hp_gain":0,"max_hp_loss":0,"event_name":"Colosseum","floor":29,"gold_loss":0},{"damage_healed":0,"gold_gain":0,"player_choice":"Paid","damage_taken":0,"relics_obtained":["Red Mask"],"max_hp_gain":0,"max_hp_loss":0,"event_name":"Tomb of Lord Red Mask","floor":37,"gold_loss":159},{"damage_healed":0,"gold_gain":0,"player_choice":"Memory 1","damage_taken":0,"max_hp_gain":0,"max_hp_loss":0,"event_name":"SensoryStone","floor":38,"gold_loss":0}],"is_beta":false,"boss_relics":[{"not_picked":["Eternal Feather","White Beast Statue"],"picked":"Cursed Key"},{"not_picked":["Nuclear Battery","Velvet Choker"],"picked":"Philosopher\u0027s Stone"}],"items_purged_floors":[22,36],"is_endless":false,"potions_floor_spawned":[4,6,13,19,20,24,25,29,33,39,41,48],"ascension_level":0}