{"gold_per_floor":[115,128,148,148,159,194,194,228,228,260,260,12,27,38,38,137,137,152,169,186,204,224,224,78,109,134,134,134,134,144,155,155,259,259,277,277,297,197,211,246,246,266,320,320,336,362,121,133,133,133],"floor_reached":51,"playtime":4036,"items_purged":["Strike_R","Strike_R"],"score":996,"play_id":"5b3e9e4d-7098-4f0b-8964-26df39457d70","local_time":"20190905205919","is_ascension_mode":true,"campfire_choices":[{"data":"Armaments","floor":7.0,"key":"SMITH"},{"data":"Shrug It Off","floor":11.0,"key":"SMITH"},{"data":"Defend_R","floor":15.0,"key":"SMITH"},{"data":"Demon Form","floor":23.0,"key":"SMITH"},{"floor":27.0,"key":"REST"},{"floor":29.0,"key":"REST"},{"floor":32.0,"key":"REST"},{"data":"Metallicize","floor":41.0,"key":"SMITH"},{"data":"Uppercut","floor":44.0,"key":"SMITH"},{"data":"Defend_R","floor":49,"key":"SMITH"}],"neow_cost":"NONE","seed_source_timestamp":0,"circlet_count":0,"master_deck":["Defend_R+1","Defend_R+1","Defend_R+1","Defend_R+1","Bash","Armaments+1","Headbutt","Uppercut+1","Iron Wave","Shrug It Off+1","Demon Form+1","Pommel Strike+1","Reaper","Headbutt+1","Metallicize+1","Feed","Iron Wave+1","Shrug It Off+1","Heavy Blade"],"special_seed":0,"relics":["Burning Blood","Lantern","Centennial Puzzle","Pen Nib","Gremlin Horn","Mercury Hourglass","Empty Cage","Vajra","War Paint","Busted Crown","Magic Flower","Orichalcum","Mummified Hand","Pear"],"potions_floor_usage":[50,50],"damage_taken":[{"damage":7.0,"enemies":"Small Slimes","floor":1.0,"turns":3.0},{"damage":1.0,"enemies":"Cultist","floor":2.0,"turns":4.0},{"damage":6.0,"enemies":"2 Louse","floor":3.0,"turns":3.0},{"damage":5.0,"enemies":"2 Fungi Beasts","floor":5.0,"turns":5.0},{"damage":7.0,"enemies":"Gremlin Nob","floor":6.0,"turns":4.0},{"damage":12.0,"enemies":"Lagavulin","floor":8.0,"turns":7.0},{"damage":20.0,"enemies":"3 Sentries","floor":10.0,"turns":9.0},{"damage":0.0,"enemies":"Lots of Slimes","floor":13.0,"turns":2.0},{"damage":0.0,"enemies":"Gremlin Gang","floor":14.0,"turns":1.0},{"damage":19.0,"enemies":"Hexaghost","floor":16.0,"turns":11.0},{"damage":14.0,"enemies":"Shell Parasite","floor":18.0,"turns":10.0},{"damage":8.0,"enemies":"Spheric Guardian","floor":19.0,"turns":5.0},{"damage":18.0,"enemies":"Centurion and Healer","floor":20.0,"turns":8.0},{"damage":6.0,"enemies":"Sentry and Sphere","floor":21.0,"turns":11.0},{"damage":17.0,"enemies":"Snake Plant","floor":22.0,"turns":5.0},{"damage":48.0,"enemies":"Book of Stabbing","floor":25.0,"turns":7.0},{"damage":38.0,"enemies":"Shelled Parasite and Fungi","floor":30.0,"turns":6.0},{"damage":26.0,"enemies":"Centurion and Healer","floor":31.0,"turns":11.0},{"damage":52.0,"enemies":"Automaton","floor":33.0,"turns":10.0},{"damage":16.0,"enemies":"Orb Walker","floor":35.0,"turns":4.0},{"damage":15.0,"enemies":"3 Shapes","floor":37.0,"turns":5.0},{"damage":12.0,"enemies":"Jaw Worm Horde","floor":39.0,"turns":5.0},{"damage":2.0,"enemies":"Reptomancer","floor":40.0,"turns":5.0},{"damage":35.0,"enemies":"Spire Growth","floor":42.0,"turns":6.0},{"damage":21.0,"enemies":"3 Darklings","floor":45.0,"turns":8.0},{"damage":10.0,"enemies":"Nemesis","floor":46.0,"turns":9.0},{"damage":23,"enemies":"Writhing Mass","floor":48,"turns":7},{"damage":54,"enemies":"Time Eater","floor":50,"turns":13}],"seed_played":"7402495280365803214","potions_obtained":[{"floor":0.0,"key":"SteroidPotion"},{"floor":0.0,"key":"SneckoOil"},{"floor":0.0,"key":"Block Potion"},{"floor":3.0,"key":"Swift Potion"},{"floor":4.0,"key":"EntropicBrew"},{"floor":4.0,"key":"AttackPotion"},{"floor":10.0,"key":"Energy Potion"},{"floor":13.0,"key":"Dexterity Potion"},{"floor":19.0,"key":"Ancient Potion"},{"floor":21.0,"key":"SkillPotion"},{"floor":22.0,"key":"Regen Potion"},{"floor":25.0,"key":"Weak Potion"},{"floor":33.0,"key":"Explosive Potion"},{"floor":35.0,"key":"Weak Potion"},{"floor":39.0,"key":"AttackPotion"},{"floor":42.0,"key":"Dexterity Potion"}],"is_trial":false,"path_per_floor":["M","M","M","?","M","E","R","E","T","E","R","$","M","M","R","B",null,"M","M","M","M","M","R","$","E","T","R","?","R","M","M","R","B",null,"M","?","M","$","M","E","R","M","T","R","M","E","$","M","R","B",null],"character_chosen":"IRONCLAD","items_purchased":["Mercury Hourglass","Reaper","Pear"],"campfire_rested":3,"item_purchase_floors":[12,24,47],"current_hp_per_floor":[71,76,76,76,77,76,76,70,70,56,56,56,62,68,68,55,74,66,64,52,52,41,41,41,35,35,59,44,69,45,63,85,39,74,78,78,91,91,94,98,98,78,78,78,102,101,111,103,103,102],"gold":133,"neow_bonus":"THREE_SMALL_POTIONS","is_prod":false,"is_daily":false,"chose_seed":false,"campfire_upgraded":7,"win_rate":0,"timestamp":1567742359,"path_taken":["M","M","M","?","M","E","R","E","T","E","R","?","M","M","R","BOSS","M","M","M","M","M","R","$","E","T","R","?","R","M","M","R","BOSS","M","?","M","$","?","E","R","M","T","R","M","E","$","M","R","BOSS"],"build_version":"2019-07-17","purchased_purges":2,"victory":true,"max_hp_per_floor":[80,80,80,80,80,80,80,80,80,80,80,80,80,80,80,80,80,80,80,80,80,80,80,80,80,80,80,85,85,85,85,85,85,85,88,88,91,91,94,98,98,102,102,102,102,102,112,116,116,116],"card_choices":[{"not_picked":["Wild Strike","Bloodletting"],"picked":"Armaments","floor":1.0},{"not_picked":["Hemokinesis","Twin Strike"],"picked":"Headbutt","floor":2.0},{"not_picked":["Twin Strike","Rage","Armaments"],"picked":"SKIP","floor":3.0},{"not_picked":["Sword Boomerang","Shockwave","Seeing Red"],"picked":"SKIP","floor":5.0},{"not_picked":["Rage","Havoc"],"picked":"Uppercut","floor":6.0},{"not_picked":["Body Slam","Sword Boomerang"],"picked":"Iron Wave","floor":8.0},{"not_picked":["Burning Pact","Fiend Fire"],"picked":"Shrug It Off","floor":10.0},{"not_picked":["Dropkick","Cleave","Power Through"],"picked":"SKIP","floor":13.0},{"not_picked":["Iron Wave","Body Slam","Havoc"],"picked":"SKIP","floor":14.0},{"not_picked":["Brutality","Berserk"],"picked":"Demon Form","floor":16.0},{"not_picked":["Cleave","Headbutt"],"picked":"Pommel Strike+1","floor":18.0},{"not_picked":["Flex","Havoc","Whirlwind"],"picked":"SKIP","floor":19.0},{"not_picked":["Warcry","Reckless Charge","Evolve"],"picked":"SKIP","floor":20.0},{"not_picked":["Second Wind","Flex","Anger"],"picked":"SKIP","floor":21.0},{"not_picked":["Warcry+1","Bloodletting","Whirlwind+1"],"picked":"SKIP","floor":22.0},{"not_picked":["Bloodletting","Reaper"],"picked":"Headbutt+1","floor":25.0},{"not_picked":["Bloodletting","Armaments","Thunderclap"],"picked":"SKIP","floor":30.0},{"not_picked":["Ghostly Armor+1","Flex"],"picked":"Metallicize","floor":31.0},{"not_picked":["Demon Form","Juggernaut"],"picked":"Feed","floor":33.0},{"not_picked":["Second Wind+1"],"picked":"SKIP","floor":35.0},{"not_picked":[],"picked":"Iron Wave+1","floor":37.0},{"not_picked":["Feel No Pain"],"picked":"SKIP","floor":39.0},{"not_picked":["Burning Pact"],"picked":"SKIP","floor":40.0},{"not_picked":["Burning Pact"],"picked":"SKIP","floor":40.0},{"not_picked":[],"picked":"Shrug It Off+1","floor":42.0},{"not_picked":["True Grit"],"picked":"SKIP","floor":45.0},{"not_picked":["Combust+1"],"picked":"SKIP","floor":46.0},{"not_picked":[],"picked":"Heavy Blade","floor":48}],"player_experience":264886,"relics_obtained":[{"floor":6.0,"key":"Lantern"},{"floor":8.0,"key":"Centennial Puzzle"},{"floor":9.0,"key":"Pen Nib"},{"floor":10.0,"key":"Gremlin Horn"},{"floor":25.0,"key":"Vajra"},{"floor":26.0,"key":"War Paint"},{"floor":40.0,"key":"Magic Flower"},{"floor":43.0,"key":"Orichalcum"},{"floor":46.0,"key":"Mummified Hand"}],"event_choices":[{"damage_healed":0.0,"max_hp_gain":0.0,"max_hp_loss":0.0,"gold_gain":0.0,"event_name":"Lab","player_choice":"Got Potions","floor":4.0,"gold_loss":0.0,"damage_taken":0.0},{"damage_healed":0.0,"max_hp_gain":5.0,"max_hp_loss":0.0,"gold_gain":0.0,"event_name":"Forgotten Altar","player_choice":"Shed Blood","floor":28.0,"gold_loss":0.0,"damage_taken":20.0},{"cards_removed":["Strike_R"],"damage_healed":0.0,"max_hp_gain":0.0,"max_hp_loss":0.0,"gold_gain":0.0,"event_name":"Wheel of Change","player_choice":"Card Removal","floor":36.0,"gold_loss":0.0,"damage_taken":0.0}],"is_beta":false,"boss_relics":[{"not_picked":["Astrolabe","Orrery"],"picked":"Empty Cage"},{"not_picked":["Cursed Key","Tiny House"],"picked":"Busted Crown"}],"items_purged_floors":[24,38],"is_endless":false,"potions_floor_spawned":[3,10,13,14,19,21,22,25,33,35,39,42],"ascension_level":6}