{"gold_per_floor":[115,131,143,143,161,161,186,186,186,204,204,129,146,176,176,247,247,265,285,303,323,323,323,348,348,348,379,178,178,197,210,210,284,284,297,313,31,31,43,43],"floor_reached":40,"playtime":1272,"items_purged":["Decay"],"score":980,"play_id":"de90a9b5-f66e-47fd-9c6e-1b50c2be12b4","local_time":"20191018130720","is_ascension_mode":true,"campfire_choices":[{"data":"Perfected Strike","floor":6,"key":"SMITH"},{"floor":8,"key":"REST"},{"data":"Perfected Strike","floor":11,"key":"SMITH"},{"floor":15,"key":"REST"},{"data":"Bash","floor":23,"key":"SMITH"},{"data":"Flame Barrier","floor":25,"key":"SMITH"},{"data":"Apotheosis","floor":32,"key":"SMITH"}],"neow_cost":"NONE","seed_source_timestamp":318046525025700,"circlet_count":0,"master_deck":["AscendersBane","Strike_R+1","Strike_R+1","Strike_R+1","Strike_R+1","Strike_R+1","Defend_R+1","Defend_R+1","Defend_R+1","Defend_R+1","Bash+1","Wild Strike","Perfected Strike+1","Double Tap","Shrug It Off","Shrug It Off","Perfected Strike+1","Twin Strike","Double Tap","True Grit+1","Power Through","Dual Wield","Flame Barrier+1","Impervious","Apotheosis+1","Twin Strike+1","Impervious","Feel No Pain+1","Power Through"],"relics":["Burning Blood","Potion Belt","StrikeDummy","Eternal Feather","Velvet Choker","MutagenicStrength","Paper Frog","Molten Egg 2","Regal Pillow","SacredBark","Bottled Flame"],"potions_floor_usage":[10,16,24,33,33,40,40,40,40],"damage_taken":[{"damage":0,"enemies":"2 Louse","floor":1,"turns":3},{"damage":1,"enemies":"Cultist","floor":2,"turns":3},{"damage":0,"enemies":"Jaw Worm","floor":3,"turns":3},{"damage":48,"enemies":"Large Slime","floor":5,"turns":7},{"damage":27,"enemies":"3 Sentries","floor":7,"turns":7},{"damage":5,"enemies":"Exordium Wildlife","floor":10,"turns":4},{"damage":7,"enemies":"3 Louse","floor":13,"turns":3},{"damage":12,"enemies":"Lagavulin","floor":14,"turns":3},{"damage":0,"enemies":"Slime Boss","floor":16,"turns":5},{"damage":0,"enemies":"Chosen","floor":18,"turns":3},{"damage":0,"enemies":"Spheric Guardian","floor":19,"turns":1},{"damage":4,"enemies":"Snake Plant","floor":20,"turns":4},{"damage":11,"enemies":"3 Cultists","floor":21,"turns":4},{"damage":33,"enemies":"Gremlin Leader","floor":24,"turns":4},{"damage":19,"enemies":"Book of Stabbing","floor":27,"turns":4},{"damage":0,"enemies":"Chosen and Byrds","floor":30,"turns":4},{"damage":0,"enemies":"Snake Plant","floor":31,"turns":3},{"damage":49,"enemies":"Automaton","floor":33,"turns":10},{"damage":23,"enemies":"3 Darklings","floor":35,"turns":10},{"damage":3,"enemies":"3 Shapes","floor":36,"turns":3},{"damage":15,"enemies":"Sphere and 2 Shapes","floor":39,"turns":10},{"damage":91,"enemies":"Giant Head","floor":40,"turns":8}],"seed_played":"-1468666154600770054","potions_obtained":[{"floor":1,"key":"FearPotion"},{"floor":7,"key":"EssenceOfSteel"},{"floor":16,"key":"FearPotion"},{"floor":20,"key":"Block Potion"},{"floor":27,"key":"DuplicationPotion"},{"floor":30,"key":"Strength Potion"},{"floor":35,"key":"Explosive Potion"},{"floor":36,"key":"ElixirPotion"},{"floor":39,"key":"Block Potion"}],"is_trial":false,"path_per_floor":["M","M","M","?","M","R","E","R","T","M","R","$","M","E","R","B",null,"M","M","M","M","?","R","E","R","T","E","$","?","M","M","R","B",null,"M","M","$","?","M","E"],"character_chosen":"IRONCLAD","items_purchased":["Apotheosis","Bottled Flame"],"campfire_rested":2,"item_purchase_floors":[28,37],"current_hp_per_floor":[74,75,75,75,33,33,12,34,34,35,35,35,34,28,59,65,73,75,75,75,70,70,75,48,60,60,47,47,47,53,59,74,31,64,47,50,50,50,41,0],"gold":43,"neow_bonus":"RANDOM_COLORLESS","is_prod":false,"is_daily":false,"chose_seed":false,"campfire_upgraded":5,"win_rate":0,"timestamp":1571429240,"path_taken":["M","M","M","?","M","R","E","R","T","M","R","$","M","E","R","BOSS","M","?","M","M","?","R","E","R","T","E","$","?","M","M","R","BOSS","M","M","$","?","M","E"],"build_version":"2019-10-17","purchased_purges":1,"victory":false,"max_hp_per_floor":[75,75,75,75,75,75,75,75,75,75,75,75,75,75,75,75,75,75,75,75,75,75,75,75,75,75,75,75,75,75,75,75,75,75,75,75,75,75,75,75],"card_choices":[{"not_picked":["Swift Strike","Blind"],"picked":"Finesse","floor":0},{"not_picked":["Warcry","Heavy Blade"],"picked":"Wild Strike","floor":1},{"not_picked":["Body Slam","Rage"],"picked":"Perfected Strike","floor":2},{"not_picked":["Pommel Strike","Iron Wave"],"picked":"Double Tap","floor":3},{"not_picked":["Cleave","Clash"],"picked":"Shrug It Off","floor":5},{"not_picked":["Iron Wave","Anger"],"picked":"Shrug It Off","floor":7},{"not_picked":["Clash","Thunderclap"],"picked":"Perfected Strike","floor":10},{"not_picked":["Corruption","Bloodletting"],"picked":"Twin Strike","floor":13},{"not_picked":["Cleave","Searing Blow","Clash"],"picked":"SKIP","floor":14},{"not_picked":["Exhume","Dark Embrace"],"picked":"Double Tap","floor":16},{"not_picked":["Inflame","Anger+1"],"picked":"True Grit+1","floor":18},{"not_picked":["Flex","Armaments"],"picked":"Power Through","floor":19},{"not_picked":["Blood for Blood","Flex","Iron Wave"],"picked":"SKIP","floor":20},{"not_picked":["Spot Weakness+1","Second Wind"],"picked":"Dual Wield","floor":21},{"not_picked":["Clothesline","Inflame"],"picked":"Flame Barrier","floor":24},{"not_picked":["Havoc","Spot Weakness"],"picked":"Impervious","floor":27},{"not_picked":["Entrench","Whirlwind+1"],"picked":"Twin Strike+1","floor":30},{"not_picked":["Body Slam+1","Thunderclap+1","Warcry"],"picked":"SKIP","floor":31},{"not_picked":["Offering","Limit Break"],"picked":"Impervious","floor":33},{"not_picked":["Wild Strike+1","Disarm","Clash+1"],"picked":"SKIP","floor":35},{"not_picked":["Burning Pact","Clash+1"],"picked":"Feel No Pain+1","floor":36},{"not_picked":["Metallicize+1","Clash+1"],"picked":"Power Through","floor":39}],"player_experience":1633160,"relics_obtained":[{"floor":7,"key":"Potion Belt"},{"floor":9,"key":"StrikeDummy"},{"floor":14,"key":"Eternal Feather"},{"floor":24,"key":"Paper Frog"},{"floor":26,"key":"Molten Egg 2"},{"floor":27,"key":"Regal Pillow"}],"event_choices":[{"damage_healed":0,"gold_gain":0,"player_choice":"Cursed","damage_taken":0,"max_hp_gain":0,"max_hp_loss":0,"event_name":"Wheel of Change","floor":4,"gold_loss":0,"cards_obtained":["Decay"]},{"damage_healed":0,"gold_gain":0,"player_choice":"Inject Mutagens","damage_taken":0,"relics_obtained":["MutagenicStrength"],"max_hp_gain":0,"max_hp_loss":0,"event_name":"Drug Dealer","floor":22,"gold_loss":0},{"damage_healed":0,"gold_gain":0,"player_choice":"Simplicity","damage_taken":0,"max_hp_gain":0,"max_hp_loss":0,"event_name":"Back to Basics","floor":29,"gold_loss":0,"cards_upgraded":["Strike_R","Strike_R","Strike_R","Strike_R","Strike_R","Defend_R","Defend_R","Defend_R","Defend_R"]},{"cards_removed":["Finesse"],"damage_healed":0,"gold_gain":0,"player_choice":"Removed Skill","damage_taken":0,"max_hp_gain":0,"max_hp_loss":0,"event_name":"Falling","floor":38,"gold_loss":0}],"is_beta":true,"boss_relics":[{"not_picked":["SlaversCollar","Coffee Dripper"],"picked":"Velvet Choker"},{"not_picked":["Pandora\u0027s Box","Busted Crown"],"picked":"SacredBark"}],"items_purged_floors":[12],"is_endless":false,"potions_floor_spawned":[1,7,16,20,27,30,35,36,39],"killed_by":"Giant Head","ascension_level":20}