{"gold_per_floor":[118,78,89,101,26,26,26,26,26,26,26,50,65,85,85,204,204,225,238,251,251,276,276,300,225,225,68,86,105,123,123],"floor_reached":31,"playtime":2872,"items_purged":["Defend_R"],"score":233,"play_id":"568ff2a5-cdbd-460f-83b0-57731be6b093","local_time":"20190910011314","is_ascension_mode":false,"campfire_choices":[{"data":"Uppercut","floor":6,"key":"SMITH"},{"data":"Battle Trance","floor":8,"key":"SMITH"},{"data":"Fiend Fire","floor":15,"key":"SMITH"},{"floor":23,"key":"REST"}],"neow_cost":"NONE","seed_source_timestamp":1445106028186100,"circlet_count":0,"master_deck":["Strike_R","Strike_R","Strike_R","Strike_R","Strike_R","Defend_R","Defend_R","Defend_R","Bash","Battle Trance+1","Uppercut+1","Clothesline","Twin Strike","Fiend Fire+1","Infernal Blade","Offering","Headbutt","Anger","Pommel Strike","Ghostly Armor","Impervious","Rampage","Pommel Strike","Sword Boomerang"],"relics":["Burning Blood","Golden Idol","Regal Pillow","Sozu","Nilry\u0027s Codex","Self Forming Clay","Blood Vial"],"potions_floor_usage":[16,16,16,20,30,30],"damage_taken":[{"damage":5,"enemies":"Cultist","floor":1,"turns":4},{"damage":5,"enemies":"Small Slimes","floor":3,"turns":3},{"damage":3,"enemies":"2 Louse","floor":4,"turns":3},{"damage":1,"enemies":"Exordium Thugs","floor":12,"turns":4},{"damage":2,"enemies":"Looter","floor":13,"turns":2},{"damage":0,"enemies":"Large Slime","floor":14,"turns":3},{"damage":49,"enemies":"Hexaghost","floor":16,"turns":6},{"damage":6,"enemies":"Chosen","floor":18,"turns":3},{"damage":18,"enemies":"3 Byrds","floor":19,"turns":5},{"damage":34,"enemies":"Centurion and Healer","floor":20,"turns":4},{"damage":12,"enemies":"3 Cultists","floor":22,"turns":4},{"damage":21,"enemies":"Snake Plant","floor":24,"turns":3},{"damage":16,"enemies":"Sentry and Sphere","floor":28,"turns":4},{"damage":27,"enemies":"Shelled Parasite and Fungi","floor":29,"turns":5},{"damage":24,"enemies":"Centurion and Healer","floor":30,"turns":6},{"damage":17,"enemies":"Snecko","floor":31,"turns":2}],"seed_played":"949703588924363606","potions_obtained":[{"floor":1,"key":"FairyPotion"},{"floor":3,"key":"Poison Potion"},{"floor":10,"key":"EntropicBrew"},{"floor":10,"key":"SteroidPotion"},{"floor":10,"key":"Explosive Potion"},{"floor":13,"key":"Energy Potion"},{"floor":16,"key":"SkillPotion"}],"is_trial":false,"path_per_floor":["M","$","M","M","$","R","?","R","T","?","$","M","M","M","R","B",null,"M","M","M","?","M","R","M","?","T","$","M","M","M","M"],"character_chosen":"IRONCLAD","items_purchased":["Uppercut","Blood Vial"],"campfire_rested":1,"item_purchase_floors":[2,27],"current_hp_per_floor":[88,88,88,88,88,88,66,66,66,66,66,71,75,81,81,38,88,88,76,48,32,26,67,52,52,52,52,44,25,9,0],"gold":123,"neow_bonus":"TEN_PERCENT_HP_BONUS","is_prod":false,"is_daily":false,"chose_seed":false,"campfire_upgraded":3,"win_rate":0.0,"timestamp":1568070794,"path_taken":["M","?","M","M","$","R","?","R","T","?","$","M","M","M","R","BOSS","M","M","M","?","M","R","M","?","T","$","M","M","M","M"],"build_version":"2019-07-17","purchased_purges":1,"victory":false,"max_hp_per_floor":[88,88,88,88,88,88,88,88,88,88,88,88,88,88,88,88,88,88,88,88,88,88,88,88,88,88,88,88,88,88,88],"card_choices":[{"not_picked":["Whirlwind","Flex"],"picked":"Battle Trance","floor":1},{"not_picked":["Uppercut","Flex"],"picked":"Clothesline","floor":3},{"not_picked":["Sword Boomerang","Corruption"],"picked":"Twin Strike","floor":4},{"not_picked":["Perfected Strike","Whirlwind"],"picked":"Fiend Fire","floor":12},{"not_picked":["Iron Wave","Dual Wield"],"picked":"Heavy Blade","floor":13},{"not_picked":["Cleave","Pummel"],"picked":"Infernal Blade","floor":14},{"not_picked":["Barricade","Juggernaut"],"picked":"Offering","floor":16},{"not_picked":["Perfected Strike","Clothesline"],"picked":"Headbutt","floor":18},{"not_picked":["Rage","Warcry+1"],"picked":"Anger","floor":19},{"not_picked":["Seeing Red","True Grit"],"picked":"Pommel Strike","floor":20},{"not_picked":["Cleave","Disarm"],"picked":"Ghostly Armor","floor":22},{"not_picked":["Flex","Anger"],"picked":"Impervious","floor":24},{"not_picked":["Armaments","Flex"],"picked":"Rampage","floor":28},{"not_picked":["Sword Boomerang","Flame Barrier"],"picked":"Pommel Strike","floor":29},{"not_picked":["Feel No Pain+1","Heavy Blade"],"picked":"Sword Boomerang","floor":30}],"player_experience":11359,"relics_obtained":[{"floor":9,"key":"Regal Pillow"},{"floor":21,"key":"Nilry\u0027s Codex"},{"floor":26,"key":"Self Forming Clay"}],"event_choices":[{"damage_healed":0,"gold_gain":0,"player_choice":"Take Damage","damage_taken":22,"relics_obtained":["Golden Idol"],"max_hp_gain":0,"max_hp_loss":0,"event_name":"Golden Idol","floor":7,"gold_loss":0},{"damage_healed":0,"gold_gain":0,"player_choice":"Got Potions","damage_taken":0,"max_hp_gain":0,"max_hp_loss":0,"event_name":"Lab","floor":10,"gold_loss":0},{"damage_healed":0,"gold_gain":0,"player_choice":"Obtained Book","damage_taken":16,"max_hp_gain":0,"max_hp_loss":0,"event_name":"Cursed Tome","floor":21,"gold_loss":0},{"cards_removed":["Heavy Blade"],"damage_healed":0,"gold_gain":0,"player_choice":"Gave Gold","damage_taken":0,"max_hp_gain":0,"max_hp_loss":0,"event_name":"Beggar","floor":25,"gold_loss":75}],"is_beta":false,"boss_relics":[{"not_picked":["Eternal Feather","Empty Cage"],"picked":"Sozu"}],"items_purged_floors":[5],"is_endless":false,"potions_floor_spawned":[1,3,13,16,18,24,28,30],"killed_by":"Snecko","ascension_level":0}