{"gold_per_floor":[109,127,147,157,175,175,209,209,209,239,257,222,222,234,234,307,307,317,317,333,333,343,343,353,22,47,63,74,74,74,89,89,89],"floor_reached":33,"playtime":1401,"items_purged":[],"score":526,"play_id":"510c38dc-b72c-44e6-a741-1fbc4483ad60","local_time":"20191004090327","is_ascension_mode":true,"campfire_choices":[{"data":"Combust","floor":6,"key":"SMITH"},{"data":"Disarm","floor":15,"key":"SMITH"},{"data":"Clothesline","floor":23,"key":"SMITH"},{"data":"Bash","floor":29,"key":"SMITH"},{"data":"Headbutt","floor":32,"key":"SMITH"}],"neow_cost":"NONE","seed_source_timestamp":240086348499500,"circlet_count":0,"master_deck":["AscendersBane","Strike_R+1","Strike_R+1","Strike_R+1","Strike_R+1","Strike_R+1","Defend_R+1","Defend_R+1","Defend_R+1","Defend_R+1","Bash+1","Ghostly Armor","Headbutt+1","Anger","Combust+1","Disarm+1","Battle Trance","Impervious","Clothesline+1","Evolve","Armaments+1","Corruption","Ghostly+1","Ghostly+1","Ghostly+1"],"relics":["Burning Blood","InkBottle","Oddly Smooth Stone","Eternal Feather","Toy Ornithopter","Snecko Eye","White Beast Statue","Toxic Egg 2","PreservedInsect"],"potions_floor_usage":[4,10,10,10,10,16,20,22,27,28,31,33],"damage_taken":[{"damage":1,"enemies":"Cultist","floor":1,"turns":4},{"damage":7,"enemies":"Small Slimes","floor":2,"turns":5},{"damage":7,"enemies":"Jaw Worm","floor":3,"turns":4},{"damage":5,"enemies":"Red Slaver","floor":4,"turns":4},{"damage":6,"enemies":"Looter","floor":5,"turns":3},{"damage":34,"enemies":"Lagavulin","floor":7,"turns":6},{"damage":10,"enemies":"Gremlin Nob","floor":10,"turns":3},{"damage":5,"enemies":"Exordium Thugs","floor":11,"turns":5},{"damage":0,"enemies":"Blue Slaver","floor":14,"turns":5},{"damage":29,"enemies":"The Guardian","floor":16,"turns":15},{"damage":10,"enemies":"Shell Parasite","floor":18,"turns":6},{"damage":4,"enemies":"3 Byrds","floor":20,"turns":5},{"damage":24,"enemies":"3 Cultists","floor":22,"turns":5},{"damage":3,"enemies":"Snake Plant","floor":24,"turns":4},{"damage":19,"enemies":"Sentry and Sphere","floor":27,"turns":7},{"damage":5,"enemies":"Cultist and Chosen","floor":28,"turns":5},{"damage":16,"enemies":"3 Cultists","floor":31,"turns":6},{"damage":65,"enemies":"Automaton","floor":33,"turns":6}],"seed_played":"8034928453889576744","potions_obtained":[{"floor":1,"key":"SkillPotion"},{"floor":2,"key":"LiquidBronze"},{"floor":7,"key":"EntropicBrew"},{"floor":11,"key":"SteroidPotion"},{"floor":14,"key":"LiquidBronze"},{"floor":18,"key":"GamblersBrew"},{"floor":20,"key":"SkillPotion"},{"floor":22,"key":"FearPotion"},{"floor":24,"key":"DuplicationPotion"},{"floor":27,"key":"PowerPotion"},{"floor":28,"key":"Swift Potion"},{"floor":31,"key":"Explosive Potion"}],"is_trial":false,"path_per_floor":["M","M","M","M","M","R","E","?","T","E","M","?","?","M","R","B",null,"M","T","M","?","M","R","M","$","T","M","M","R","?","M","R","B"],"character_chosen":"IRONCLAD","items_purchased":["Toxic Egg 2","Armaments+1"],"campfire_rested":0,"item_purchase_floors":[25,25],"current_hp_per_floor":[73,72,71,72,72,72,44,21,21,17,18,36,36,42,51,33,65,61,61,68,68,55,64,67,67,67,59,65,75,37,27,37,0],"gold":89,"neow_bonus":"RANDOM_COMMON_RELIC","is_prod":false,"is_daily":false,"chose_seed":false,"campfire_upgraded":5,"win_rate":0,"timestamp":1570205007,"path_taken":["M","M","M","M","M","R","E","?","T","E","M","?","?","M","R","BOSS","M","?","M","?","?","R","M","$","T","M","M","R","?","M","R","BOSS"],"build_version":"2019-10-03","purchased_purges":0,"victory":false,"max_hp_per_floor":[75,75,75,75,75,75,75,75,75,75,75,75,75,75,75,75,75,75,75,75,75,75,75,75,75,75,75,75,75,37,37,37,37],"card_choices":[{"not_picked":["Cleave","Armaments"],"picked":"Ghostly Armor","floor":1},{"not_picked":["Clash","Metallicize"],"picked":"Headbutt","floor":2},{"not_picked":["True Grit","Armaments"],"picked":"Anger","floor":3},{"not_picked":["Headbutt","Twin Strike"],"picked":"Combust","floor":4},{"not_picked":["Searing Blow","Sever Soul"],"picked":"Disarm","floor":5},{"not_picked":["Barricade","Infernal Blade","Pommel Strike"],"picked":"SKIP","floor":7},{"not_picked":["Sword Boomerang","Dark Embrace"],"picked":"Battle Trance","floor":10},{"not_picked":["Sentinel","Headbutt","Warcry"],"picked":"SKIP","floor":11},{"not_picked":["Corruption","Anger","Bloodletting"],"picked":"SKIP","floor":14},{"not_picked":["Barricade","Reaper"],"picked":"Impervious","floor":16},{"not_picked":["Battle Trance","Blood for Blood","Twin Strike"],"picked":"SKIP","floor":18},{"not_picked":["Iron Wave","Havoc","Hemokinesis"],"picked":"SKIP","floor":20},{"not_picked":["Twin Strike","True Grit"],"picked":"Clothesline","floor":22},{"not_picked":["Iron Wave","Anger"],"picked":"Evolve","floor":24},{"not_picked":["Iron Wave","Fire Breathing"],"picked":"Corruption","floor":27},{"not_picked":["Havoc+1","Spot Weakness+1","Heavy Blade"],"picked":"SKIP","floor":28},{"not_picked":["Iron Wave","Anger","Reckless Charge"],"picked":"SKIP","floor":31}],"player_experience":1223616,"relics_obtained":[{"floor":7,"key":"Oddly Smooth Stone"},{"floor":9,"key":"Eternal Feather"},{"floor":10,"key":"Toy Ornithopter"},{"floor":19,"key":"White Beast Statue"},{"floor":26,"key":"PreservedInsect"}],"event_choices":[{"damage_healed":0,"gold_gain":0,"player_choice":"Entered Light","damage_taken":23,"max_hp_gain":0,"max_hp_loss":0,"event_name":"Shining Light","floor":8,"gold_loss":0,"cards_upgraded":["Defend_R","Defend_R"]},{"damage_healed":18,"gold_gain":0,"player_choice":"Healed","damage_taken":0,"max_hp_gain":0,"max_hp_loss":0,"event_name":"The Cleric","floor":12,"gold_loss":35},{"damage_healed":0,"gold_gain":0,"player_choice":"0 cards matched","damage_taken":0,"max_hp_gain":0,"max_hp_loss":0,"event_name":"Match and Keep!","floor":13,"gold_loss":0,"cards_obtained":[]},{"damage_healed":0,"gold_gain":0,"player_choice":"Simplicity","damage_taken":0,"max_hp_gain":0,"max_hp_loss":0,"event_name":"Back to Basics","floor":21,"gold_loss":0,"cards_upgraded":["Strike_R","Strike_R","Strike_R","Strike_R","Strike_R","Defend_R","Defend_R"]},{"damage_healed":0,"gold_gain":0,"player_choice":"Became a Ghost","damage_taken":0,"max_hp_gain":0,"max_hp_loss":38,"event_name":"Ghosts","floor":30,"gold_loss":0,"cards_obtained":["Ghostly","Ghostly","Ghostly"]}],"is_beta":true,"boss_relics":[{"not_picked":["Coffee Dripper","Philosopher\u0027s Stone"],"picked":"Snecko Eye"}],"items_purged_floors":[],"is_endless":false,"potions_floor_spawned":[1,2,7,11,14,18,20,22,24,27,28,31],"killed_by":"Automaton","ascension_level":20}