{"gold_per_floor":[364,364,364,382,395,395,423,439,464,464,474,505,525,525],"floor_reached":14,"playtime":544,"items_purged":[],"score":153,"play_id":"3ab2fcac-91fd-4f7c-9e05-669ad50cf4f8","local_time":"20190927222137","is_ascension_mode":true,"campfire_choices":[{"floor":6,"key":"REST"},{"floor":10,"key":"REST"}],"neow_cost":"PERCENT_DAMAGE","seed_source_timestamp":656864264597700,"circlet_count":0,"master_deck":["AscendersBane","Strike_R","Strike_R","Strike_R","Strike_R","Strike_R","Defend_R","Defend_R","Defend_R","Defend_R","Bash","Twin Strike","Cleave","Demon Form","Carnage","Heavy Blade","Carnage"],"relics":["Burning Blood","Art of War","Pen Nib","Bronze Scales","Boot"],"potions_floor_usage":[7,8,12],"damage_taken":[{"damage":6,"enemies":"Small Slimes","floor":1,"turns":4},{"damage":0,"enemies":"2 Louse","floor":4,"turns":4},{"damage":7,"enemies":"Jaw Worm","floor":5,"turns":4},{"damage":21,"enemies":"Gremlin Nob","floor":7,"turns":4},{"damage":25,"enemies":"Gremlin Gang","floor":8,"turns":5},{"damage":12,"enemies":"Looter","floor":11,"turns":3},{"damage":15,"enemies":"3 Sentries","floor":12,"turns":4},{"damage":17,"enemies":"3 Louse","floor":13,"turns":3},{"damage":32,"enemies":"Exordium Wildlife","floor":14,"turns":4}],"seed_played":"-7954622997047995402","potions_obtained":[{"floor":4,"key":"PowerPotion"},{"floor":7,"key":"Energy Potion"},{"floor":8,"key":"SkillPotion"}],"is_trial":false,"path_per_floor":["M","?","?","M","M","R","E","M","T","R","M","E","M","M"],"character_chosen":"IRONCLAD","items_purchased":[],"campfire_rested":2,"item_purchase_floors":[],"current_hp_per_floor":[51,26,26,32,31,55,40,21,21,45,39,30,19,0],"gold":525,"neow_bonus":"TWO_FIFTY_GOLD","is_prod":false,"is_daily":false,"chose_seed":false,"campfire_upgraded":0,"win_rate":0,"timestamp":1569615697,"path_taken":["M","?","?","M","?","R","E","M","T","R","?","E","M","M"],"build_version":"2019-07-17","purchased_purges":0,"victory":false,"max_hp_per_floor":[80,80,80,80,80,80,80,80,80,80,80,80,80,80],"card_choices":[{"not_picked":["Sword Boomerang","Heavy Blade"],"picked":"Twin Strike","floor":1},{"not_picked":["Thunderclap","True Grit"],"picked":"Cleave","floor":4},{"not_picked":["Bloodletting","Havoc","Corruption"],"picked":"SKIP","floor":5},{"not_picked":["Wild Strike","Infernal Blade"],"picked":"Demon Form","floor":7},{"not_picked":["Clash","Ghostly Armor"],"picked":"Carnage","floor":8},{"not_picked":["Warcry","Havoc"],"picked":"Heavy Blade","floor":11},{"not_picked":["Warcry","Combust"],"picked":"Carnage","floor":12},{"not_picked":["Body Slam","Blood for Blood","Heavy Blade"],"picked":"SKIP","floor":13}],"player_experience":266411,"relics_obtained":[{"floor":7,"key":"Pen Nib"},{"floor":9,"key":"Bronze Scales"},{"floor":12,"key":"Boot"}],"event_choices":[{"damage_healed":0,"gold_gain":0,"player_choice":"Success","damage_taken":25,"relics_obtained":["Art of War"],"max_hp_gain":0,"max_hp_loss":0,"event_name":"Scrap Ooze","floor":2,"gold_loss":0},{"damage_healed":0,"gold_gain":0,"player_choice":"Ignored","damage_taken":0,"max_hp_gain":0,"max_hp_loss":0,"event_name":"Liars Game","floor":3,"gold_loss":0}],"is_beta":false,"boss_relics":[],"items_purged_floors":[],"is_endless":false,"potions_floor_spawned":[4,7,8],"killed_by":"Exordium Wildlife","ascension_level":10}