{"gold_per_floor":[114,114,127,140,215,240,252,252],"floor_reached":8,"playtime":370,"items_purged":[],"score":64,"play_id":"ca00e1d6-a398-48e4-82c4-a77859728bcb","local_time":"20191015142319","is_ascension_mode":true,"campfire_choices":[],"neow_cost":"NONE","seed_source_timestamp":2559423636724176,"circlet_count":0,"master_deck":["Strike_R","Strike_R","Strike_R","Strike_R","Defend_R","Defend_R","Defend_R","Defend_R","Bash","CurseOfTheBell","Havoc","Fiend Fire","Havoc","Pommel Strike","Shockwave","Disarm"],"relics":["Calling Bell","Lantern","Paper Frog","Unceasing Top","Strawberry"],"potions_floor_usage":[6,8],"damage_taken":[{"damage":0,"enemies":"Small Slimes","floor":1,"turns":3},{"damage":8,"enemies":"2 Louse","floor":3,"turns":3},{"damage":0,"enemies":"Cultist","floor":4,"turns":2},{"damage":39,"enemies":"3 Sentries","floor":6,"turns":10},{"damage":21,"enemies":"Exordium Thugs","floor":7,"turns":5},{"damage":12,"enemies":"Lagavulin","floor":8,"turns":4}],"seed_played":"-2122118860289291444","potions_obtained":[{"floor":3,"key":"Fire Potion"},{"floor":7,"key":"Swift Potion"}],"is_trial":false,"path_per_floor":["M","?","M","M","?","E","M","E"],"character_chosen":"IRONCLAD","items_purchased":[],"campfire_rested":0,"item_purchase_floors":[],"current_hp_per_floor":[80,80,72,72,64,32,11,0],"gold":252,"neow_bonus":"BOSS_RELIC","is_prod":false,"is_daily":false,"chose_seed":false,"campfire_upgraded":0,"win_rate":0,"timestamp":1571145799,"path_taken":["M","?","M","M","?","E","?","E"],"build_version":"2019-09-09v2","purchased_purges":0,"victory":false,"max_hp_per_floor":[80,80,80,80,80,87,87,87],"card_choices":[{"not_picked":["Shockwave","Cleave"],"picked":"Havoc","floor":1},{"not_picked":["Clothesline","Body Slam"],"picked":"Havoc","floor":3},{"not_picked":["Cleave","Armaments"],"picked":"Pommel Strike","floor":4},{"not_picked":["Sever Soul","Pommel Strike"],"picked":"Shockwave","floor":6},{"not_picked":["Offering","Warcry"],"picked":"Disarm","floor":7}],"player_experience":211448,"relics_obtained":[{"floor":0,"key":"Lantern"},{"floor":0,"key":"Paper Frog"},{"floor":0,"key":"Unceasing Top"},{"floor":6,"key":"Strawberry"}],"event_choices":[{"damage_healed":0,"gold_gain":0,"cards_transformed":["Strike_R"],"player_choice":"Change","damage_taken":0,"max_hp_gain":0,"max_hp_loss":0,"event_name":"Living Wall","floor":2,"gold_loss":0,"cards_obtained":["Fiend Fire"]},{"damage_healed":0,"gold_gain":75,"player_choice":"Touch","damage_taken":8,"max_hp_gain":0,"max_hp_loss":0,"event_name":"FaceTrader","floor":5,"gold_loss":0}],"is_beta":true,"boss_relics":[],"items_purged_floors":[],"is_endless":false,"potions_floor_spawned":[3,7],"killed_by":"Lagavulin","ascension_level":2}