{"gold_per_floor":[116,116,126,138,154,154,119,119,119,147,147],"floor_reached":11,"playtime":278,"items_purged":[],"score":146,"play_id":"f8db0271-f10e-44a8-9a90-100c94c2f563","local_time":"20191019132751","is_ascension_mode":true,"campfire_choices":[{"data":"Bash","floor":6,"key":"SMITH"},{"data":"True Grit","floor":8,"key":"SMITH"}],"neow_cost":"NONE","seed_source_timestamp":406674354676500,"circlet_count":0,"master_deck":["AscendersBane","Strike_R","Strike_R","Strike_R","Strike_R","Strike_R","Defend_R","Defend_R","Defend_R","Defend_R","Bash+1","True Grit+1","Sword Boomerang","Power Through","Bludgeon"],"relics":["Burning Blood","Toy Ornithopter","PreservedInsect","Eternal Feather","TungstenRod"],"potions_floor_usage":[11],"damage_taken":[{"damage":16,"enemies":"Jaw Worm","floor":1,"turns":5},{"damage":1,"enemies":"2 Louse","floor":3,"turns":4},{"damage":5,"enemies":"Small Slimes","floor":4,"turns":3},{"damage":28,"enemies":"2 Fungi Beasts","floor":5,"turns":4},{"damage":36,"enemies":"Lagavulin","floor":10,"turns":8},{"damage":46,"enemies":"Exordium Thugs","floor":11,"turns":7}],"seed_played":"6834697452256539140","potions_obtained":[{"floor":10,"key":"SkillPotion"}],"is_trial":false,"path_per_floor":["M","?","M","M","M","R","?","R","T","E","M"],"character_chosen":"IRONCLAD","items_purchased":[],"campfire_rested":0,"item_purchase_floors":[],"current_hp_per_floor":[58,53,58,59,37,37,55,55,55,25,0],"gold":147,"neow_bonus":"RANDOM_COMMON_RELIC","is_prod":false,"is_daily":false,"chose_seed":false,"campfire_upgraded":2,"win_rate":0,"timestamp":1571516871,"path_taken":["M","?","M","M","M","R","?","R","T","E","M"],"build_version":"2019-10-18","purchased_purges":0,"victory":false,"max_hp_per_floor":[75,75,75,75,75,75,75,75,75,75,75],"card_choices":[{"not_picked":["Cleave","Warcry"],"picked":"True Grit","floor":1},{"not_picked":["Flex","True Grit"],"picked":"Sword Boomerang","floor":3},{"not_picked":["Shrug It Off","Heavy Blade"],"picked":"Power Through","floor":4},{"not_picked":["Entrench","Reckless Charge","Perfected Strike"],"picked":"SKIP","floor":5},{"not_picked":["Flex","Reckless Charge"],"picked":"Bludgeon","floor":10}],"player_experience":1660474,"relics_obtained":[{"floor":9,"key":"Eternal Feather"},{"floor":10,"key":"TungstenRod"}],"event_choices":[{"damage_healed":0,"gold_gain":0,"player_choice":"Success","damage_taken":5,"relics_obtained":["PreservedInsect"],"max_hp_gain":0,"max_hp_loss":0,"event_name":"Scrap Ooze","floor":2,"gold_loss":0},{"damage_healed":18,"gold_gain":0,"player_choice":"Healed","damage_taken":0,"max_hp_gain":0,"max_hp_loss":0,"event_name":"The Cleric","floor":7,"gold_loss":35}],"is_beta":true,"boss_relics":[],"items_purged_floors":[],"is_endless":false,"potions_floor_spawned":[10],"killed_by":"Exordium Thugs","ascension_level":20}