{"gold_per_floor":[112,38,38,56,6,41,41,41,87,99,109,109,139,159,159,159],"floor_reached":16,"playtime":483,"items_purged":[],"score":149,"play_id":"6a4bc915-2044-46c5-a088-1501ee743c1a","local_time":"20191015143135","is_ascension_mode":true,"campfire_choices":[{"data":"Corruption","floor":7,"key":"SMITH"},{"data":"Rampage","floor":12,"key":"SMITH"},{"floor":15,"key":"REST"}],"neow_cost":"NONE","seed_source_timestamp":2559807290443034,"circlet_count":0,"master_deck":["Strike_R","Strike_R","Strike_R","Defend_R","Defend_R","Defend_R","Defend_R","Bash","Corruption+1","Shockwave","Sword Boomerang","Havoc","Bloodletting","Rampage+1","Warcry"],"relics":["Burning Blood","NeowsBlessing","Pen Nib","Blood Vial","Oddly Smooth Stone","Singing Bowl"],"potions_floor_usage":[16],"damage_taken":[{"damage":0,"enemies":"Small Slimes","floor":1,"turns":1},{"damage":0,"enemies":"Cultist","floor":4,"turns":1},{"damage":0,"enemies":"Lagavulin","floor":6,"turns":1},{"damage":3,"enemies":"Jaw Worm","floor":10,"turns":3},{"damage":35,"enemies":"Gremlin Gang","floor":11,"turns":7},{"damage":37,"enemies":"Gremlin Nob","floor":13,"turns":5},{"damage":14,"enemies":"Lots of Slimes","floor":14,"turns":4},{"damage":52,"enemies":"The Guardian","floor":16,"turns":7}],"seed_played":"-5693821792678238020","potions_obtained":[{"floor":1,"key":"GamblersBrew"},{"floor":6,"key":"Strength Potion"},{"floor":13,"key":"SpeedPotion"}],"is_trial":false,"path_per_floor":["M","$","?","M","?","E","R","?","T","M","M","R","E","M","R","B"],"character_chosen":"IRONCLAD","items_purchased":["Shockwave"],"campfire_rested":1,"item_purchase_floors":[2],"current_hp_per_floor":[80,80,80,80,80,80,80,80,80,80,51,51,24,18,42,0],"gold":159,"neow_bonus":"THREE_ENEMY_KILL","is_prod":false,"is_daily":false,"chose_seed":false,"campfire_upgraded":2,"win_rate":0,"timestamp":1571146295,"path_taken":["M","$","?","?","?","E","R","?","T","M","?","R","E","M","R","BOSS"],"build_version":"2019-09-09v2","purchased_purges":0,"victory":false,"max_hp_per_floor":[80,80,80,80,80,80,80,80,80,80,80,80,82,82,82,82],"card_choices":[{"not_picked":["Feel No Pain","Pommel Strike"],"picked":"Corruption","floor":1},{"not_picked":["Iron Wave","Rupture"],"picked":"Sword Boomerang","floor":4},{"not_picked":["Carnage","Combust"],"picked":"Havoc","floor":6},{"not_picked":["Sword Boomerang","Iron Wave"],"picked":"Bloodletting","floor":10},{"not_picked":["Sword Boomerang","Battle Trance"],"picked":"Rampage","floor":11},{"not_picked":["Fire Breathing","Power Through","Anger"],"picked":"Singing Bowl","floor":13},{"not_picked":["Blood for Blood","Dropkick"],"picked":"Warcry","floor":14}],"player_experience":211818,"relics_obtained":[{"floor":6,"key":"Blood Vial"},{"floor":9,"key":"Oddly Smooth Stone"},{"floor":13,"key":"Singing Bowl"}],"event_choices":[{"damage_healed":0,"gold_gain":0,"player_choice":"Gave Potion","damage_taken":0,"relics_obtained":["Pen Nib"],"max_hp_gain":0,"max_hp_loss":0,"event_name":"WeMeetAgain","floor":3,"gold_loss":0},{"cards_removed":["Strike_R"],"damage_healed":0,"gold_gain":0,"player_choice":"Card Removal","damage_taken":0,"max_hp_gain":0,"max_hp_loss":0,"event_name":"The Cleric","floor":5,"gold_loss":50},{"cards_removed":["Strike_R"],"damage_healed":0,"gold_gain":0,"player_choice":"Offered Basic","damage_taken":0,"max_hp_gain":0,"max_hp_loss":0,"event_name":"Bonfire Elementals","floor":8,"gold_loss":0}],"is_beta":true,"boss_relics":[],"items_purged_floors":[],"is_endless":false,"potions_floor_spawned":[1,6,13],"killed_by":"The Guardian","ascension_level":2}