{"gold_per_floor":[109,119,135,135,152,179,179,179,179,179,195,210,222,239,239,337,337,355,367,3,3,14,14,34,52,130,141,151,151,182,202,202,300,300,315,325,344,357,374,374,4,4,53,53,53],"floor_reached":45,"playtime":5350,"items_purged":[],"score":472,"play_id":"c0330adc-b0fe-46e9-b0db-04faf3b46d56","local_time":"20190910002426","is_ascension_mode":false,"campfire_choices":[{"data":"Anger","floor":8,"key":"SMITH"},{"floor":10,"key":"REST"},{"data":"Pommel Strike","floor":15,"key":"SMITH"},{"data":"Bash","floor":23,"key":"SMITH"},{"data":"Pommel Strike","floor":29,"key":"SMITH"},{"data":"RitualDagger","floor":32,"key":"SMITH"},{"data":"Seeing Red","floor":40,"key":"SMITH"},{"data":"Madness","floor":44,"key":"SMITH"}],"neow_cost":"NONE","seed_source_timestamp":1439704903036800,"circlet_count":0,"master_deck":["Strike_R","Strike_R","Strike_R","Strike_R","Strike_R","Defend_R","Defend_R","Defend_R","Defend_R","Bash+1","Anger+1","Ghostly Armor","Thunderclap","Thunderclap","Clash","Clash","Armaments","Pommel Strike+1","Thunderclap","Reaper","Headbutt","Anger+1","The Bomb","RitualDagger+1","Cleave","Pommel Strike+1","Clash","Shame","Sever Soul","Carnage","Twin Strike+1","Dropkick+1","Bludgeon+1","Sword Boomerang+1","Battle Trance+1","Cleave+1","Seeing Red+1","Sword Boomerang+1","Magnetism+1","Madness+1","Madness","Pain"],"relics":["Burning Blood","Ornamental Fan","Paper Frog","Cursed Key","HandDrill","Frozen Egg 2","Molten Egg 2","Sozu","Toolbox","Bronze Scales"],"potions_floor_usage":[16,27,30,33,33],"damage_taken":[{"damage":3,"enemies":"Jaw Worm","floor":1,"turns":4},{"damage":1,"enemies":"Cultist","floor":2,"turns":4},{"damage":2,"enemies":"Small Slimes","floor":3,"turns":4},{"damage":0,"enemies":"Exordium Wildlife","floor":5,"turns":3},{"damage":45,"enemies":"Gremlin Nob","floor":6,"turns":5},{"damage":9,"enemies":"Red Slaver","floor":11,"turns":3},{"damage":0,"enemies":"Blue Slaver","floor":12,"turns":1},{"damage":0,"enemies":"2 Fungi Beasts","floor":13,"turns":2},{"damage":0,"enemies":"Large Slime","floor":14,"turns":3},{"damage":3,"enemies":"Slime Boss","floor":16,"turns":9},{"damage":9,"enemies":"Shell Parasite","floor":18,"turns":5},{"damage":13,"enemies":"Spheric Guardian","floor":19,"turns":4},{"damage":0,"enemies":"3 Cultists","floor":22,"turns":5},{"damage":14,"enemies":"Centurion and Healer","floor":24,"turns":5},{"damage":43,"enemies":"Snecko","floor":25,"turns":5},{"damage":16,"enemies":"Snake Plant","floor":27,"turns":3},{"damage":1,"enemies":"Cultist and Chosen","floor":28,"turns":4},{"damage":11,"enemies":"Book of Stabbing","floor":30,"turns":3},{"damage":10,"enemies":"Centurion and Healer","floor":31,"turns":4},{"damage":51,"enemies":"Champ","floor":33,"turns":8},{"damage":6,"enemies":"Orb Walker","floor":35,"turns":2},{"damage":27,"enemies":"3 Shapes","floor":36,"turns":3},{"damage":10,"enemies":"Writhing Mass","floor":37,"turns":4},{"damage":0,"enemies":"Jaw Worm Horde","floor":38,"turns":2},{"damage":0,"enemies":"Spire Growth","floor":39,"turns":2},{"damage":77,"enemies":"Giant Head","floor":45,"turns":6}],"seed_played":"2221093911891614873","potions_obtained":[{"floor":2,"key":"SteroidPotion"},{"floor":11,"key":"GamblersBrew"},{"floor":12,"key":"SkillPotion"},{"floor":14,"key":"BloodPotion"},{"floor":16,"key":"Weak Potion"},{"floor":25,"key":"Regen Potion"},{"floor":28,"key":"Regen Potion"},{"floor":30,"key":"Ancient Potion"},{"floor":33,"key":"EssenceOfSteel"}],"is_trial":false,"path_per_floor":["M","M","M","?","M","E","?","R","T","R","M","M","M","M","R","B",null,"M","M","$","?","M","R","M","M","T","M","M","R","E","M","R","B",null,"M","M","M","M","M","R","$","?","T","R","E"],"character_chosen":"IRONCLAD","items_purchased":["The Bomb","HandDrill","Toolbox","Magnetism+1"],"campfire_rested":1,"item_purchase_floors":[20,20,41,41],"current_hp_per_floor":[88,88,88,88,88,49,41,41,41,67,64,70,76,82,82,85,88,85,78,78,72,78,78,80,47,47,61,80,80,84,87,87,57,88,88,79,75,81,87,87,87,76,76,76,0],"gold":53,"neow_bonus":"TEN_PERCENT_HP_BONUS","is_prod":false,"is_daily":false,"chose_seed":false,"campfire_upgraded":7,"win_rate":0.0,"timestamp":1568067866,"path_taken":["M","M","M","?","M","E","?","R","T","R","?","M","M","M","R","BOSS","M","M","$","?","M","R","M","M","T","M","M","R","E","M","R","BOSS","M","M","M","M","M","R","$","?","T","R","E"],"build_version":"2019-07-17","purchased_purges":0,"victory":false,"max_hp_per_floor":[88,88,88,88,88,88,88,88,88,88,88,88,88,88,88,88,88,88,88,88,88,88,88,88,88,88,88,88,88,88,88,88,88,88,88,88,88,88,88,88,88,88,88,88,88],"card_choices":[{"not_picked":["Body Slam","Shockwave"],"picked":"Anger","floor":1},{"not_picked":["Cleave","Flame Barrier"],"picked":"Ghostly Armor","floor":2},{"not_picked":["Pummel","Heavy Blade"],"picked":"Thunderclap","floor":3},{"not_picked":["Flex","Burning Pact"],"picked":"Thunderclap","floor":5},{"not_picked":["Sword Boomerang","Reckless Charge"],"picked":"Clash","floor":6},{"not_picked":["Seeing Red","True Grit"],"picked":"Clash","floor":11},{"not_picked":["Bloodletting","Combust"],"picked":"Armaments","floor":12},{"not_picked":["Clothesline","Dual Wield"],"picked":"Pommel Strike","floor":13},{"not_picked":["Intimidate","Second Wind"],"picked":"Thunderclap","floor":14},{"not_picked":["Offering","Juggernaut"],"picked":"Reaper","floor":16},{"not_picked":["Ghostly Armor","Intimidate"],"picked":"Headbutt","floor":18},{"not_picked":["Sword Boomerang","Feel No Pain"],"picked":"Anger+1","floor":19},{"not_picked":["Perfected Strike+1","Warcry"],"picked":"Cleave","floor":22},{"not_picked":["Twin Strike","Shrug It Off"],"picked":"Pommel Strike","floor":24},{"not_picked":["Cleave","Headbutt+1"],"picked":"Clash","floor":25},{"not_picked":["Dual Wield","Body Slam"],"picked":"Sever Soul","floor":27},{"not_picked":["Power Through+1","Twin Strike"],"picked":"Carnage","floor":28},{"not_picked":["Dual Wield","Intimidate"],"picked":"Twin Strike+1","floor":30},{"not_picked":["Perfected Strike+1","Power Through+1"],"picked":"Dropkick+1","floor":31},{"not_picked":["Brutality+1","Juggernaut+1"],"picked":"Bludgeon+1","floor":33},{"not_picked":["Anger+1","Heavy Blade+1"],"picked":"Sword Boomerang+1","floor":35},{"not_picked":["Reckless Charge+1","Cleave+1"],"picked":"Battle Trance+1","floor":36},{"not_picked":["Warcry","Headbutt+1"],"picked":"Cleave+1","floor":37},{"not_picked":["Twin Strike+1","Thunderclap+1"],"picked":"Seeing Red","floor":38},{"not_picked":["True Grit","Perfected Strike+1"],"picked":"Sword Boomerang+1","floor":39}],"player_experience":5983,"relics_obtained":[{"floor":6,"key":"Ornamental Fan"},{"floor":9,"key":"Paper Frog"},{"floor":26,"key":"Frozen Egg 2"},{"floor":30,"key":"Molten Egg 2"},{"floor":43,"key":"Bronze Scales"}],"event_choices":[{"damage_healed":0,"gold_gain":0,"player_choice":"Ignored","damage_taken":0,"max_hp_gain":0,"max_hp_loss":0,"event_name":"Liars Game","floor":4,"gold_loss":0},{"damage_healed":0,"gold_gain":0,"player_choice":"Damaged","damage_taken":8,"max_hp_gain":0,"max_hp_loss":0,"event_name":"Wheel of Change","floor":7,"gold_loss":0},{"damage_healed":0,"gold_gain":0,"player_choice":"Joined the Cult","damage_taken":6,"max_hp_gain":0,"max_hp_loss":0,"event_name":"Nest","floor":21,"gold_loss":0,"cards_obtained":["RitualDagger"]},{"damage_healed":0,"gold_gain":0,"player_choice":"Embrace Madness","damage_taken":11,"max_hp_gain":0,"max_hp_loss":0,"event_name":"Winding Halls","floor":42,"gold_loss":0,"cards_obtained":["Madness","Madness"]}],"is_beta":false,"boss_relics":[{"not_picked":["Tiny House","Runic Dome"],"picked":"Cursed Key"},{"not_picked":["Velvet Choker","Busted Crown"],"picked":"Sozu"}],"items_purged_floors":[],"is_endless":false,"potions_floor_spawned":[2,11,12,14,16,18,19,25,28,30,33,36,38],"killed_by":"Giant Head","ascension_level":0}