{"gold_per_floor":[118,134,147,159,171,171,204,224,274,274,302,302,328,340,352,441,453,475,487,515,537,549],"floor_reached":22,"playtime":628,"items_purged":[],"score":416,"play_id":"70646e7e-02fc-4923-993c-ba9bab40e44b","local_time":"20191019132304","is_ascension_mode":true,"campfire_choices":[{"data":"Combust","floor":6,"key":"SMITH"},{"data":"Wild Strike","floor":10,"key":"SMITH"},{"floor":12,"key":"REST"},{"data":"Disarm","floor":15,"key":"SMITH"}],"neow_cost":"NONE","seed_source_timestamp":406038200827500,"circlet_count":0,"master_deck":["AscendersBane","Strike_R","Strike_R","Strike_R","Strike_R","Strike_R","Defend_R","Defend_R","Defend_R","Defend_R","Bash","Wild Strike+1","Anger","Combust+1","Shrug It Off","Metallicize","Armaments+1","Disarm+1","Demon Form","Clothesline","Feed","Heavy Blade","Inflame"],"relics":["Burning Blood","Regal Pillow","Mummified Hand","Vajra","Boot","MawBank","Snecko Eye"],"potions_floor_usage":[7,7,11,13,16],"damage_taken":[{"damage":2,"enemies":"Cultist","floor":1,"turns":4},{"damage":7,"enemies":"Jaw Worm","floor":2,"turns":5},{"damage":14,"enemies":"Small Slimes","floor":3,"turns":3},{"damage":25,"enemies":"Exordium Thugs","floor":4,"turns":6},{"damage":7,"enemies":"Large Slime","floor":5,"turns":4},{"damage":14,"enemies":"3 Sentries","floor":7,"turns":5},{"damage":2,"enemies":"Exordium Wildlife","floor":8,"turns":2},{"damage":24,"enemies":"Gremlin Nob","floor":11,"turns":4},{"damage":9,"enemies":"Lagavulin","floor":13,"turns":5},{"damage":54,"enemies":"Slime Boss","floor":16,"turns":9},{"damage":27,"enemies":"Spheric Guardian","floor":18,"turns":4},{"damage":7,"enemies":"Chosen","floor":20,"turns":3},{"damage":33,"enemies":"3 Cultists","floor":21,"turns":4},{"damage":13,"enemies":"Sentry and Sphere","floor":22,"turns":2}],"seed_played":"6400837511556254533","potions_obtained":[{"floor":4,"key":"Swift Potion"},{"floor":5,"key":"AttackPotion"},{"floor":7,"key":"AttackPotion"},{"floor":11,"key":"LiquidMemories"},{"floor":13,"key":"BloodPotion"},{"floor":18,"key":"FearPotion"}],"is_trial":false,"path_per_floor":["M","M","M","M","M","R","E","M","T","R","E","R","E","?","R","B",null,"M","?","M","M","M"],"character_chosen":"IRONCLAD","items_purchased":[],"campfire_rested":1,"item_purchase_floors":[],"current_hp_per_floor":[72,71,63,44,43,43,35,39,39,39,21,58,55,55,55,22,62,41,41,40,13,0],"gold":549,"neow_bonus":"RANDOM_COMMON_RELIC","is_prod":false,"is_daily":false,"chose_seed":false,"campfire_upgraded":3,"win_rate":0,"timestamp":1571516584,"path_taken":["M","?","M","M","?","R","E","M","T","R","E","R","E","?","R","BOSS","M","?","M","?","M"],"build_version":"2019-10-18","purchased_purges":0,"victory":false,"max_hp_per_floor":[75,75,75,75,75,75,75,75,75,75,75,75,75,75,75,75,75,75,75,75,75,75],"card_choices":[{"not_picked":["Iron Wave","Warcry"],"picked":"Wild Strike","floor":1},{"not_picked":["Metallicize","Blood for Blood"],"picked":"Anger","floor":2},{"not_picked":["Dropkick","Thunderclap","Sword Boomerang"],"picked":"SKIP","floor":3},{"not_picked":["Sword Boomerang","Intimidate","Reckless Charge"],"picked":"SKIP","floor":4},{"not_picked":["Pommel Strike","Wild Strike"],"picked":"Combust","floor":5},{"not_picked":["True Grit","Headbutt"],"picked":"Shrug It Off","floor":7},{"not_picked":["Dark Embrace","Perfected Strike"],"picked":"Metallicize","floor":8},{"not_picked":["Anger","Warcry"],"picked":"Armaments","floor":11},{"not_picked":["True Grit","Uppercut"],"picked":"Disarm","floor":13},{"not_picked":["Fiend Fire","Double Tap"],"picked":"Demon Form","floor":16},{"not_picked":["Perfected Strike","Clash"],"picked":"Clothesline","floor":18},{"not_picked":["Wild Strike","True Grit"],"picked":"Heavy Blade","floor":20},{"not_picked":["Flex","Hemokinesis"],"picked":"Inflame","floor":21}],"player_experience":1659846,"relics_obtained":[{"floor":7,"key":"Mummified Hand"},{"floor":9,"key":"Vajra"},{"floor":11,"key":"Boot"},{"floor":13,"key":"MawBank"}],"event_choices":[{"damage_healed":0,"gold_gain":0,"player_choice":"Upgraded","damage_taken":0,"max_hp_gain":0,"max_hp_loss":0,"event_name":"Upgrade Shrine","floor":14,"gold_loss":0,"cards_upgraded":["Armaments"]},{"damage_healed":0,"gold_gain":0,"player_choice":"1 cards matched","damage_taken":0,"max_hp_gain":0,"max_hp_loss":0,"event_name":"Match and Keep!","floor":19,"gold_loss":0,"cards_obtained":["Feed"]}],"is_beta":true,"boss_relics":[{"not_picked":["Empty Cage","Velvet Choker"],"picked":"Snecko Eye"}],"items_purged_floors":[],"is_endless":false,"potions_floor_spawned":[4,5,7,11,13,18],"killed_by":"Sentry and Sphere","ascension_level":20}