{"gold_per_floor":[109,109,109,125,135,135,167,182,182,82,82,45,45,65,65,161,161,176,9,24,50,50,82,82,101,152,152,170,170,186,186,186,186],"floor_reached":33,"playtime":2094,"items_purged":[],"score":330,"play_id":"1f679db2-0fa4-44e5-be81-f8d36ad09972","local_time":"20190919003907","is_ascension_mode":true,"campfire_choices":[{"data":"Caltrops","floor":6,"key":"SMITH"},{"data":"Noxious Fumes","floor":11,"key":"SMITH"},{"data":"Neutralize","floor":13,"key":"SMITH"},{"data":"Survivor","floor":15,"key":"SMITH"},{"floor":24,"key":"REST"},{"data":"Caltrops","floor":27,"key":"SMITH"},{"floor":32,"key":"REST"}],"neow_cost":"NONE","seed_source_timestamp":563491786016700,"circlet_count":0,"master_deck":["Strike_G","Strike_G","Strike_G","Strike_G","Defend_G","Defend_G","Defend_G","Defend_G","Defend_G","Survivor+1","Neutralize+1","Dagger Throw","Backflip","Caltrops+1","Slice","Heel Hook","Noxious Fumes+1","Deadly Poison","Well Laid Plans","Deadly Poison","Choke+1","Caltrops+1","PiercingWail","Dodge and Roll","Backflip+1","Cloak And Dagger","Deadly Poison+1"],"relics":["Ring of the Snake","Gambling Chip","Du-Vu Doll","Ice Cream","Busted Crown","Red Mask","MutagenicStrength","Blood Vial","Strawberry","Letter Opener"],"potions_floor_usage":[1,7,23,23,30,33,33],"damage_taken":[{"damage":0,"enemies":"2 Louse","floor":1,"turns":3},{"damage":1,"enemies":"Jaw Worm","floor":4,"turns":4},{"damage":1,"enemies":"Cultist","floor":5,"turns":4},{"damage":1,"enemies":"Gremlin Nob","floor":7,"turns":4},{"damage":14,"enemies":"Lots of Slimes","floor":8,"turns":2},{"damage":10,"enemies":"Large Slime","floor":14,"turns":5},{"damage":16,"enemies":"Hexaghost","floor":16,"turns":7},{"damage":0,"enemies":"3 Byrds","floor":18,"turns":1},{"damage":10,"enemies":"Shell Parasite","floor":20,"turns":4},{"damage":31,"enemies":"Masked Bandits","floor":21,"turns":5},{"damage":11,"enemies":"Slavers","floor":23,"turns":4},{"damage":22,"enemies":"Snecko","floor":25,"turns":6},{"damage":0,"enemies":"Chosen and Byrds","floor":28,"turns":4},{"damage":8,"enemies":"Cultist and Chosen","floor":30,"turns":3},{"damage":44,"enemies":"Collector","floor":33,"turns":5}],"seed_played":"1710490252072784006","potions_obtained":[{"floor":0,"key":"SpeedPotion"},{"floor":0,"key":"Explosive Potion"},{"floor":0,"key":"Explosive Potion"},{"floor":1,"key":"Fruit Juice"},{"floor":4,"key":"PowerPotion"},{"floor":5,"key":"Swift Potion"},{"floor":14,"key":"Strength Potion"},{"floor":18,"key":"AttackPotion"},{"floor":25,"key":"PowerPotion"},{"floor":28,"key":"SkillPotion"}],"is_trial":false,"path_per_floor":["M","?","?","M","M","R","E","M","T","$","R","$","R","M","R","B",null,"M","$","M","?","?","E","R","M","T","R","M","?","M","T","R","B"],"character_chosen":"THE_SILENT","items_purchased":["Noxious Fumes","Deadly Poison","Well Laid Plans","Caltrops","PiercingWail","Dodge and Roll"],"campfire_rested":2,"item_purchase_floors":[10,10,12,19,19,19],"current_hp_per_floor":[75,63,63,62,61,61,60,46,46,46,46,46,46,36,36,20,75,75,75,65,34,34,23,45,25,32,32,34,18,12,12,38,0],"gold":186,"neow_bonus":"THREE_SMALL_POTIONS","is_prod":false,"is_daily":false,"chose_seed":false,"campfire_upgraded":5,"win_rate":0,"timestamp":1568846347,"path_taken":["M","?","?","?","M","R","E","M","T","?","R","$","R","M","R","BOSS","M","$","M","?","?","E","R","M","T","R","M","?","M","?","R","BOSS"],"build_version":"2019-07-17","purchased_purges":0,"victory":false,"max_hp_per_floor":[75,75,75,75,75,75,75,75,75,75,75,75,75,75,75,75,75,75,75,75,75,75,75,75,75,82,82,82,87,87,87,87,87],"card_choices":[{"not_picked":["Slice","Skewer"],"picked":"Dagger Throw","floor":1},{"not_picked":["PiercingWail","Dagger Throw"],"picked":"Backflip","floor":4},{"not_picked":["Flying Knee","Underhanded Strike"],"picked":"Caltrops","floor":5},{"not_picked":["Concentrate","Night Terror"],"picked":"Slice","floor":7},{"not_picked":["Calculated Gamble","Acrobatics"],"picked":"Heel Hook","floor":8},{"not_picked":["Prepared","Quick Slash"],"picked":"Deadly Poison","floor":14},{"not_picked":[],"picked":"Choke+1","floor":18},{"not_picked":[],"picked":"Backflip+1","floor":20},{"not_picked":[],"picked":"Cloak And Dagger","floor":23},{"not_picked":[],"picked":"Deadly Poison+1","floor":25},{"not_picked":["Setup"],"picked":"SKIP","floor":28},{"not_picked":["Eviscerate"],"picked":"SKIP","floor":30}],"player_experience":183350,"relics_obtained":[{"floor":7,"key":"Du-Vu Doll"},{"floor":9,"key":"Ice Cream"},{"floor":21,"key":"Red Mask"},{"floor":23,"key":"Blood Vial"},{"floor":26,"key":"Strawberry"},{"floor":31,"key":"Letter Opener"}],"event_choices":[{"damage_healed":0,"gold_gain":0,"player_choice":"Success","damage_taken":12,"relics_obtained":["Gambling Chip"],"max_hp_gain":0,"max_hp_loss":0,"event_name":"Scrap Ooze","floor":2,"gold_loss":0},{"cards_removed":["Strike_G"],"damage_healed":0,"gold_gain":0,"player_choice":"Offered Basic","damage_taken":0,"max_hp_gain":0,"max_hp_loss":0,"event_name":"Bonfire Elementals","floor":3,"gold_loss":0},{"damage_healed":0,"gold_gain":0,"player_choice":"Fought Bandits","damage_taken":0,"max_hp_gain":0,"max_hp_loss":0,"event_name":"Masked Bandits","floor":21,"gold_loss":0},{"damage_healed":0,"gold_gain":0,"player_choice":"Inject Mutagens","damage_taken":0,"relics_obtained":["MutagenicStrength"],"max_hp_gain":0,"max_hp_loss":0,"event_name":"Drug Dealer","floor":22,"gold_loss":0},{"damage_healed":0,"gold_gain":0,"player_choice":"Shed Blood","damage_taken":21,"max_hp_gain":5,"max_hp_loss":0,"event_name":"Forgotten Altar","floor":29,"gold_loss":0}],"is_beta":false,"boss_relics":[{"not_picked":["Runic Dome","HoveringKite"],"picked":"Busted Crown"}],"items_purged_floors":[],"is_endless":false,"potions_floor_spawned":[1,4,5,14,18,25,28],"killed_by":"Collector","ascension_level":3}