{"gold_per_floor":[114,132,151,165,183,210,210,238,238,238,20,40,40,50,50,50],"floor_reached":16,"playtime":1099,"items_purged":[],"score":228,"play_id":"a9389224-cdd7-439a-8a81-1eb866275da2","local_time":"20190823225648","is_ascension_mode":true,"campfire_choices":[{"floor":7.0,"key":"REST"},{"data":"Dodge and Roll","floor":13,"key":"SMITH"},{"data":"Caltrops","floor":15,"key":"SMITH"}],"neow_cost":"NONE","seed_source_timestamp":0,"circlet_count":0,"master_deck":["AscendersBane","Strike_G","Strike_G","Strike_G","Strike_G","Strike_G","Defend_G","Defend_G","Defend_G","Defend_G","Defend_G","Survivor","Neutralize","Dodge and Roll+1","Deadly Poison","Caltrops+1","Dagger Throw","Deadly Poison","Backflip"],"special_seed":0,"relics":["Runic Pyramid","Tingsha","Bag of Marbles","Meat on the Bone","Frozen Eye"],"potions_floor_usage":[12,16],"damage_taken":[{"damage":5.0,"enemies":"Cultist","floor":1.0,"turns":5.0},{"damage":2.0,"enemies":"2 Louse","floor":2.0,"turns":4.0},{"damage":0.0,"enemies":"Jaw Worm","floor":3.0,"turns":6.0},{"damage":0.0,"enemies":"Looter","floor":4.0,"turns":4.0},{"damage":2.0,"enemies":"2 Fungi Beasts","floor":5.0,"turns":5.0},{"damage":14.0,"enemies":"Lagavulin","floor":6.0,"turns":8.0},{"damage":38.0,"enemies":"3 Sentries","floor":8.0,"turns":11.0},{"damage":18,"enemies":"Exordium Thugs","floor":12,"turns":5},{"damage":16,"enemies":"Blue Slaver","floor":14,"turns":3},{"damage":44,"enemies":"Slime Boss","floor":16,"turns":10}],"seed_played":"9211793784920781553","potions_obtained":[{"floor":1.0,"key":"Block Potion"},{"floor":5.0,"key":"Strength Potion"},{"floor":8,"key":"EssenceOfSteel"},{"floor":14,"key":"Energy Potion"}],"is_trial":false,"path_per_floor":["M","M","M","M","M","E","R","E","T","?","$","M","R","M","R","B"],"character_chosen":"THE_SILENT","items_purchased":["Frozen Eye"],"campfire_rested":1,"item_purchase_floors":[11],"current_hp_per_floor":[54,52,52,52,50,36,55,17,17,66,66,48,48,44,44,0],"gold":50,"neow_bonus":"BOSS_RELIC","is_prod":false,"is_daily":false,"chose_seed":false,"campfire_upgraded":2,"win_rate":0,"timestamp":1566626208,"path_taken":["M","M","M","M","M","E","R","E","T","?","$","M","R","M","R","BOSS"],"build_version":"2019-07-17","purchased_purges":0,"victory":false,"max_hp_per_floor":[66,66,66,66,66,66,66,66,66,66,66,66,66,66,66,66],"card_choices":[{"not_picked":["Distraction","Slice","Sucker Punch"],"picked":"SKIP","floor":1.0},{"not_picked":["Slice","Underhanded Strike"],"picked":"Dodge and Roll","floor":2.0},{"not_picked":["Dodge and Roll","Night Terror"],"picked":"Deadly Poison","floor":3.0},{"not_picked":["Crippling Poison","Bane"],"picked":"Caltrops","floor":4.0},{"not_picked":["Sucker Punch","Bane","Accuracy"],"picked":"SKIP","floor":5.0},{"not_picked":["Bullet Time","Setup"],"picked":"Dagger Throw","floor":6.0},{"not_picked":["Underhanded Strike","Flying Knee"],"picked":"Deadly Poison","floor":8},{"not_picked":["Sucker Punch","Outmaneuver","Reflex"],"picked":"SKIP","floor":12},{"not_picked":["Quick Slash","Outmaneuver"],"picked":"Backflip","floor":14}],"player_experience":205596,"relics_obtained":[{"floor":6.0,"key":"Tingsha"},{"floor":8,"key":"Bag of Marbles"},{"floor":9,"key":"Meat on the Bone"}],"event_choices":[{"damage_healed":49,"gold_gain":0,"player_choice":"Full Heal","damage_taken":0,"max_hp_gain":0,"max_hp_loss":0,"event_name":"Wheel of Change","floor":10,"gold_loss":0}],"is_beta":false,"boss_relics":[],"items_purged_floors":[],"is_endless":false,"potions_floor_spawned":[1,5,8,14],"killed_by":"Slime Boss","ascension_level":20}