{"gold_per_floor":[146,166,178,178,178,203,203,203,203,220,246,325,342,356,356,455,455,472,16,34,53,53,53,81,96,96,96,46,72,86,86,86,191,191,206,109,157,168,168,168,91,109,134,162,162,162,189,208,208,208],"floor_reached":51,"playtime":2653,"items_purged":["Defend_B","Defend_B"],"score":997,"play_id":"9f38b796-f8ee-487e-93b7-587916b67a13","local_time":"20190922131842","is_ascension_mode":true,"campfire_choices":[{"data":"Defragment","floor":7,"key":"SMITH"},{"floor":15,"key":"REST"},{"floor":23,"key":"REST"},{"floor":27,"key":"REST"},{"data":"Defragment","floor":32,"key":"SMITH"},{"floor":40,"key":"REST"},{"floor":46,"key":"REST"},{"floor":49,"key":"REST"}],"neow_cost":"NONE","seed_source_timestamp":190173820171700,"circlet_count":0,"master_deck":["Strike_B","Strike_B","Strike_B","Defend_B","Defend_B","Zap","Dualcast","Ball Lightning","Chill","Go for the Eyes+1","Defragment+1","Ball Lightning","White Noise","Static Discharge","Echo Form","FTL","Defragment+1","Compile Driver","Defragment+1","Reboot","Cold Snap+1","Glacier+1","Electrodynamics","Steam Power+1","Steam","Reinforced Body+1","Defragment","Turbo+1","Leap+1","Go for the Eyes+1"],"relics":["Cracked Core","Tiny Chest","Incense Burner","Ginger","Question Card","Smiling Mask","Dodecahedron","Inserter","Orichalcum","Gambling Chip","Bronze Scales","Molten Egg 2","Potion Belt","MutagenicStrength","Sozu","Bird Faced Urn","Regal Pillow","Art of War","Ancient Tea Set"],"potions_floor_usage":[13,16,18,24,25,29,50,50],"damage_taken":[{"damage":5,"enemies":"Small Slimes","floor":1,"turns":3},{"damage":1,"enemies":"2 Louse","floor":2,"turns":2},{"damage":0,"enemies":"Cultist","floor":3,"turns":3},{"damage":35,"enemies":"Lagavulin","floor":6,"turns":7},{"damage":0,"enemies":"3 Louse","floor":10,"turns":3},{"damage":5,"enemies":"Lots of Slimes","floor":13,"turns":2},{"damage":6,"enemies":"Large Slime","floor":14,"turns":3},{"damage":12,"enemies":"Hexaghost","floor":16,"turns":9},{"damage":30,"enemies":"2 Thieves","floor":18,"turns":4},{"damage":2,"enemies":"3 Byrds","floor":20,"turns":5},{"damage":2,"enemies":"Cultist and Chosen","floor":21,"turns":5},{"damage":21,"enemies":"Slavers","floor":24,"turns":6},{"damage":3,"enemies":"Snecko","floor":25,"turns":4},{"damage":10,"enemies":"Gremlin Leader","floor":29,"turns":5},{"damage":0,"enemies":"Centurion and Healer","floor":30,"turns":6},{"damage":8,"enemies":"Champ","floor":33,"turns":7},{"damage":17,"enemies":"3 Shapes","floor":35,"turns":4},{"damage":27,"enemies":"2 Orb Walkers","floor":37,"turns":3},{"damage":14,"enemies":"3 Darklings","floor":38,"turns":2},{"damage":25,"enemies":"4 Shapes","floor":42,"turns":2},{"damage":0,"enemies":"Giant Head","floor":44,"turns":8},{"damage":26,"enemies":"Jaw Worm Horde","floor":48,"turns":2},{"damage":23,"enemies":"Awakened One","floor":50,"turns":12}],"seed_played":"-1269607108688491571","potions_obtained":[{"floor":3,"key":"SpeedPotion"},{"floor":6,"key":"Weak Potion"},{"floor":10,"key":"Fire Potion"},{"floor":13,"key":"FearPotion"},{"floor":20,"key":"AttackPotion"},{"floor":21,"key":"Weak Potion"},{"floor":24,"key":"FocusPotion"},{"floor":30,"key":"FocusPotion"}],"is_trial":false,"path_per_floor":["M","M","M","?","?","E","R","?","T","M","T","T","M","M","R","B",null,"M","$","M","M","?","R","E","M","T","R","$","E","M","?","R","B",null,"M","$","?","M","?","R","$","M","T","E","?","R","T","M","R","B",null],"character_chosen":"DEFECT","items_purchased":["Orichalcum","Gambling Chip","Steam","Defragment"],"campfire_rested":6,"item_purchase_floors":[19,19,36,41],"current_hp_per_floor":[63,62,62,59,64,29,29,29,29,29,29,29,24,18,42,30,68,38,38,36,34,34,58,37,34,34,58,58,48,48,48,48,40,70,53,53,26,18,18,42,42,23,23,41,41,80,80,56,80,67],"gold":208,"neow_bonus":"RANDOM_COMMON_RELIC","is_prod":false,"is_daily":false,"chose_seed":false,"campfire_upgraded":2,"win_rate":0,"timestamp":1569151122,"path_taken":["M","M","M","?","?","E","R","?","T","M","?","?","M","?","R","BOSS","M","$","M","M","?","R","E","?","T","R","?","E","M","?","R","BOSS","M","$","?","M","?","R","$","M","T","E","?","R","?","?","R","BOSS"],"build_version":"2019-07-17","purchased_purges":2,"victory":true,"max_hp_per_floor":[75,75,75,75,80,80,80,80,80,80,80,80,80,80,80,80,80,80,80,80,80,80,80,80,80,80,80,80,80,80,80,80,80,80,80,80,80,80,80,80,80,80,80,80,80,80,80,80,80,80],"card_choices":[{"not_picked":["Aggregate","Melter"],"picked":"Ball Lightning","floor":1},{"not_picked":["Fusion","Leap"],"picked":"Chill","floor":2},{"not_picked":["Leap","Barrage"],"picked":"Go for the Eyes","floor":3},{"not_picked":["Auto Shields","Hello World"],"picked":"Defragment","floor":6},{"not_picked":["Capacitor","Heatsinks","Stack"],"picked":"Ball Lightning","floor":10},{"not_picked":["Sweeping Beam","Meteor Strike","Stack"],"picked":"White Noise","floor":13},{"not_picked":["Steam","Gash","Conserve Battery"],"picked":"Static Discharge","floor":14},{"not_picked":["Seek","Amplify","Hyperbeam"],"picked":"Echo Form","floor":16},{"not_picked":["Storm","Rebound","Static Discharge"],"picked":"FTL","floor":18},{"not_picked":["Sweeping Beam+1","Beam Cell+1","Rebound"],"picked":"Defragment","floor":20},{"not_picked":["Sweeping Beam","Conserve Battery","Hello World"],"picked":"Compile Driver","floor":21},{"not_picked":["Blizzard","Stack","Biased Cognition"],"picked":"Reboot","floor":24},{"not_picked":["Scrape","Go for the Eyes","White Noise","Ball Lightning"],"picked":"SKIP","floor":25},{"not_picked":["Go for the Eyes+1","Core Surge+1","Lockon+1"],"picked":"Cold Snap+1","floor":29},{"not_picked":["Undo+1","Recycle","Streamline+1"],"picked":"Glacier+1","floor":30},{"not_picked":["Rainbow","Amplify","Multi-Cast"],"picked":"Electrodynamics","floor":33},{"not_picked":["Skim","Rebound+1","Cold Snap+1"],"picked":"Steam Power+1","floor":35},{"not_picked":["Leap+1","Storm+1","Hologram+1"],"picked":"Reinforced Body+1","floor":37},{"not_picked":["Reinforced Body","Streamline+1","Melter+1","Cold Snap+1"],"picked":"SKIP","floor":38},{"not_picked":["Streamline+1","Sweeping Beam+1","Leap+1"],"picked":"Turbo+1","floor":42},{"not_picked":["Cold Snap+1","Skim+1","Doom and Gloom+1"],"picked":"Leap+1","floor":44},{"not_picked":["Conserve Battery","Compile Driver+1","Barrage+1"],"picked":"Go for the Eyes+1","floor":48}],"player_experience":215665,"relics_obtained":[{"floor":6,"key":"Ginger"},{"floor":9,"key":"Question Card"},{"floor":11,"key":"Smiling Mask"},{"floor":12,"key":"Dodecahedron"},{"floor":24,"key":"Bronze Scales"},{"floor":26,"key":"Molten Egg 2"},{"floor":29,"key":"Potion Belt"},{"floor":37,"key":"Bird Faced Urn"},{"floor":43,"key":"Regal Pillow"},{"floor":44,"key":"Art of War"},{"floor":47,"key":"Ancient Tea Set"}],"event_choices":[{"damage_healed":0,"gold_gain":0,"player_choice":"Success","damage_taken":3,"relics_obtained":["Incense Burner"],"max_hp_gain":0,"max_hp_loss":0,"event_name":"Scrap Ooze","floor":4,"gold_loss":0},{"damage_healed":0,"gold_gain":0,"player_choice":"Donut","damage_taken":0,"max_hp_gain":5,"max_hp_loss":0,"event_name":"Big Fish","floor":5,"gold_loss":0},{"damage_healed":0,"gold_gain":0,"player_choice":"Grow","damage_taken":0,"max_hp_gain":0,"max_hp_loss":0,"event_name":"Living Wall","floor":8,"gold_loss":0,"cards_upgraded":["Go for the Eyes"]},{"damage_healed":0,"gold_gain":0,"player_choice":"Copied","damage_taken":0,"max_hp_gain":0,"max_hp_loss":0,"event_name":"Duplicator","floor":22,"gold_loss":0,"cards_obtained":["Defragment"]},{"damage_healed":0,"gold_gain":0,"player_choice":"Inject Mutagens","damage_taken":0,"relics_obtained":["MutagenicStrength"],"max_hp_gain":0,"max_hp_loss":0,"event_name":"Drug Dealer","floor":31,"gold_loss":0},{"damage_healed":0,"gold_gain":0,"player_choice":"Fight","damage_taken":0,"max_hp_gain":0,"max_hp_loss":0,"event_name":"Mysterious Sphere","floor":37,"gold_loss":0},{"cards_removed":["Strike_B"],"damage_healed":0,"gold_gain":0,"player_choice":"Removed Attack","damage_taken":0,"max_hp_gain":0,"max_hp_loss":0,"event_name":"Falling","floor":39,"gold_loss":0},{"damage_healed":0,"gold_gain":0,"player_choice":"Memory 1","damage_taken":0,"max_hp_gain":0,"max_hp_loss":0,"event_name":"SensoryStone","floor":45,"gold_loss":0}],"is_beta":false,"boss_relics":[{"not_picked":["Empty Cage","Tiny House"],"picked":"Inserter"},{"not_picked":["Calling Bell","FrozenCore"],"picked":"Sozu"}],"items_purged_floors":[28,36],"is_endless":false,"potions_floor_spawned":[3,6,10,13,20,21,24,30,37,38,44],"ascension_level":6}