{"gold_per_floor":[110,110,110,110,35,35,59,22,22,22,55,230,46,66,66,191,191,205,229,229,129,149,149,189,189,241,366,366,391,404,434,434,554,554,567,240,261,280,304,347,371,704,753,753,783,801,80,80,80,80],"floor_reached":51,"playtime":4193,"items_purged":["Defend_G","Doubt","Strike_G","Strike_G"],"score":948,"play_id":"56d0acc9-903a-4052-978e-22d4bdd110d8","local_time":"20190629163100","is_ascension_mode":true,"campfire_choices":[{"data":"PiercingWail","floor":6.0,"key":"SMITH"},{"data":"Noxious Fumes","floor":10.0,"key":"SMITH"},{"data":"Apotheosis","floor":15.0,"key":"SMITH"},{"data":"Backflip","floor":23.0,"key":"SMITH"},{"floor":25.0,"key":"REST"},{"floor":32.0,"key":"REST"},{"data":"Shame","floor":44.0,"key":"PURGE"},{"data":"Strike_G","floor":49,"key":"PURGE"}],"neow_cost":"NONE","seed_source_timestamp":361625221980381,"circlet_count":0,"master_deck":["Defend_G","Defend_G","Defend_G","Defend_G+1","Strike_G+1","Survivor","Neutralize","PiercingWail+1","Malaise","Noxious Fumes+1","Footwork","Apotheosis+1","Footwork","Doppelganger","Backflip+1","Infinite Blades","Catalyst+1","Die Die Die","Dodge and Roll","Deadly Poison+1","Adrenaline","Catalyst","PiercingWail+1"],"special_seed":0,"relics":["Meat on the Bone","The Specimen","Velvet Choker","Nloth\u0027s Gift","Juzu Bracelet","Lantern","Bird Faced Urn","Paper Crane","Peace Pipe","Tiny Chest","Cursed Key","OrangePellets","FossilizedHelix","Boot","Art of War","Lee\u0027s Waffle","Nunchaku"],"potions_floor_usage":[46,50],"damage_taken":[{"damage":0.0,"enemies":"2 Louse","floor":1.0,"turns":4.0},{"damage":0.0,"enemies":"Jaw Worm","floor":7.0,"turns":5.0},{"damage":3.0,"enemies":"Lagavulin","floor":11.0,"turns":8.0},{"damage":0.0,"enemies":"Cultist","floor":14.0,"turns":8.0},{"damage":29.0,"enemies":"Slime Boss","floor":16.0,"turns":14.0},{"damage":8.0,"enemies":"3 Byrds","floor":18.0,"turns":6.0},{"damage":8.0,"enemies":"Chosen","floor":19.0,"turns":8.0},{"damage":1.0,"enemies":"Centurion and Healer","floor":22.0,"turns":8.0},{"damage":22.0,"enemies":"Book of Stabbing","floor":24.0,"turns":8.0},{"damage":6.0,"enemies":"Colosseum Slavers","floor":27.0,"turns":6.0},{"damage":55.0,"enemies":"Colosseum Nobs","floor":27.0,"turns":6.0},{"damage":0.0,"enemies":"Snake Plant","floor":29.0,"turns":8.0},{"damage":44.0,"enemies":"Sentry and Sphere","floor":30.0,"turns":6.0},{"damage":0.0,"enemies":"Automaton","floor":33.0,"turns":9.0},{"damage":0.0,"enemies":"3 Shapes","floor":35.0,"turns":4.0},{"damage":1.0,"enemies":"Orb Walker","floor":37.0,"turns":6.0},{"damage":25.0,"enemies":"Sphere and 2 Shapes","floor":38.0,"turns":7.0},{"damage":19.0,"enemies":"Maw","floor":39.0,"turns":11.0},{"damage":14.0,"enemies":"Nemesis","floor":40.0,"turns":7.0},{"damage":18.0,"enemies":"Transient","floor":41.0,"turns":5.0},{"damage":10.0,"enemies":"Reptomancer","floor":45.0,"turns":7.0},{"damage":19,"enemies":"Jaw Worm Horde","floor":46,"turns":5},{"damage":33,"enemies":"Time Eater","floor":50,"turns":21}],"seed_played":"5232598313621109045","potions_obtained":[{"floor":7.0,"key":"EssenceOfSteel"},{"floor":22.0,"key":"AttackPotion"},{"floor":27.0,"key":"AttackPotion"},{"floor":29.0,"key":"Strength Potion"},{"floor":30.0,"key":"Fruit Juice"},{"floor":33.0,"key":"FairyPotion"},{"floor":35.0,"key":"PowerPotion"},{"floor":38.0,"key":"AttackPotion"},{"floor":41.0,"key":"Regen Potion"},{"floor":45,"key":"Poison Potion"}],"is_trial":false,"path_per_floor":["M","?","?","?","$","R","M","$","T","R","E","?","$","M","R","B",null,"M","M","?","$","M","R","E","R","T","?","?","M","M","T","R","B",null,"M","$","M","M","M","E","M","?","T","R","E","M","$","?","R","B",null],"character_chosen":"THE_SILENT","items_purchased":["Noxious Fumes","Apotheosis","OrangePellets","Lee\u0027s Waffle","Nunchaku","EssenceOfSteel"],"campfire_rested":2,"item_purchase_floors":[8,13,36,47,47,47],"current_hp_per_floor":[77,77,62,43,43,43,43,43,43,43,40,40,40,40,40,23,77,69,61,61,61,60,60,50,73,73,24,24,44,25,25,49,57,82,82,82,82,63,52,46,46,46,46,46,44,43,89,89,89,60],"gold":80,"neow_bonus":"TEN_PERCENT_HP_BONUS","is_prod":false,"is_daily":false,"chose_seed":false,"campfire_upgraded":4,"win_rate":0,"timestamp":1561851060,"path_taken":["M","?","?","?","?","R","?","?","T","R","E","?","$","M","R","BOSS","M","M","?","$","M","R","E","R","T","?","?","M","M","?","R","BOSS","M","?","M","M","M","E","M","?","T","R","E","M","$","?","R","BOSS"],"build_version":"2019-01-23","purchased_purges":4,"victory":true,"max_hp_per_floor":[77,77,77,77,77,77,77,77,77,77,77,77,77,77,77,77,77,77,77,77,77,77,77,77,77,77,77,77,77,82,82,82,82,82,82,82,82,82,82,82,82,82,82,82,82,82,89,89,89,89],"card_choices":[{"not_picked":["Deflect","Flying Knee"],"picked":"PiercingWail","floor":1.0},{"not_picked":["Flying Knee","Calculated Gamble"],"picked":"Malaise","floor":7.0},{"not_picked":["Underhanded Strike","Dagger Throw"],"picked":"Footwork","floor":11.0},{"not_picked":["Bane","Heel Hook"],"picked":"Footwork","floor":14.0},{"not_picked":["Grand Finale","Venomology"],"picked":"Doppelganger","floor":16.0},{"not_picked":["Flechettes","Deflect+1","Dagger Spray"],"picked":"SKIP","floor":18.0},{"not_picked":["Prepared+1","PiercingWail"],"picked":"Backflip","floor":19.0},{"not_picked":["Sucker Punch","Deadly Poison"],"picked":"Infinite Blades","floor":22.0},{"not_picked":["Heel Hook+1","Setup","Prepared"],"picked":"SKIP","floor":24.0},{"not_picked":["Dagger Throw","Tactician+1","Deadly Poison"],"picked":"SKIP","floor":29.0},{"not_picked":["Outmaneuver","Acrobatics"],"picked":"Catalyst+1","floor":30.0},{"not_picked":["Venomology","Adrenaline"],"picked":"Die Die Die","floor":33.0},{"not_picked":["Slice","Quick Slash+1","Blade Dance+1"],"picked":"SKIP","floor":35.0},{"not_picked":["Underhanded Strike","Sucker Punch"],"picked":"Dodge and Roll","floor":37.0},{"not_picked":["Unload","Slice+1","Deflect+1"],"picked":"SKIP","floor":38.0},{"not_picked":["Expertise+1","Prepared+1"],"picked":"Deadly Poison+1","floor":39.0},{"not_picked":["Sucker Punch+1","A Thousand Cuts"],"picked":"Adrenaline","floor":40.0},{"not_picked":["Bane+1","PiercingWail"],"picked":"Catalyst","floor":41.0},{"not_picked":["Bane","Outmaneuver","Deflect+1"],"picked":"SKIP","floor":45},{"not_picked":["Masterful Stab+1","Deadly Poison"],"picked":"PiercingWail+1","floor":46}],"player_experience":85859,"relics_obtained":[{"floor":9.0,"key":"Meat on the Bone"},{"floor":11.0,"key":"The Specimen"},{"floor":24.0,"key":"Juzu Bracelet"},{"floor":26.0,"key":"Lantern"},{"floor":27.0,"key":"Bird Faced Urn"},{"floor":27.0,"key":"Paper Crane"},{"floor":28.0,"key":"Peace Pipe"},{"floor":31.0,"key":"Tiny Chest"},{"floor":40.0,"key":"FossilizedHelix"},{"floor":43.0,"key":"Boot"},{"floor":45,"key":"Art of War"}],"event_choices":[{"cards_removed":["Strike_G"],"damage_healed":0.0,"max_hp_gain":0.0,"max_hp_loss":0.0,"gold_gain":0.0,"event_name":"Living Wall","player_choice":"Forget","floor":2.0,"gold_loss":0.0,"damage_taken":0.0},{"damage_healed":0.0,"max_hp_gain":0.0,"max_hp_loss":0.0,"gold_gain":0.0,"event_name":"Shining Light","player_choice":"Entered Light","floor":3.0,"gold_loss":0.0,"damage_taken":15.0,"cards_upgraded":["Defend_G","Strike_G"]},{"damage_healed":0.0,"max_hp_gain":0.0,"max_hp_loss":0.0,"gold_gain":0.0,"event_name":"Golden Idol","player_choice":"Take Damage","floor":4.0,"gold_loss":0.0,"damage_taken":19.0,"relics_obtained":["Golden Idol"]},{"damage_healed":0.0,"max_hp_gain":0.0,"max_hp_loss":0.0,"gold_gain":175.0,"event_name":"Liars Game","player_choice":"AGREE","floor":12.0,"gold_loss":0.0,"damage_taken":0.0,"cards_obtained":["Doubt"]},{"damage_healed":0.0,"max_hp_gain":0.0,"max_hp_loss":0.0,"gold_gain":0.0,"event_name":"N\u0027loth","player_choice":"Traded Relic","floor":20.0,"relics_lost":["Ring of the Snake"],"gold_loss":0.0,"damage_taken":0.0,"relics_obtained":["Nloth\u0027s Gift"]},{"damage_healed":0.0,"max_hp_gain":0.0,"max_hp_loss":0.0,"gold_gain":0.0,"event_name":"Colosseum","player_choice":"Fight","floor":27.0,"gold_loss":0.0,"damage_taken":0.0},{"damage_healed":0.0,"max_hp_gain":0.0,"max_hp_loss":0.0,"gold_gain":0.0,"event_name":"Colosseum","player_choice":"Fought Nobs","floor":27.0,"gold_loss":0.0,"damage_taken":0.0},{"damage_healed":0.0,"max_hp_gain":0.0,"max_hp_loss":0.0,"gold_gain":0.0,"event_name":"Wheel of Change","player_choice":"Relic","floor":28.0,"gold_loss":0.0,"damage_taken":0.0},{"damage_healed":0.0,"max_hp_gain":0.0,"max_hp_loss":0.0,"gold_gain":333.0,"event_name":"The Moai Head","player_choice":"Gave Idol","floor":42.0,"relics_lost":["Golden Idol"],"gold_loss":0.0,"damage_taken":0.0},{"damage_healed":0,"gold_gain":0,"player_choice":"Ignored","damage_taken":0,"max_hp_gain":0,"max_hp_loss":0,"event_name":"Mysterious Sphere","floor":48,"gold_loss":0}],"is_beta":false,"boss_relics":[{"not_picked":["Runic Dome","Ectoplasm"],"picked":"Velvet Choker"},{"not_picked":["Busted Crown","Runic Pyramid"],"picked":"Cursed Key"}],"items_purged_floors":[5,21,36,47],"is_endless":false,"potions_floor_spawned":[7,22,27,27,29,30,33,35,38,41,45],"ascension_level":4}