{"gold_per_floor":[119,119,194,194,47,47,80,97,97,97,129,7,27,27,27,123,123,123,123,51,25,25,25,25,25,25,25,2,2,2,2,2,2,2,2,2,2,2,2,2,2,2,2,2,2,2,2,2,2,2],"floor_reached":51,"playtime":2656,"items_purged":[],"score":1089,"play_id":"84799f4c-19a4-456a-a120-b98a3d7863bc","local_time":"20190922204548","is_ascension_mode":true,"campfire_choices":[{"floor":6,"key":"REST"},{"data":"Bash","floor":10,"key":"SMITH"},{"data":"Iron Wave","floor":15,"key":"SMITH"},{"data":"Uppercut","floor":23,"key":"SMITH"},{"data":"Body Slam","floor":27,"key":"SMITH"},{"data":"Body Slam","floor":29,"key":"SMITH"},{"floor":32,"key":"REST"},{"floor":40,"key":"REST"},{"floor":49,"key":"REST"}],"neow_cost":"PERCENT_DAMAGE","seed_source_timestamp":216996025938600,"circlet_count":0,"master_deck":["Strike_R+1","Strike_R","Strike_R","Strike_R","Strike_R","Defend_R","Defend_R","Defend_R","Defend_R","Bash+1","Spot Weakness+1","Shrug It Off","Body Slam+1","Corruption","Flame Barrier","Shrug It Off","Shrug It Off","Iron Wave+1","Immolate","Anger","Body Slam+1","Metallicize+1","Sword Boomerang+1","Inflame","Body Slam+1","Pommel Strike","Uppercut+1","True Grit+1","Infernal Blade","Shrug It Off","Feed","Pommel Strike","Reaper","Uppercut+1","Combust+1","Inflame+1","Twin Strike+1","Feel No Pain+1","Flex+1","Discovery","Dark Embrace","Writhe","Shrug It Off","Shockwave+1"],"relics":["Burning Blood","Prayer Wheel","FaceOfCleric","Blood Vial","Nunchaku","Paper Frog","Orichalcum","Odd Mushroom","Ectoplasm","Regal Pillow","Bag of Marbles","Centennial Puzzle","Mark of Pain","Pocketwatch","Darkstone Periapt","Bottled Tornado","Kunai"],"potions_floor_usage":[7,13,13,16,25,36,42,45,48,50,50],"damage_taken":[{"damage":8,"enemies":"Jaw Worm","floor":1,"turns":4},{"damage":26,"enemies":"Gremlin Nob","floor":7,"turns":4},{"damage":2,"enemies":"2 Louse","floor":8,"turns":3},{"damage":15,"enemies":"3 Sentries","floor":11,"turns":6},{"damage":8,"enemies":"The Mushroom Lair","floor":13,"turns":4},{"damage":14,"enemies":"Hexaghost","floor":16,"turns":6},{"damage":0,"enemies":"Chosen","floor":18,"turns":3},{"damage":27,"enemies":"3 Byrds","floor":19,"turns":4},{"damage":20,"enemies":"Centurion and Healer","floor":22,"turns":7},{"damage":7,"enemies":"3 Cultists","floor":24,"turns":5},{"damage":8,"enemies":"Gremlin Leader","floor":25,"turns":4},{"damage":1,"enemies":"Slavers","floor":30,"turns":4},{"damage":9,"enemies":"Snake Plant","floor":31,"turns":4},{"damage":8,"enemies":"Automaton","floor":33,"turns":6},{"damage":4,"enemies":"3 Darklings","floor":35,"turns":3},{"damage":13,"enemies":"2 Orb Walkers","floor":36,"turns":4},{"damage":0,"enemies":"Orb Walker","floor":37,"turns":2},{"damage":52,"enemies":"Sphere and 2 Shapes","floor":38,"turns":6},{"damage":47,"enemies":"4 Shapes","floor":39,"turns":5},{"damage":81,"enemies":"Nemesis","floor":42,"turns":7},{"damage":21,"enemies":"Jaw Worm Horde","floor":45,"turns":5},{"damage":17,"enemies":"Transient","floor":48,"turns":5},{"damage":27,"enemies":"Donu and Deca","floor":50,"turns":6}],"seed_played":"-4045906113568084326","potions_obtained":[{"floor":1,"key":"Fire Potion"},{"floor":8,"key":"Energy Potion"},{"floor":13,"key":"PowerPotion"},{"floor":16,"key":"Dexterity Potion"},{"floor":18,"key":"Poison Potion"},{"floor":24,"key":"Dexterity Potion"},{"floor":25,"key":"SteroidPotion"},{"floor":33,"key":"BloodPotion"},{"floor":35,"key":"AttackPotion"},{"floor":42,"key":"AttackPotion"},{"floor":45,"key":"Poison Potion"},{"floor":48,"key":"GamblersBrew"}],"is_trial":false,"path_per_floor":["M","?","?","?","$","R","E","M","T","R","E","$","?","?","R","B",null,"M","M","$","$","M","R","M","E","T","R","$","R","E","M","R","B",null,"M","?","M","M","M","R","T","E","T","?","M","?","$","M","R","B",null],"character_chosen":"IRONCLAD","items_purchased":["Blood Vial","Shrug It Off","BloodPotion","Inflame","Body Slam","Shrug It Off"],"campfire_rested":4,"item_purchase_floors":[5,12,12,20,21,28],"current_hp_per_floor":[49,33,22,22,22,46,29,36,36,36,30,30,51,51,51,46,75,84,66,66,66,55,55,57,58,58,58,58,58,66,69,95,94,96,97,98,99,63,28,75,75,29,29,29,20,54,54,46,96,86],"gold":2,"neow_bonus":"ONE_RARE_RELIC","is_prod":false,"is_daily":false,"chose_seed":false,"campfire_upgraded":5,"win_rate":0,"timestamp":1569177948,"path_taken":["M","?","?","?","$","R","E","?","T","R","E","?","?","?","R","BOSS","M","M","?","$","M","R","M","E","T","R","$","R","E","M","R","BOSS","M","?","M","M","M","R","?","E","T","?","?","?","?","M","R","BOSS"],"build_version":"2019-07-17","purchased_purges":0,"victory":true,"max_hp_per_floor":[80,80,80,80,80,80,81,82,82,82,83,83,84,84,84,85,85,86,87,87,87,88,88,89,90,90,90,90,90,91,95,95,96,96,97,98,99,103,107,107,107,108,108,108,112,118,118,119,119,120],"card_choices":[{"not_picked":["Burning Pact","Flex"],"picked":"Spot Weakness","floor":1},{"not_picked":["Havoc","Sever Soul"],"picked":"Shrug It Off","floor":1},{"not_picked":["Perfected Strike","Feel No Pain"],"picked":"Body Slam","floor":7},{"not_picked":["Wild Strike","Iron Wave"],"picked":"Corruption","floor":8},{"not_picked":["Clothesline","Barricade"],"picked":"Flame Barrier","floor":8},{"not_picked":["Blood for Blood","Bloodletting"],"picked":"Shrug It Off","floor":11},{"not_picked":["Wild Strike","Flex"],"picked":"Iron Wave","floor":13},{"not_picked":["Brutality","Limit Break"],"picked":"Immolate","floor":16},{"not_picked":["Clash","Warcry"],"picked":"Anger","floor":18},{"not_picked":["Entrench","Searing Blow"],"picked":"Body Slam","floor":18},{"not_picked":["Ghostly Armor","Flex+1"],"picked":"Metallicize+1","floor":19},{"not_picked":["Corruption+1","Entrench"],"picked":"Sword Boomerang+1","floor":19},{"not_picked":["Rage","Warcry"],"picked":"Pommel Strike","floor":22},{"not_picked":["Pummel","Body Slam"],"picked":"Uppercut","floor":22},{"not_picked":["Shockwave+1","Bloodletting"],"picked":"True Grit+1","floor":24},{"not_picked":["Brutality","Clash+1","Body Slam"],"picked":"SKIP","floor":24},{"not_picked":["Havoc","Disarm"],"picked":"Infernal Blade","floor":25},{"not_picked":["Sword Boomerang","Uppercut"],"picked":"Feed","floor":30},{"not_picked":["Perfected Strike+1","Shockwave"],"picked":"Pommel Strike","floor":31},{"not_picked":["Flex","Blood for Blood","Corruption"],"picked":"SKIP","floor":31},{"not_picked":["Fiend Fire","Bludgeon"],"picked":"Reaper","floor":33},{"not_picked":["Sword Boomerang+1","Wild Strike"],"picked":"Uppercut+1","floor":35},{"not_picked":["Cleave","Sever Soul","Perfected Strike"],"picked":"SKIP","floor":35},{"not_picked":["Carnage+1","Sword Boomerang+1"],"picked":"Combust+1","floor":36},{"not_picked":["Clothesline","Ghostly Armor+1"],"picked":"Inflame+1","floor":37},{"not_picked":["Thunderclap","Rampage"],"picked":"Twin Strike+1","floor":37},{"not_picked":["Ghostly Armor","Flex","Anger+1"],"picked":"SKIP","floor":38},{"not_picked":["Fire Breathing","Dual Wield+1","Sword Boomerang+1"],"picked":"SKIP","floor":38},{"not_picked":["Cleave+1","Hemokinesis+1"],"picked":"Feel No Pain+1","floor":39},{"not_picked":["Twin Strike","Warcry"],"picked":"Flex+1","floor":39},{"not_picked":["Intimidate+1","Twin Strike+1","Pommel Strike"],"picked":"SKIP","floor":42},{"not_picked":["Madness","Blind"],"picked":"Discovery","floor":44},{"not_picked":["Corruption","Spot Weakness"],"picked":"Dark Embrace","floor":45},{"not_picked":["Rage","Second Wind","Clothesline"],"picked":"SKIP","floor":45},{"not_picked":["Pummel","Intimidate"],"picked":"Shrug It Off","floor":48},{"not_picked":["Iron Wave","Wild Strike+1"],"picked":"Shockwave+1","floor":48}],"player_experience":226323,"relics_obtained":[{"floor":7,"key":"Nunchaku"},{"floor":9,"key":"Paper Frog"},{"floor":11,"key":"Orichalcum"},{"floor":13,"key":"Odd Mushroom"},{"floor":25,"key":"Regal Pillow"},{"floor":26,"key":"Bag of Marbles"},{"floor":30,"key":"Centennial Puzzle"},{"floor":36,"key":"Pocketwatch"},{"floor":41,"key":"Darkstone Periapt"},{"floor":42,"key":"Bottled Tornado"},{"floor":43,"key":"Kunai"}],"event_choices":[{"damage_healed":0,"gold_gain":0,"player_choice":"Entered Light","damage_taken":16,"max_hp_gain":0,"max_hp_loss":0,"event_name":"Shining Light","floor":2,"gold_loss":0,"cards_upgraded":["Spot Weakness","Strike_R"]},{"damage_healed":0,"gold_gain":75,"player_choice":"Gather Gold","damage_taken":11,"max_hp_gain":0,"max_hp_loss":0,"event_name":"World of Goop","floor":3,"gold_loss":0},{"damage_healed":0,"gold_gain":0,"player_choice":"Trade","damage_taken":0,"relics_obtained":["FaceOfCleric"],"max_hp_gain":0,"max_hp_loss":0,"event_name":"FaceTrader","floor":4,"gold_loss":0},{"damage_healed":0,"gold_gain":0,"player_choice":"Fought Mushrooms","damage_taken":0,"max_hp_gain":0,"max_hp_loss":0,"event_name":"Mushrooms","floor":13,"gold_loss":0},{"damage_healed":0,"gold_gain":0,"player_choice":"Upgraded","damage_taken":0,"max_hp_gain":0,"max_hp_loss":0,"event_name":"Upgrade Shrine","floor":14,"gold_loss":0,"cards_upgraded":["Body Slam"]},{"damage_healed":0,"gold_gain":0,"player_choice":"Fight","damage_taken":0,"max_hp_gain":0,"max_hp_loss":0,"event_name":"Mysterious Sphere","floor":36,"gold_loss":0},{"damage_healed":0,"gold_gain":0,"player_choice":"Memory 1","damage_taken":0,"max_hp_gain":0,"max_hp_loss":0,"event_name":"SensoryStone","floor":44,"gold_loss":0},{"damage_healed":28,"gold_gain":0,"player_choice":"Writhe","damage_taken":0,"max_hp_gain":0,"max_hp_loss":0,"event_name":"Winding Halls","floor":46,"gold_loss":0,"cards_obtained":["Writhe"]}],"is_beta":false,"boss_relics":[{"not_picked":["White Beast Statue","Orrery"],"picked":"Ectoplasm"},{"not_picked":["Black Star","Lizard Tail"],"picked":"Mark of Pain"}],"items_purged_floors":[],"is_endless":false,"potions_floor_spawned":[1,8,13,16,18,24,25,31,33,35,42,45,48],"ascension_level":8}