{"gold_per_floor":[115,132,146,51,62,91,91,91,168,168],"floor_reached":10,"playtime":463,"items_purged":[],"score":71,"play_id":"565f4fef-4a26-4e52-b38f-39e7a07e6f63","local_time":"20190926001421","is_ascension_mode":true,"campfire_choices":[{"data":"Slice","floor":7,"key":"SMITH"}],"neow_cost":"NONE","seed_source_timestamp":490911225504100,"circlet_count":0,"master_deck":["Strike_G","Strike_G","Strike_G","Strike_G","Defend_G","Defend_G","Defend_G","Defend_G","Survivor","Neutralize","Prepared","Impatience","Slice+1"],"relics":["Ring of the Snake","Turnip","Ninja Scroll"],"potions_floor_usage":[6,6],"damage_taken":[{"damage":1,"enemies":"Cultist","floor":1,"turns":4},{"damage":0,"enemies":"Jaw Worm","floor":2,"turns":4},{"damage":3,"enemies":"Small Slimes","floor":3,"turns":4},{"damage":6,"enemies":"3 Louse","floor":5,"turns":5},{"damage":23,"enemies":"3 Sentries","floor":6,"turns":11},{"damage":58,"enemies":"Gremlin Nob","floor":10,"turns":4}],"seed_played":"4711087558871308244","potions_obtained":[{"floor":2,"key":"Regen Potion"},{"floor":3,"key":"Energy Potion"}],"is_trial":false,"path_per_floor":["M","M","M","$","M","E","R","?","T","E"],"character_chosen":"THE_SILENT","items_purchased":["Impatience"],"campfire_rested":0,"item_purchase_floors":[4],"current_hp_per_floor":[69,69,66,66,60,52,52,52,52,0],"gold":168,"neow_bonus":"REMOVE_CARD","is_prod":false,"is_daily":false,"chose_seed":false,"campfire_upgraded":1,"win_rate":0,"timestamp":1569449661,"path_taken":["M","M","M","$","M","E","R","?","T","E"],"build_version":"2019-07-17","purchased_purges":0,"victory":false,"max_hp_per_floor":[70,70,70,70,70,70,70,70,70,70],"card_choices":[{"not_picked":["Outmaneuver","Bane","Sucker Punch"],"picked":"SKIP","floor":1},{"not_picked":["Choke","Blade Dance"],"picked":"Prepared","floor":2},{"not_picked":["Flechettes","Caltrops","Terror"],"picked":"SKIP","floor":3},{"not_picked":["Deadly Poison","Infinite Blades","Leg Sweep"],"picked":"SKIP","floor":5},{"not_picked":["Concentrate","Underhanded Strike"],"picked":"Slice","floor":6}],"player_experience":258170,"relics_obtained":[{"floor":6,"key":"Turnip"},{"floor":9,"key":"Ninja Scroll"}],"event_choices":[{"cards_removed":["Strike_G"],"damage_healed":0,"gold_gain":0,"player_choice":"Offered Basic","damage_taken":0,"max_hp_gain":0,"max_hp_loss":0,"event_name":"Bonfire Elementals","floor":8,"gold_loss":0}],"is_beta":false,"boss_relics":[],"items_purged_floors":[],"is_endless":false,"potions_floor_spawned":[2,3],"killed_by":"Gremlin Nob","ascension_level":1}