{"gold_per_floor":[113,129,129,129,149,149,188,188,239,254,254,14,57,131,131,131],"floor_reached":16,"playtime":621,"items_purged":[],"score":151,"play_id":"6ca666a1-6c95-4096-8882-319e936c90fe","local_time":"20190907113439","is_ascension_mode":true,"campfire_choices":[{"data":"Power Through","floor":6.0,"key":"SMITH"},{"data":"Defend_R","floor":8.0,"key":"SMITH"},{"data":"Defend_R","floor":11.0,"key":"SMITH"},{"data":"Defend_R","floor":15.0,"key":"SMITH"}],"neow_cost":"TEN_PERCENT_HP_LOSS","seed_source_timestamp":236878161035515,"circlet_count":0,"master_deck":["Strike_R","Strike_R","Strike_R","Defend_R+1","Defend_R+1","Defend_R","Defend_R+1","Bash","Heavy Blade","Power Through+1","Cleave","Flame Barrier+1"],"special_seed":0,"relics":["Burning Blood","Golden Idol","Pen Nib","Anchor","Membership Card","Centennial Puzzle","Pear"],"potions_floor_usage":[16,16],"damage_taken":[{"damage":0.0,"enemies":"Small Slimes","floor":1.0,"turns":4.0},{"damage":0.0,"enemies":"Jaw Worm","floor":2.0,"turns":3.0},{"damage":0.0,"enemies":"2 Louse","floor":5.0,"turns":2.0},{"damage":22.0,"enemies":"Gremlin Nob","floor":7.0,"turns":6.0},{"damage":0.0,"enemies":"Looter","floor":10.0,"turns":4.0},{"damage":6.0,"enemies":"3 Sentries","floor":13.0,"turns":7.0},{"damage":90,"enemies":"Hexaghost","floor":16,"turns":11}],"seed_played":"-156353742087447289","potions_obtained":[{"floor":1.0,"key":"GamblersBrew"},{"floor":10.0,"key":"Energy Potion"},{"floor":13.0,"key":"BloodPotion"}],"is_trial":false,"path_per_floor":["M","M","?","?","M","R","E","R","T","M","R","$","E","T","R","B"],"character_chosen":"IRONCLAD","items_purchased":["Membership Card","Fruit Juice"],"campfire_rested":0,"item_purchase_floors":[12,12],"current_hp_per_floor":[72,72,54,54,60,60,44,44,44,50,50,55,55,65,65,0],"gold":131,"neow_bonus":"TRANSFORM_TWO_CARDS","is_prod":false,"is_daily":false,"chose_seed":false,"campfire_upgraded":4,"win_rate":0,"timestamp":1567881279,"path_taken":["M","M","?","?","M","R","E","R","T","M","R","$","E","?","R","BOSS"],"build_version":"2019-07-17","purchased_purges":0,"victory":false,"max_hp_per_floor":[72,72,72,72,72,72,72,72,72,72,72,77,77,87,87,87],"card_choices":[{"not_picked":["Rupture","Combust"],"picked":"Cleave","floor":1.0},{"not_picked":["Armaments","Body Slam"],"picked":"Flame Barrier","floor":2.0},{"not_picked":["Sword Boomerang","Carnage","Fire Breathing"],"picked":"SKIP","floor":5.0},{"not_picked":["Clash","Blood for Blood","Second Wind"],"picked":"SKIP","floor":7.0},{"not_picked":["Cleave","Armaments","Warcry"],"picked":"SKIP","floor":10.0},{"not_picked":["Power Through","Twin Strike","Infernal Blade"],"picked":"SKIP","floor":13.0}],"player_experience":276765,"relics_obtained":[{"floor":7.0,"key":"Pen Nib"},{"floor":9.0,"key":"Anchor"},{"floor":13.0,"key":"Centennial Puzzle"},{"floor":14.0,"key":"Pear"}],"event_choices":[{"damage_healed":0.0,"max_hp_gain":0.0,"max_hp_loss":0.0,"gold_gain":0.0,"event_name":"Golden Idol","player_choice":"Take Damage","floor":3.0,"gold_loss":0.0,"damage_taken":18.0,"relics_obtained":["Golden Idol"]},{"damage_healed":0.0,"max_hp_gain":0.0,"max_hp_loss":0.0,"gold_gain":0.0,"event_name":"Living Wall","player_choice":"Grow","floor":4.0,"gold_loss":0.0,"damage_taken":0.0,"cards_upgraded":["Flame Barrier"]}],"is_beta":false,"boss_relics":[],"items_purged_floors":[],"is_endless":false,"potions_floor_spawned":[1,10,13],"killed_by":"Hexaghost","ascension_level":8}