{"gold_per_floor":[116,128,19,33,33,33,33,68,140,140,161,32,32,55,55,151,151,169,187,187],"floor_reached":20,"playtime":1071,"items_purged":["Strike_G"],"score":473,"play_id":"653bcb53-f2e8-41e6-9a20-798a21139a5e","local_time":"20190804215142","is_ascension_mode":true,"campfire_choices":[{"data":"Deflect","floor":6,"key":"SMITH"},{"data":"Bouncing Flask","floor":10,"key":"SMITH"},{"data":"Catalyst","floor":15,"key":"SMITH"}],"neow_cost":"NONE","seed_source_timestamp":1828466130125826,"circlet_count":0,"master_deck":["AscendersBane","Strike_G","Strike_G","Strike_G","Defend_G","Defend_G","Defend_G","Defend_G","Defend_G","Survivor","Neutralize+1","Bouncing Flask+1","PiercingWail","Deflect+1","Acrobatics","Catalyst","Catalyst+1","Blur","Adrenaline","Backflip","Blur","Well Laid Plans","PiercingWail","Deflect"],"relics":["Coffee Dripper","Golden Idol","Ancient Tea Set","Darkstone Periapt","Orrery"],"potions_floor_usage":[2,8,8,8,8,11,18],"damage_taken":[{"damage":4,"enemies":"Jaw Worm","floor":1,"turns":6},{"damage":0,"enemies":"2 Louse","floor":2,"turns":3},{"damage":0,"enemies":"Cultist","floor":4,"turns":3},{"damage":36,"enemies":"Gremlin Nob","floor":8,"turns":5},{"damage":7,"enemies":"Exordium Wildlife","floor":11,"turns":7},{"damage":0,"enemies":"Red Slaver","floor":14,"turns":4},{"damage":0,"enemies":"The Guardian","floor":16,"turns":7},{"damage":18,"enemies":"3 Byrds","floor":18,"turns":11},{"damage":30,"enemies":"Chosen","floor":19,"turns":6},{"damage":8,"enemies":"Snake Plant","floor":20,"turns":4}],"seed_played":"-6304759448118905018","potions_obtained":[{"floor":1,"key":"EntropicBrew"},{"floor":8,"key":"Explosive Potion"},{"floor":11,"key":"SteroidPotion"}],"is_trial":false,"path_per_floor":["M","M","$","M","?","R","?","E","T","R","M","$","?","M","R","B",null,"M","M","M"],"character_chosen":"THE_SILENT","items_purchased":["Deflect","Acrobatics","Block Potion"],"campfire_rested":0,"item_purchase_floors":[3,3,12],"current_hp_per_floor":[55,55,55,55,55,55,32,11,11,11,4,4,4,4,4,4,51,33,3,0],"gold":187,"neow_bonus":"BOSS_RELIC","is_prod":false,"is_daily":false,"chose_seed":false,"campfire_upgraded":3,"win_rate":0,"timestamp":1564980702,"path_taken":["M","M","$","M","?","R","?","E","T","R","M","?","?","?","R","BOSS","M","M","M"],"build_version":"2019-07-17","purchased_purges":1,"victory":false,"max_hp_per_floor":[66,66,66,66,66,66,66,66,66,66,66,66,66,66,66,66,66,66,66,66],"card_choices":[{"not_picked":["Finisher","Flying Knee"],"picked":"Bouncing Flask","floor":1},{"not_picked":["Acrobatics","Deadly Poison"],"picked":"PiercingWail","floor":2},{"not_picked":["Expertise","Bane"],"picked":"Catalyst","floor":4},{"not_picked":["Prepared","Flechettes"],"picked":"Catalyst","floor":8},{"not_picked":["Dagger Spray","Acrobatics","Predator"],"picked":"SKIP","floor":11},{"not_picked":["Calculated Gamble","Underhanded Strike"],"picked":"Blur","floor":14},{"not_picked":["Glass Knife","Envenom"],"picked":"Adrenaline","floor":16},{"not_picked":["Dagger Spray","Escape Plan"],"picked":"Backflip","floor":17},{"not_picked":["Poisoned Stab","Flechettes"],"picked":"Blur","floor":17},{"not_picked":["Caltrops","Acrobatics"],"picked":"Well Laid Plans","floor":17},{"not_picked":["Eviscerate+1","Cloak And Dagger"],"picked":"PiercingWail","floor":18},{"not_picked":["Crippling Poison","Quick Slash"],"picked":"Deflect","floor":19}],"player_experience":175191,"relics_obtained":[{"floor":8,"key":"Ancient Tea Set"},{"floor":9,"key":"Darkstone Periapt"}],"event_choices":[{"damage_healed":0,"gold_gain":0,"player_choice":"Grow","damage_taken":0,"max_hp_gain":0,"max_hp_loss":0,"event_name":"Living Wall","floor":5,"gold_loss":0,"cards_upgraded":["Neutralize"]},{"damage_healed":0,"gold_gain":0,"player_choice":"Take Damage","damage_taken":23,"relics_obtained":["Golden Idol"],"max_hp_gain":0,"max_hp_loss":0,"event_name":"Golden Idol","floor":7,"gold_loss":0},{"cards_removed":["Strike_G"],"damage_healed":0,"gold_gain":0,"player_choice":"Purged","damage_taken":0,"max_hp_gain":0,"max_hp_loss":0,"event_name":"Purifier","floor":13,"gold_loss":0}],"is_beta":false,"boss_relics":[{"not_picked":["Fusion Hammer","Lizard Tail"],"picked":"Orrery"}],"items_purged_floors":[12],"is_endless":false,"potions_floor_spawned":[1,8,11],"killed_by":"Snake Plant","ascension_level":18}