{"gold_per_floor":[210,210,228,228,228,228,36,63,113,204,224,224,235,247,247,347,347,358,358,370,144,144,144,169,188,188,200,210,210,264,283,283,387,387,398,416,174,174,193,225,225,236,236,167,200,213,259,132,132,132],"floor_reached":51,"playtime":4195,"items_purged":["Strike_G"],"score":952,"play_id":"1c91f68f-aa20-433d-b01e-523ac165d11b","local_time":"20190922170214","is_ascension_mode":true,"campfire_choices":[{"data":"Neutralize","floor":6,"key":"SMITH"},{"floor":12,"key":"REST"},{"data":"A Thousand Cuts","floor":15,"key":"SMITH"},{"data":"Cloak And Dagger","floor":23,"key":"SMITH"},{"data":"Footwork","floor":29,"key":"SMITH"},{"data":"Leg Sweep","floor":32,"key":"SMITH"},{"data":"Dodge and Roll","floor":41,"key":"SMITH"},{"floor":49,"key":"REST"}],"neow_cost":"NONE","seed_source_timestamp":202036835489900,"circlet_count":0,"master_deck":["Strike_G+1","Strike_G+1","Strike_G+1","Strike_G+1","Defend_G+1","Defend_G+1","Defend_G+1","Defend_G+1","Defend_G+1","Survivor","Neutralize+1","Slice","Dodge and Roll+1","A Thousand Cuts+1","Bane","Cloak And Dagger","Dodge and Roll","Dodge and Roll","Cloak And Dagger+1","Backstab+1","Footwork+1","Backflip","Leg Sweep+1","Dodge and Roll+1","Blade Dance+1","Die Die Die","Blur+1","Well Laid Plans+1","Infinite Blades+1"],"relics":["Ring of the Snake","Ornamental Fan","TwistedFunnel","Matryoshka","Singing Bowl","Omamori","Tiny Chest","Sozu","Nilry\u0027s Codex","Whetstone","Meat on the Bone","Blood Vial","Bottled Tornado","Oddly Smooth Stone","Lizard Tail","Frozen Egg 2","Art of War","Bag of Preparation","Bottled Flame","Prayer Wheel","Pear"],"potions_floor_usage":[2,8,16,16],"damage_taken":[{"damage":0,"enemies":"Small Slimes","floor":1,"turns":4},{"damage":0,"enemies":"Cultist","floor":3,"turns":3},{"damage":3,"enemies":"3 Sentries","floor":8,"turns":10},{"damage":29,"enemies":"3 Sentries","floor":10,"turns":9},{"damage":0,"enemies":"Jaw Worm","floor":11,"turns":2},{"damage":0,"enemies":"Looter","floor":13,"turns":2},{"damage":0,"enemies":"3 Louse","floor":14,"turns":3},{"damage":17,"enemies":"The Guardian","floor":16,"turns":17},{"damage":9,"enemies":"Shell Parasite","floor":18,"turns":7},{"damage":3,"enemies":"Chosen","floor":20,"turns":5},{"damage":17,"enemies":"Book of Stabbing","floor":24,"turns":5},{"damage":0,"enemies":"Centurion and Healer","floor":25,"turns":6},{"damage":10,"enemies":"Snecko","floor":27,"turns":6},{"damage":0,"enemies":"Cultist and Chosen","floor":28,"turns":6},{"damage":8,"enemies":"Snake Plant","floor":31,"turns":4},{"damage":0,"enemies":"Collector","floor":33,"turns":11},{"damage":0,"enemies":"3 Darklings","floor":35,"turns":6},{"damage":3,"enemies":"3 Shapes","floor":36,"turns":4},{"damage":7,"enemies":"Transient","floor":39,"turns":5},{"damage":1,"enemies":"Nemesis","floor":40,"turns":9},{"damage":0,"enemies":"4 Shapes","floor":42,"turns":4},{"damage":0,"enemies":"Reptomancer","floor":45,"turns":9},{"damage":2,"enemies":"Spire Growth","floor":46,"turns":5},{"damage":28,"enemies":"2 Orb Walkers","floor":47,"turns":7},{"damage":63,"enemies":"Awakened One","floor":50,"turns":21}],"seed_played":"8266571327608619025","potions_obtained":[{"floor":2,"key":"SpeedPotion"},{"floor":2,"key":"FairyPotion"},{"floor":2,"key":"Fruit Juice"},{"floor":3,"key":"AttackPotion"},{"floor":13,"key":"Fire Potion"},{"floor":14,"key":"Dexterity Potion"}],"is_trial":false,"path_per_floor":["M","?","M","T","?","R","$","E","T","?","M","R","M","M","R","B",null,"M","?","M","$","?","R","E","M","T","M","M","R","T","M","R","B",null,"M","M","$","?","M","E","R","M","T","$","E","M","?","?","R","B",null],"character_chosen":"THE_SILENT","items_purchased":["TwistedFunnel","Whetstone","Frozen Egg 2","Well Laid Plans+1"],"campfire_rested":2,"item_purchase_floors":[7,21,37,44],"current_hp_per_floor":[70,75,75,75,60,60,60,57,57,28,28,50,50,50,50,35,77,68,52,49,49,49,49,34,46,46,52,54,54,54,48,48,52,83,83,82,82,82,77,78,78,80,80,80,82,84,60,70,99,48],"gold":132,"neow_bonus":"HUNDRED_GOLD","is_prod":false,"is_daily":false,"chose_seed":false,"campfire_upgraded":6,"win_rate":0,"timestamp":1569164534,"path_taken":["M","?","?","?","?","R","?","E","T","?","M","R","M","M","R","BOSS","M","?","M","$","?","R","E","M","T","M","M","R","?","M","R","BOSS","M","M","$","?","M","E","R","M","T","$","E","M","?","?","R","BOSS"],"build_version":"2019-07-17","purchased_purges":1,"victory":true,"max_hp_per_floor":[70,75,75,75,75,75,75,75,75,75,75,75,75,75,75,77,77,77,77,77,77,77,77,79,79,79,81,81,81,81,81,81,83,83,83,85,85,85,85,85,85,85,85,85,85,87,89,99,99,99],"card_choices":[{"not_picked":["Dagger Throw","Dagger Spray"],"picked":"Slice","floor":1},{"not_picked":["Escape Plan","Sucker Punch"],"picked":"Dodge and Roll","floor":3},{"not_picked":["Caltrops","Flechettes"],"picked":"A Thousand Cuts","floor":8},{"not_picked":["Deadly Poison","Flechettes"],"picked":"Bane","floor":10},{"not_picked":["Setup","Dagger Spray"],"picked":"Cloak And Dagger","floor":11},{"not_picked":["Prepared","Malaise"],"picked":"Dodge and Roll","floor":13},{"not_picked":["Underhanded Strike","Prepared"],"picked":"Dodge and Roll","floor":14},{"not_picked":["Storm of Steel","Grand Finale","Burst"],"picked":"Singing Bowl","floor":16},{"not_picked":["Deadly Poison","Deflect"],"picked":"Cloak And Dagger","floor":18},{"not_picked":["Backflip+1","Deadly Poison"],"picked":"Backstab","floor":20},{"not_picked":["Bouncing Flask","Riddle With Holes","Distraction"],"picked":"Singing Bowl","floor":24},{"not_picked":["Crippling Poison+1","Blade Dance+1"],"picked":"Footwork","floor":25},{"not_picked":["Dagger Spray","Acrobatics","Dagger Throw"],"picked":"Singing Bowl","floor":27},{"not_picked":["Dagger Throw","A Thousand Cuts"],"picked":"Backflip","floor":28},{"not_picked":["Tactician","Flying Knee"],"picked":"Leg Sweep","floor":31},{"not_picked":["Grand Finale","A Thousand Cuts","Phantasmal Killer"],"picked":"Singing Bowl","floor":33},{"not_picked":["Outmaneuver+1","Poisoned Stab"],"picked":"Dodge and Roll+1","floor":35},{"not_picked":["Reflex+1","Masterful Stab+1","Eviscerate+1"],"picked":"Singing Bowl","floor":36},{"not_picked":["Terror+1","Riddle With Holes"],"picked":"Blade Dance+1","floor":39},{"not_picked":["All Out Attack+1","Reflex"],"picked":"Die Die Die","floor":40},{"not_picked":["Crippling Poison","Prepared"],"picked":"Blur+1","floor":42},{"not_picked":["Dagger Spray","Eviscerate+1"],"picked":"Infinite Blades+1","floor":45},{"not_picked":["Outmaneuver","Poisoned Stab","Escape Plan"],"picked":"Singing Bowl","floor":46},{"not_picked":["Masterful Stab+1","Flying Knee","Dagger Spray+1"],"picked":"Singing Bowl","floor":47}],"player_experience":220258,"relics_obtained":[{"floor":4,"key":"Ornamental Fan"},{"floor":8,"key":"Matryoshka"},{"floor":9,"key":"Singing Bowl"},{"floor":9,"key":"Omamori"},{"floor":19,"key":"Nilry\u0027s Codex"},{"floor":24,"key":"Meat on the Bone"},{"floor":26,"key":"Blood Vial"},{"floor":26,"key":"Bottled Tornado"},{"floor":30,"key":"Oddly Smooth Stone"},{"floor":40,"key":"Art of War"},{"floor":43,"key":"Bag of Preparation"},{"floor":45,"key":"Bottled Flame"},{"floor":47,"key":"Prayer Wheel"}],"event_choices":[{"damage_healed":0,"gold_gain":0,"player_choice":"Got Potions","damage_taken":0,"max_hp_gain":0,"max_hp_loss":0,"event_name":"Lab","floor":2,"gold_loss":0},{"damage_healed":0,"gold_gain":0,"player_choice":"Entered Light","damage_taken":15,"max_hp_gain":0,"max_hp_loss":0,"event_name":"Shining Light","floor":5,"gold_loss":0,"cards_upgraded":["Defend_G","Defend_G"]},{"damage_healed":0,"gold_gain":0,"player_choice":"Searched \u00272\u0027 times","damage_taken":0,"relics_obtained":["Tiny Chest"],"max_hp_gain":0,"max_hp_loss":0,"event_name":"Dead Adventurer","floor":10,"gold_loss":0},{"damage_healed":0,"gold_gain":0,"player_choice":"Obtained Book","damage_taken":16,"max_hp_gain":0,"max_hp_loss":0,"event_name":"Cursed Tome","floor":19,"gold_loss":0},{"damage_healed":0,"gold_gain":0,"player_choice":"Simplicity","damage_taken":0,"max_hp_gain":0,"max_hp_loss":0,"event_name":"Back to Basics","floor":22,"gold_loss":0,"cards_upgraded":["Strike_G","Strike_G","Strike_G","Defend_G","Defend_G","Defend_G"]},{"damage_healed":0,"gold_gain":0,"player_choice":"Ignored","damage_taken":0,"max_hp_gain":0,"max_hp_loss":0,"event_name":"Tomb of Lord Red Mask","floor":38,"gold_loss":0},{"damage_healed":0,"gold_gain":0,"player_choice":"Fight","damage_taken":0,"max_hp_gain":0,"max_hp_loss":0,"event_name":"Mysterious Sphere","floor":47,"gold_loss":0},{"damage_healed":0,"gold_gain":0,"player_choice":"Paid Gold","damage_taken":0,"relics_obtained":["Pear"],"max_hp_gain":0,"max_hp_loss":0,"event_name":"WeMeetAgain","floor":48,"gold_loss":127}],"is_beta":false,"boss_relics":[{"not_picked":["Busted Crown","Orrery"],"picked":"Sozu"},{"not_picked":["Runic Dome","Pandora\u0027s Box"],"picked":"Lizard Tail"}],"items_purged_floors":[21],"is_endless":false,"potions_floor_spawned":[3,13,14,18,20,28,31,39,45,46],"ascension_level":4}