{"gold_per_floor":[113,127,142,152,170,170,196,207,207,225,250,181,196,227,227,301,301,319,319,113,113,132,158,158,483,483,499,510,571,15,26,26,103,103,116,116,128,10,29,29,57,57,57,83,83,183,195,0,0,0],"floor_reached":51,"playtime":5294,"items_purged":[],"score":1517,"play_id":"2a049b31-550e-4ce6-b96f-6795fda72e74","local_time":"20190731083820","is_ascension_mode":true,"campfire_choices":[{"data":"Neutralize","floor":6.0,"key":"SMITH"},{"floor":15.0,"key":"REST"},{"data":"Dodge and Roll","floor":24.0,"key":"SMITH"},{"data":"Apotheosis","floor":32.0,"key":"SMITH"},{"floor":40.0,"key":"REST"},{"data":"Dodge and Roll","floor":45,"key":"SMITH"},{"floor":49,"key":"REST"}],"neow_cost":"NONE","seed_source_timestamp":0,"circlet_count":0,"master_deck":["AscendersBane","Strike_G+1","Strike_G+1","Defend_G+1","Defend_G+1","Defend_G+1","Defend_G+1","Defend_G+1","Survivor","Neutralize+1","Venomology+1","Backstab+1","Predator+1","PiercingWail","Bouncing Flask","Dodge and Roll+1","Catalyst","Backflip","Backflip","Escape Plan","Deadly Poison","After Image","Acrobatics","Backflip","Deflect","Leg Sweep","Apotheosis+1","Dodge and Roll","After Image","Dodge and Roll+1","Deflect","Acrobatics+1","Footwork+1","Well Laid Plans+1"],"special_seed":0,"relics":["Astrolabe","Bronze Scales","Ornamental Fan","Boot","The Courier","Cursed Key","Meat on the Bone","Mercury Hourglass","Old Coin","Tiny Chest","Lee\u0027s Waffle","Letter Opener","Orrery","Lantern","Bag of Marbles","Potion Belt","Mango","Red Mask"],"potions_floor_usage":[44,44,50,50,50],"damage_taken":[{"damage":0.0,"enemies":"Small Slimes","floor":1.0,"turns":2.0},{"damage":0.0,"enemies":"2 Louse","floor":2.0,"turns":1.0},{"damage":0.0,"enemies":"Cultist","floor":3.0,"turns":3.0},{"damage":0.0,"enemies":"Red Slaver","floor":4.0,"turns":2.0},{"damage":0.0,"enemies":"Lots of Slimes","floor":5.0,"turns":5.0},{"damage":12.0,"enemies":"3 Sentries","floor":7.0,"turns":12.0},{"damage":1.0,"enemies":"Gremlin Gang","floor":8.0,"turns":5.0},{"damage":0.0,"enemies":"Exordium Wildlife","floor":10.0,"turns":5.0},{"damage":14.0,"enemies":"Lagavulin","floor":11.0,"turns":6.0},{"damage":5.0,"enemies":"2 Fungi Beasts","floor":13.0,"turns":4.0},{"damage":0.0,"enemies":"3 Sentries","floor":14.0,"turns":9.0},{"damage":0.0,"enemies":"The Guardian","floor":16.0,"turns":10.0},{"damage":3.0,"enemies":"Spheric Guardian","floor":18.0,"turns":4.0},{"damage":6.0,"enemies":"2 Thieves","floor":22.0,"turns":5.0},{"damage":1.0,"enemies":"Book of Stabbing","floor":23.0,"turns":6.0},{"damage":25.0,"enemies":"Slavers","floor":25.0,"turns":5.0},{"damage":0.0,"enemies":"Snecko","floor":27.0,"turns":5.0},{"damage":0.0,"enemies":"Shelled Parasite and Fungi","floor":28.0,"turns":6.0},{"damage":0.0,"enemies":"Gremlin Leader","floor":29.0,"turns":7.0},{"damage":0.0,"enemies":"Chosen and Byrds","floor":31.0,"turns":7.0},{"damage":9.0,"enemies":"Collector","floor":33.0,"turns":11.0},{"damage":0.0,"enemies":"Orb Walker","floor":35.0,"turns":3.0},{"damage":4.0,"enemies":"3 Darklings","floor":37.0,"turns":8.0},{"damage":15.0,"enemies":"Spire Growth","floor":39.0,"turns":6.0},{"damage":0.0,"enemies":"Nemesis","floor":41.0,"turns":10.0},{"damage":0,"enemies":"Reptomancer","floor":44,"turns":8},{"damage":0,"enemies":"Mind Bloom Boss Battle","floor":46,"turns":13},{"damage":36,"enemies":"Transient","floor":47,"turns":5},{"damage":20,"enemies":"Time Eater","floor":50,"turns":17}],"seed_played":"1702279165142509985","potions_obtained":[{"floor":1.0,"key":"FearPotion"},{"floor":8.0,"key":"SkillPotion"},{"floor":14.0,"key":"Dexterity Potion"},{"floor":16.0,"key":"Explosive Potion"},{"floor":18.0,"key":"PowerPotion"},{"floor":25.0,"key":"SpeedPotion"},{"floor":27.0,"key":"PowerPotion"},{"floor":31.0,"key":"EssenceOfSteel"},{"floor":46,"key":"PowerPotion"}],"is_trial":false,"path_per_floor":["M","M","M","M","M","R","E","M","T","M","E","$","M","E","R","B",null,"M","?","$","?","M","E","R","E","T","M","M","E","$","M","R","B",null,"M","$","M","$","M","R","E","T","T","E","R","?","M","?","R","B",null],"character_chosen":"THE_SILENT","items_purchased":["Escape Plan","Meat on the Bone","Lee\u0027s Waffle","Leg Sweep","Apotheosis","Letter Opener","Lantern"],"campfire_rested":3,"item_purchase_floors":[12,20,30,30,30,30,38],"current_hp_per_floor":[63,63,63,63,63,63,51,50,50,50,36,36,31,31,52,52,66,63,63,63,70,64,63,63,38,38,38,38,38,77,77,77,68,75,75,75,71,71,56,77,77,77,77,77,77,91,55,55,82,62],"gold":0,"neow_bonus":"BOSS_RELIC","is_prod":false,"is_daily":false,"chose_seed":false,"campfire_upgraded":4,"win_rate":0,"timestamp":1564587500,"path_taken":["M","M","M","M","M","R","E","M","T","M","E","$","M","E","R","BOSS","M","?","$","?","M","E","R","E","T","M","?","E","?","M","R","BOSS","M","$","?","?","?","R","E","?","T","E","R","?","M","?","R","BOSS"],"build_version":"2019-07-17","purchased_purges":0,"victory":true,"max_hp_per_floor":[70,70,70,70,70,70,70,70,70,70,70,70,70,70,70,70,70,70,70,70,70,70,70,70,70,70,70,70,70,77,77,77,77,77,77,77,77,77,77,77,77,77,77,77,77,91,91,91,91,91],"card_choices":[{"not_picked":["Well Laid Plans","Prepared"],"picked":"Dash","floor":1.0},{"not_picked":["Underhanded Strike","Heel Hook","Dagger Spray"],"picked":"SKIP","floor":2.0},{"not_picked":["Deflect","Bane","Finisher"],"picked":"SKIP","floor":3.0},{"not_picked":["Accuracy","Finisher"],"picked":"PiercingWail","floor":4.0},{"not_picked":["Dodge and Roll","Endless Agony"],"picked":"Bouncing Flask","floor":5.0},{"not_picked":["Prepared","After Image"],"picked":"Dodge and Roll","floor":7.0},{"not_picked":["Caltrops","Deadly Poison"],"picked":"Catalyst","floor":8.0},{"not_picked":["Dodge and Roll","Riddle With Holes"],"picked":"Backflip","floor":10.0},{"not_picked":["Slice","Setup"],"picked":"Backflip","floor":11.0},{"not_picked":["Underhanded Strike","Prepared","Dagger Throw"],"picked":"SKIP","floor":13.0},{"not_picked":["Tools of the Trade","Finisher"],"picked":"Deadly Poison","floor":14.0},{"not_picked":["Glass Knife","Tools of the Trade"],"picked":"After Image","floor":16.0},{"not_picked":["Acrobatics","Cloak And Dagger","Dagger Spray"],"picked":"SKIP","floor":18.0},{"not_picked":["Sucker Punch","Dagger Throw"],"picked":"Acrobatics","floor":22.0},{"not_picked":["Dagger Spray","Prepared","Bouncing Flask"],"picked":"SKIP","floor":23.0},{"not_picked":["Slice","Deadly Poison+1"],"picked":"Backflip","floor":25.0},{"not_picked":["Outmaneuver","PiercingWail","A Thousand Cuts"],"picked":"SKIP","floor":27.0},{"not_picked":["Underhanded Strike","Outmaneuver"],"picked":"Deflect","floor":28.0},{"not_picked":["Concentrate","Storm of Steel","Well Laid Plans"],"picked":"SKIP","floor":29.0},{"not_picked":["Slice","Deadly Poison","Reflex+1"],"picked":"SKIP","floor":31.0},{"not_picked":["Blade Dance","Deadly Poison+1"],"picked":"Dodge and Roll","floor":34.0},{"not_picked":["Bane+1","Cloak And Dagger"],"picked":"After Image","floor":34.0},{"not_picked":["Expertise","Outmaneuver"],"picked":"Dodge and Roll","floor":35.0},{"not_picked":["Flying Knee+1","Bouncing Flask"],"picked":"Deflect","floor":37.0},{"not_picked":["Prepared+1","Eviscerate"],"picked":"Acrobatics+1","floor":39.0},{"not_picked":["Burst","Sucker Punch+1","Tactician+1"],"picked":"SKIP","floor":41.0},{"not_picked":["Masterful Stab","Backstab"],"picked":"Footwork+1","floor":44},{"not_picked":["Choke","Infinite Blades+1"],"picked":"Well Laid Plans+1","floor":47}],"player_experience":142889,"relics_obtained":[{"floor":7.0,"key":"Bronze Scales"},{"floor":9.0,"key":"Ornamental Fan"},{"floor":11.0,"key":"Boot"},{"floor":14.0,"key":"The Courier"},{"floor":23.0,"key":"Mercury Hourglass"},{"floor":25.0,"key":"Old Coin"},{"floor":29.0,"key":"Tiny Chest"},{"floor":41.0,"key":"Bag of Marbles"},{"floor":44,"key":"Potion Belt"},{"floor":46,"key":"Mango"}],"event_choices":[{"damage_healed":0.0,"max_hp_gain":0.0,"max_hp_loss":0.0,"gold_gain":0.0,"event_name":"Back to Basics","player_choice":"Simplicity","floor":19.0,"gold_loss":0.0,"damage_taken":0.0,"cards_upgraded":["Strike_G","Strike_G","Defend_G","Defend_G","Defend_G","Defend_G","Defend_G"]},{"cards_removed":["Dash"],"damage_healed":7.0,"max_hp_gain":0.0,"max_hp_loss":0.0,"gold_gain":0.0,"event_name":"Bonfire Elementals","player_choice":"Offered Uncommon","floor":21.0,"gold_loss":0.0,"damage_taken":0.0},{"damage_healed":0,"gold_gain":0,"player_choice":"Fight","damage_taken":0,"max_hp_gain":0,"max_hp_loss":0,"event_name":"MindBloom","floor":46,"gold_loss":0},{"damage_healed":0,"gold_gain":0,"player_choice":"Paid","damage_taken":0,"relics_obtained":["Red Mask"],"max_hp_gain":0,"max_hp_loss":0,"event_name":"Tomb of Lord Red Mask","floor":48,"gold_loss":195}],"is_beta":false,"boss_relics":[{"not_picked":["Eternal Feather","WristBlade"],"picked":"Cursed Key"},{"not_picked":["Snecko Eye","Sozu"],"picked":"Orrery"}],"items_purged_floors":[],"is_endless":false,"potions_floor_spawned":[1,4,8,13,14,16,18,25,27,31,35,46],"ascension_level":13}