{"gold_per_floor":[211,211,226,237,252,252,285,285,311,311,337,370,388,563,563,563],"floor_reached":16,"playtime":768,"items_purged":[],"score":132,"play_id":"613115ca-86fb-4343-914c-5f3fcdd058fd","local_time":"20190922155149","is_ascension_mode":true,"campfire_choices":[{"data":"Neutralize","floor":6,"key":"SMITH"},{"floor":8,"key":"REST"},{"data":"Dash","floor":10,"key":"SMITH"},{"floor":15,"key":"REST"}],"neow_cost":"NONE","seed_source_timestamp":201255220766200,"circlet_count":0,"master_deck":["Strike_G","Strike_G","Strike_G","Strike_G","Strike_G","Defend_G","Defend_G","Defend_G","Defend_G","Defend_G","Survivor","Neutralize+1","Infinite Blades","Dash+1","Choke","Flying Knee","Backflip","Terror","Quick Slash","Doubt"],"relics":["Ring of the Snake","Anchor","Potion Belt","Smiling Mask","Odd Mushroom","Orichalcum"],"potions_floor_usage":[11,12,16,16],"damage_taken":[{"damage":4,"enemies":"Small Slimes","floor":1,"turns":4},{"damage":1,"enemies":"Cultist","floor":3,"turns":5},{"damage":0,"enemies":"Jaw Worm","floor":4,"turns":5},{"damage":10,"enemies":"Looter","floor":5,"turns":4},{"damage":36,"enemies":"Lagavulin","floor":7,"turns":9},{"damage":0,"enemies":"The Mushroom Lair","floor":11,"turns":4},{"damage":25,"enemies":"Gremlin Nob","floor":12,"turns":4},{"damage":0,"enemies":"Exordium Wildlife","floor":13,"turns":3},{"damage":46,"enemies":"Slime Boss","floor":16,"turns":8}],"seed_played":"-2750543868426624684","potions_obtained":[{"floor":3,"key":"SkillPotion"},{"floor":4,"key":"Block Potion"},{"floor":5,"key":"FearPotion"},{"floor":7,"key":"SteroidPotion"}],"is_trial":false,"path_per_floor":["M","?","M","M","M","R","E","R","T","R","?","E","M","?","R","B"],"character_chosen":"THE_SILENT","items_purchased":[],"campfire_rested":2,"item_purchase_floors":[],"current_hp_per_floor":[66,66,65,65,55,55,19,40,40,40,40,15,15,15,36,0],"gold":563,"neow_bonus":"HUNDRED_GOLD","is_prod":false,"is_daily":false,"chose_seed":false,"campfire_upgraded":2,"win_rate":0,"timestamp":1569160309,"path_taken":["M","?","?","M","M","R","E","R","T","R","?","E","M","?","R","BOSS"],"build_version":"2019-07-17","purchased_purges":0,"victory":false,"max_hp_per_floor":[70,70,70,70,70,70,70,70,70,70,70,70,70,70,70,70],"card_choices":[{"not_picked":["Dagger Throw","Sucker Punch"],"picked":"Flying Knee","floor":1},{"not_picked":["Reflex","Blade Dance"],"picked":"Infinite Blades","floor":3},{"not_picked":["Heel Hook","Dodge and Roll"],"picked":"Dash","floor":4},{"not_picked":["Skewer","Outmaneuver"],"picked":"Choke","floor":5},{"not_picked":["Blur","Phantasmal Killer"],"picked":"Flying Knee","floor":7},{"not_picked":["Sucker Punch","Blur"],"picked":"Backflip","floor":11},{"not_picked":["Dagger Spray","Flechettes"],"picked":"Terror","floor":12},{"not_picked":["Concentrate","Crippling Poison"],"picked":"Quick Slash","floor":13}],"player_experience":219490,"relics_obtained":[{"floor":7,"key":"Potion Belt"},{"floor":9,"key":"Smiling Mask"},{"floor":11,"key":"Odd Mushroom"},{"floor":12,"key":"Orichalcum"}],"event_choices":[{"cards_removed":["Flying Knee"],"damage_healed":0,"gold_gain":0,"player_choice":"Gave Card","damage_taken":0,"relics_obtained":["Anchor"],"max_hp_gain":0,"max_hp_loss":0,"event_name":"WeMeetAgain","floor":2,"gold_loss":0},{"damage_healed":0,"gold_gain":0,"player_choice":"Fought Mushrooms","damage_taken":0,"max_hp_gain":0,"max_hp_loss":0,"event_name":"Mushrooms","floor":11,"gold_loss":0},{"damage_healed":0,"gold_gain":175,"player_choice":"AGREE","damage_taken":0,"max_hp_gain":0,"max_hp_loss":0,"event_name":"Liars Game","floor":14,"gold_loss":0,"cards_obtained":["Doubt"]}],"is_beta":false,"boss_relics":[],"items_purged_floors":[],"is_endless":false,"potions_floor_spawned":[3,4,5,7],"killed_by":"Slime Boss","ascension_level":4}