{"gold_per_floor":[113,131,147,157,177,177,211,211,211,211,1,11,11,40,40,114,114,128,160,131,145,158,158,174,191,191,191,225,238,19,38,38,112,112,129,14,14,14,31,31,60,76,76,94,94,6,32,50,50,50,50],"floor_reached":52,"playtime":2459,"items_purged":[],"score":1921,"play_id":"175df994-2312-4e90-867e-39f7b6f150a1","local_time":"20191017114037","is_ascension_mode":true,"campfire_choices":[{"data":"Clothesline","floor":6.0,"key":"SMITH"},{"data":"Bash","floor":8.0,"key":"SMITH"},{"data":"Apotheosis","floor":13.0,"key":"SMITH"},{"data":"Disarm","floor":15.0,"key":"SMITH"},{"floor":23.0,"key":"REST"},{"floor":27.0,"key":"REST"},{"floor":32.0,"key":"REST"},{"data":"Corruption","floor":40.0,"key":"SMITH"},{"data":"Demon Form","floor":45.0,"key":"SMITH"},{"data":"Feel No Pain","floor":49,"key":"SMITH"}],"neow_cost":"NONE","seed_source_timestamp":225203084304900,"circlet_count":0,"master_deck":["AscendersBane","Strike_R","Strike_R","Strike_R","Strike_R","Defend_R","Defend_R","Defend_R","Defend_R","Bash+1","Flash of Steel","Rampage","Shrug It Off","Clothesline+1","Apotheosis+1","Disarm+1","True Grit","Feed","Exhume","Corruption+1","True Grit","Warcry+1","Battle Trance+1","Spot Weakness+1","Discovery+1","Disarm+1","Spot Weakness+1","Demon Form+1","Feel No Pain+1","Shrug It Off+1","True Grit+1","Sword Boomerang","Reaper","Offering+1","Flame Barrier+1"],"special_seed":0,"relics":["Burning Blood","Vajra","Darkstone Periapt","Meat on the Bone","Runic Pyramid","Red Mask","Toxic Egg 2","Incense Burner","Mark of Pain","Du-Vu Doll","CloakClasp","Bird Faced Urn"],"potions_floor_usage":[51],"damage_taken":[{"damage":6.0,"enemies":"Small Slimes","floor":1.0,"turns":4.0},{"damage":2.0,"enemies":"Cultist","floor":2.0,"turns":4.0},{"damage":1.0,"enemies":"2 Louse","floor":3.0,"turns":3.0},{"damage":0.0,"enemies":"Looter","floor":4.0,"turns":4.0},{"damage":1.0,"enemies":"Blue Slaver","floor":5.0,"turns":4.0},{"damage":44.0,"enemies":"3 Sentries","floor":7.0,"turns":10.0},{"damage":11.0,"enemies":"Red Slaver","floor":12.0,"turns":3.0},{"damage":36.0,"enemies":"Gremlin Nob","floor":14.0,"turns":4.0},{"damage":10.0,"enemies":"Hexaghost","floor":16.0,"turns":9.0},{"damage":15.0,"enemies":"Shell Parasite","floor":18.0,"turns":6.0},{"damage":21.0,"enemies":"Masked Bandits","floor":19.0,"turns":5.0},{"damage":10.0,"enemies":"2 Thieves","floor":20.0,"turns":4.0},{"damage":18.0,"enemies":"Snake Plant","floor":21.0,"turns":5.0},{"damage":36.0,"enemies":"3 Cultists","floor":22.0,"turns":6.0},{"damage":21.0,"enemies":"Shelled Parasite and Fungi","floor":24.0,"turns":6.0},{"damage":3.0,"enemies":"Snake Plant","floor":25.0,"turns":7.0},{"damage":25.0,"enemies":"Book of Stabbing","floor":28.0,"turns":8.0},{"damage":7.0,"enemies":"Centurion and Healer","floor":29.0,"turns":7.0},{"damage":2.0,"enemies":"Chosen and Byrds","floor":31.0,"turns":7.0},{"damage":77.0,"enemies":"Collector","floor":33.0,"turns":9.0},{"damage":4.0,"enemies":"Orb Walker","floor":35.0,"turns":5.0},{"damage":0.0,"enemies":"3 Shapes","floor":39.0,"turns":7.0},{"damage":16.0,"enemies":"Nemesis","floor":41.0,"turns":11.0},{"damage":9.0,"enemies":"Writhing Mass","floor":42.0,"turns":7.0},{"damage":1.0,"enemies":"4 Shapes","floor":44.0,"turns":10.0},{"damage":2.0,"enemies":"Giant Head","floor":47.0,"turns":7.0},{"damage":6.0,"enemies":"3 Darklings","floor":48.0,"turns":5.0},{"damage":29,"enemies":"Donu and Deca","floor":50,"turns":9},{"damage":57,"enemies":"Awakened One","floor":51,"turns":11}],"seed_played":"-6556132245663218538","potions_obtained":[{"floor":1.0,"key":"Regen Potion"},{"floor":3.0,"key":"BloodPotion"},{"floor":10.0,"key":"DuplicationPotion"},{"floor":10.0,"key":"SmokeBomb"},{"floor":16.0,"key":"Fire Potion"},{"floor":19.0,"key":"ElixirPotion"},{"floor":20.0,"key":"AttackPotion"},{"floor":29.0,"key":"SteroidPotion"},{"floor":31.0,"key":"SpeedPotion"},{"floor":39.0,"key":"ElixirPotion"},{"floor":42.0,"key":"BloodPotion"},{"floor":44.0,"key":"SkillPotion"}],"is_trial":false,"path_per_floor":["M","M","M","M","M","R","E","R","T","?","$","M","R","E","R","B",null,"M","?","M","M","M","R","M","M","T","R","E","M","$","M","R","B",null,"M","$","?","?","M","R","E","M","T","M","R","$","E","M","R","B","B",null],"character_chosen":"IRONCLAD","items_purchased":["Apotheosis","Spot Weakness+1","Discovery+1","Disarm+1","Feel No Pain","Shrug It Off+1","Reaper"],"campfire_rested":3,"item_purchase_floors":[11,30,30,30,36,36,46],"current_hp_per_floor":[68,72,75,75,75,75,67,67,67,67,67,62,62,32,32,40,66,61,50,50,54,40,68,57,64,64,94,79,82,82,89,114,55,99,105,105,105,105,115,115,109,110,110,122,122,122,130,136,136,143,148],"gold":50,"neow_bonus":"RANDOM_COLORLESS","is_prod":false,"is_daily":false,"chose_seed":false,"campfire_upgraded":7,"win_rate":0,"timestamp":1571337637,"path_taken":["M","M","M","M","M","R","E","R","T","?","?","M","R","E","R","BOSS","M","?","M","M","M","R","M","M","T","R","E","M","$","M","R","BOSS","M","$","?","?","M","R","E","M","T","?","R","$","E","M","R","BOSS","BOSS"],"build_version":"2019-10-16","purchased_purges":0,"victory":true,"max_hp_per_floor":[75,75,75,75,75,75,75,75,75,75,75,75,75,75,75,75,75,79,83,87,91,95,95,99,103,103,103,107,111,111,114,114,114,114,118,118,118,118,122,122,126,130,130,137,137,137,141,141,141,145,148],"card_choices":[{"not_picked":["Dramatic Entrance","Blind"],"picked":"Flash of Steel","floor":0.0},{"not_picked":["Sword Boomerang","Clash"],"picked":"Rampage","floor":1.0},{"not_picked":["Flex","Armaments"],"picked":"Shrug It Off","floor":2.0},{"not_picked":["Clothesline","Searing Blow","Body Slam"],"picked":"SKIP","floor":3.0},{"not_picked":["Searing Blow","Body Slam"],"picked":"Clothesline","floor":3.0},{"not_picked":["Iron Wave","Wild Strike"],"picked":"Anger","floor":4.0},{"not_picked":["Thunderclap","Cleave","Heavy Blade"],"picked":"SKIP","floor":5.0},{"not_picked":["Body Slam","Perfected Strike","Blood for Blood"],"picked":"SKIP","floor":7.0},{"not_picked":["Clash","Shrug It Off"],"picked":"Disarm","floor":12.0},{"not_picked":["Infernal Blade","Dark Embrace"],"picked":"True Grit","floor":14.0},{"not_picked":["Reaper","Fiend Fire"],"picked":"Feed","floor":16.0},{"not_picked":["Sword Boomerang","Warcry","Headbutt"],"picked":"SKIP","floor":18.0},{"not_picked":["Flex","Body Slam","Dropkick"],"picked":"SKIP","floor":20.0},{"not_picked":["Headbutt","Entrench"],"picked":"Exhume","floor":21.0},{"not_picked":["Armaments","Power Through"],"picked":"Corruption","floor":22.0},{"not_picked":["Evolve","Headbutt"],"picked":"True Grit","floor":24.0},{"not_picked":["Blood for Blood","Armaments","Cleave"],"picked":"SKIP","floor":25.0},{"not_picked":["Pommel Strike","Anger"],"picked":"Warcry+1","floor":28.0},{"not_picked":["Wild Strike","Perfected Strike"],"picked":"Battle Trance+1","floor":29.0},{"not_picked":["Blood for Blood","Clothesline"],"picked":"Spot Weakness+1","floor":31.0},{"not_picked":["Fiend Fire","Brutality"],"picked":"Demon Form","floor":33.0},{"not_picked":["Blood for Blood+1","Headbutt","Twin Strike+1"],"picked":"SKIP","floor":35.0},{"not_picked":["Pommel Strike","Headbutt+1"],"picked":"True Grit+1","floor":39.0},{"not_picked":["Rupture","Wild Strike","Pommel Strike+1"],"picked":"SKIP","floor":41.0},{"not_picked":["Headbutt+1","Anger"],"picked":"Sword Boomerang","floor":42.0},{"not_picked":["Sever Soul","Clothesline","Clash"],"picked":"SKIP","floor":44.0},{"not_picked":["Reckless Charge+1","Cleave"],"picked":"Offering+1","floor":47.0},{"not_picked":["Armaments+1","Cleave"],"picked":"Flame Barrier+1","floor":48}],"player_experience":1612022,"relics_obtained":[{"floor":7.0,"key":"Vajra"},{"floor":9.0,"key":"Darkstone Periapt"},{"floor":14.0,"key":"Meat on the Bone"},{"floor":19.0,"key":"Red Mask"},{"floor":26.0,"key":"Toxic Egg 2"},{"floor":28.0,"key":"Incense Burner"},{"floor":41.0,"key":"Du-Vu Doll"},{"floor":43.0,"key":"CloakClasp"},{"floor":47.0,"key":"Bird Faced Urn"}],"event_choices":[{"damage_healed":0.0,"max_hp_gain":0.0,"max_hp_loss":0.0,"gold_gain":0.0,"event_name":"Lab","player_choice":"Got Potions","floor":10.0,"gold_loss":0.0,"damage_taken":0.0},{"damage_healed":0.0,"max_hp_gain":0.0,"max_hp_loss":0.0,"gold_gain":0.0,"event_name":"Masked Bandits","player_choice":"Fought Bandits","floor":19.0,"gold_loss":0.0,"damage_taken":0.0},{"cards_removed":["Anger"],"damage_healed":0.0,"max_hp_gain":0.0,"max_hp_loss":0.0,"gold_gain":0.0,"event_name":"Falling","player_choice":"Removed Attack","floor":37.0,"gold_loss":0.0,"damage_taken":0.0},{"cards_removed":["Strike_R"],"damage_healed":0.0,"max_hp_gain":0.0,"max_hp_loss":0.0,"gold_gain":0.0,"event_name":"Purifier","player_choice":"Purged","floor":38.0,"gold_loss":0.0,"damage_taken":0.0}],"is_beta":true,"boss_relics":[{"not_picked":["Astrolabe","Sozu"],"picked":"Runic Pyramid"},{"not_picked":["Pandora\u0027s Box","Busted Crown"],"picked":"Mark of Pain"}],"items_purged_floors":[],"is_endless":false,"potions_floor_spawned":[1,3,5,16,19,20,29,31,39,42,44],"ascension_level":20}