{"gold_per_floor":[211,226,240,259,273,107,107,118,118,118,16,16,116,131,131,230,230,245,118,135,135,154,154,189,202,202,202,11,42,61,11,11,116,116,135,8,8,8,23,23,49,49,98,112,137,137,156,166,166,166],"floor_reached":51,"playtime":5356,"items_purged":["Defend_B","Defend_B","Strike_B","Writhe","Defend_B","Strike_B"],"score":865,"play_id":"40b52e45-b80d-4058-a142-7f8f91ee10f4","local_time":"20190914073551","is_ascension_mode":true,"campfire_choices":[{"data":"Defragment","floor":7,"key":"SMITH"},{"floor":15,"key":"REST"},{"data":"Loop","floor":23,"key":"SMITH"},{"floor":32,"key":"REST"},{"data":"Loop","floor":40,"key":"SMITH"},{"data":"Electrodynamics","floor":42,"key":"SMITH"},{"data":"Loop","floor":49,"key":"SMITH"}],"neow_cost":"NONE","seed_source_timestamp":153229778037800,"circlet_count":0,"master_deck":["Zap","Dualcast","Streamline","Conserve Battery","Glacier+1","Conserve Battery","Amplify","Streamline","Defragment+1","Coolheaded","Conserve Battery","Heatsinks","Buffer","Hello World","Conserve Battery","Glacier","Loop+1","Cold Snap+1","Loop+1","Barrage+1","Biased Cognition","Loop+1","Conserve Battery+1","Electrodynamics+1","Doubt","Master of Strategy","Blizzard+1"],"relics":["Cracked Core","Question Card","Smiling Mask","Cursed Key","Anchor","Cables","Meat on the Bone","Sozu","Shovel","Strawberry","Thread and Needle"],"potions_floor_usage":[5,16,22,22,25,29,29,33],"damage_taken":[{"damage":6,"enemies":"Cultist","floor":1,"turns":3},{"damage":1,"enemies":"2 Louse","floor":2,"turns":2},{"damage":0,"enemies":"Small Slimes","floor":3,"turns":2},{"damage":5,"enemies":"2 Fungi Beasts","floor":4,"turns":4},{"damage":8,"enemies":"Lots of Slimes","floor":5,"turns":4},{"damage":4,"enemies":"Looter","floor":8,"turns":3},{"damage":11,"enemies":"Large Slime","floor":14,"turns":5},{"damage":28,"enemies":"The Guardian","floor":16,"turns":13},{"damage":3,"enemies":"Shell Parasite","floor":18,"turns":8},{"damage":1,"enemies":"Chosen","floor":20,"turns":5},{"damage":14,"enemies":"3 Cultists","floor":22,"turns":8},{"damage":34,"enemies":"Slavers","floor":24,"turns":10},{"damage":7,"enemies":"Snake Plant","floor":25,"turns":6},{"damage":30,"enemies":"Gremlin Leader","floor":29,"turns":13},{"damage":0,"enemies":"Centurion and Healer","floor":30,"turns":11},{"damage":0,"enemies":"Champ","floor":33,"turns":16},{"damage":0,"enemies":"Orb Walker","floor":35,"turns":4},{"damage":12,"enemies":"3 Shapes","floor":39,"turns":5},{"damage":12,"enemies":"Nemesis","floor":41,"turns":11},{"damage":0,"enemies":"Spire Growth","floor":44,"turns":5},{"damage":0,"enemies":"Giant Head","floor":45,"turns":10},{"damage":0,"enemies":"Sphere and 2 Shapes","floor":47,"turns":4},{"damage":0,"enemies":"4 Shapes","floor":48,"turns":5},{"damage":25,"enemies":"Time Eater","floor":50,"turns":16}],"seed_played":"-2137251220347652474","potions_obtained":[{"floor":3,"key":"Fire Potion"},{"floor":4,"key":"Poison Potion"},{"floor":5,"key":"Explosive Potion"},{"floor":16,"key":"SpeedPotion"},{"floor":18,"key":"Explosive Potion"},{"floor":22,"key":"Ancient Potion"},{"floor":29,"key":"Weak Potion"}],"is_trial":false,"path_per_floor":["M","M","M","M","M","$","R","M","T","?","$","?","?","M","R","B",null,"M","$","M","?","M","R","E","M","T","?","$","E","M","$","R","B",null,"M","$","?","?","M","R","E","R","T","M","E","?","M","M","R","B",null],"character_chosen":"DEFECT","items_purchased":["Streamline","Defragment","Conserve Battery","Hello World","Loop","Regen Potion","Loop"],"campfire_rested":2,"item_purchase_floors":[6,6,11,19,28,28,36],"current_hp_per_floor":[69,68,68,63,55,55,55,51,51,26,26,26,26,15,37,9,75,72,72,71,71,57,57,23,16,16,16,16,1,13,13,35,47,75,75,75,75,75,63,63,51,51,58,58,58,58,58,58,58,45],"gold":166,"neow_bonus":"HUNDRED_GOLD","is_prod":false,"is_daily":false,"chose_seed":false,"campfire_upgraded":5,"win_rate":0,"timestamp":1568439351,"path_taken":["M","M","?","M","M","$","R","M","T","?","$","?","?","M","R","BOSS","M","?","M","?","M","R","E","M","T","?","?","E","M","$","R","BOSS","M","$","?","?","M","R","E","R","T","?","E","?","M","M","R","BOSS"],"build_version":"2019-07-17","purchased_purges":6,"victory":true,"max_hp_per_floor":[75,75,75,75,75,75,75,75,75,75,75,75,75,75,75,75,75,75,75,75,75,75,75,75,75,75,75,75,75,75,75,75,75,75,75,75,75,75,75,75,75,75,82,82,82,82,82,82,82,82],"card_choices":[{"not_picked":["Turbo","Compile Driver"],"picked":"Streamline","floor":1},{"not_picked":["Doom and Gloom","Ball Lightning"],"picked":"Conserve Battery","floor":2},{"not_picked":["Compile Driver","Redo"],"picked":"Glacier","floor":3},{"not_picked":["Barrage","Compile Driver"],"picked":"Conserve Battery","floor":4},{"not_picked":["Compile Driver","Turbo"],"picked":"Amplify","floor":5},{"not_picked":["Rebound","Cold Snap"],"picked":"Coolheaded","floor":8},{"not_picked":["Genetic Algorithm","Sweeping Beam","Melter"],"picked":"Heatsinks","floor":14},{"not_picked":["Amplify","Rainbow","Thunder Strike"],"picked":"Buffer","floor":16},{"not_picked":["Barrage","Scrape+1","Steam","Force Field"],"picked":"SKIP","floor":18},{"not_picked":["Hello World","Compile Driver","Go for the Eyes"],"picked":"Conserve Battery","floor":20},{"not_picked":["Streamline","Genetic Algorithm+1","Go for the Eyes","Consume"],"picked":"SKIP","floor":22},{"not_picked":["Compile Driver","Gash","Turbo"],"picked":"Cold Snap+1","floor":24},{"not_picked":["Gash","Ball Lightning","Barrage","Streamline"],"picked":"SKIP","floor":25},{"not_picked":["Leap","Echo Form","Streamline+1","Skim"],"picked":"SKIP","floor":29},{"not_picked":["Gash+1","Coolheaded","Tempest"],"picked":"Barrage+1","floor":30},{"not_picked":["Meteor Strike","Thunder Strike","Multi-Cast"],"picked":"Biased Cognition","floor":33},{"not_picked":["Redo+1","Turbo","Gash+1","Compile Driver+1"],"picked":"SKIP","floor":35},{"not_picked":["Chaos","Ball Lightning+1","Leap+1"],"picked":"Conserve Battery+1","floor":39},{"not_picked":["White Noise","Tempest","Turbo"],"picked":"Electrodynamics","floor":41},{"not_picked":["Hologram+1","Consume","Gash","Go for the Eyes"],"picked":"SKIP","floor":44},{"not_picked":["Stack","Force Field","Steam","Leap+1"],"picked":"SKIP","floor":45},{"not_picked":["Enlightenment","Sadistic Nature","Impatience"],"picked":"Master of Strategy","floor":46},{"not_picked":["Go for the Eyes","Leap","Sweeping Beam"],"picked":"Blizzard+1","floor":47},{"not_picked":["Aggregate","Streamline","Double Energy+1","Turbo"],"picked":"SKIP","floor":48}],"player_experience":118049,"relics_obtained":[{"floor":9,"key":"Question Card"},{"floor":24,"key":"Anchor"},{"floor":26,"key":"Cables"},{"floor":29,"key":"Meat on the Bone"},{"floor":41,"key":"Shovel"},{"floor":43,"key":"Strawberry"},{"floor":45,"key":"Thread and Needle"}],"event_choices":[{"damage_healed":0,"gold_gain":0,"player_choice":"Success","damage_taken":25,"relics_obtained":["Smiling Mask"],"max_hp_gain":0,"max_hp_loss":0,"event_name":"Scrap Ooze","floor":10,"gold_loss":0},{"damage_healed":0,"gold_gain":0,"player_choice":"Grow","damage_taken":0,"max_hp_gain":0,"max_hp_loss":0,"event_name":"Living Wall","floor":12,"gold_loss":0,"cards_upgraded":["Glacier"]},{"damage_healed":0,"gold_gain":100,"player_choice":"Pray","damage_taken":0,"max_hp_gain":0,"max_hp_loss":0,"event_name":"Golden Shrine","floor":13,"gold_loss":0},{"damage_healed":0,"gold_gain":0,"cards_transformed":["Strike_B","Strike_B"],"player_choice":"Became Test Subject","damage_taken":0,"max_hp_gain":0,"max_hp_loss":0,"event_name":"Drug Dealer","floor":21,"gold_loss":0,"cards_obtained":["Glacier","Loop"]},{"damage_healed":0,"gold_gain":0,"player_choice":"Ignored","damage_taken":0,"max_hp_gain":0,"max_hp_loss":0,"event_name":"Vampires","floor":27,"gold_loss":0},{"cards_removed":["Defend_B"],"damage_healed":0,"gold_gain":0,"player_choice":"Removed Skill","damage_taken":0,"max_hp_gain":0,"max_hp_loss":0,"event_name":"Falling","floor":37,"gold_loss":0},{"damage_healed":0,"gold_gain":0,"player_choice":"Got Potions","damage_taken":0,"max_hp_gain":0,"max_hp_loss":0,"event_name":"Lab","floor":38,"gold_loss":0},{"damage_healed":0,"gold_gain":0,"player_choice":"Memory 1","damage_taken":0,"max_hp_gain":0,"max_hp_loss":0,"event_name":"SensoryStone","floor":46,"gold_loss":0}],"is_beta":false,"boss_relics":[{"not_picked":["Empty Cage","Tiny House"],"picked":"Cursed Key"},{"not_picked":["Velvet Choker","Coffee Dripper"],"picked":"Sozu"}],"items_purged_floors":[6,11,19,28,31,36],"is_endless":false,"potions_floor_spawned":[3,4,5,16,18,20,22,29,35,47,48],"ascension_level":2}