{"gold_per_floor":[111,126,138,138,148,179,154,154,154,185,185,197,197,207,207,281,281,293,46,81,81,25,25,38,38,38,50,74,86],"floor_reached":29,"playtime":789,"items_purged":["Strike_R"],"score":470,"play_id":"73394d63-4ee5-4808-b02a-ac0de7c4aacc","local_time":"20191019105826","is_ascension_mode":true,"campfire_choices":[{"data":"Spot Weakness","floor":11,"key":"SMITH"},{"data":"Combust","floor":13,"key":"SMITH"},{"data":"Flame Barrier","floor":15,"key":"SMITH"},{"data":"Inflame","floor":23,"key":"SMITH"},{"floor":25,"key":"REST"},{"data":"Bash","floor":27,"key":"SMITH"}],"neow_cost":"NONE","seed_source_timestamp":397197610367200,"circlet_count":0,"master_deck":["AscendersBane","Strike_R","Strike_R","Strike_R","Strike_R","Defend_R","Defend_R","Defend_R","Defend_R","Bash+1","Evolve","Combust+1","Shrug It Off","Wild Strike","Spot Weakness+1","Flame Barrier+1","Feed","Inflame+1","Dark Shackles","Evolve","Seeing Red+1"],"relics":["Burning Blood","Shuriken","Oddly Smooth Stone","Toy Ornithopter","Letter Opener","Mark of Pain","Red Mask","MawBank"],"potions_floor_usage":[6,6,10,14,16,16,20,24,28],"damage_taken":[{"damage":1,"enemies":"Small Slimes","floor":1,"turns":4},{"damage":16,"enemies":"Jaw Worm","floor":2,"turns":6},{"damage":7,"enemies":"Cultist","floor":3,"turns":4},{"damage":17,"enemies":"Blue Slaver","floor":5,"turns":4},{"damage":15,"enemies":"Gremlin Nob","floor":6,"turns":3},{"damage":20,"enemies":"Exordium Thugs","floor":7,"turns":4},{"damage":60,"enemies":"Lagavulin","floor":10,"turns":8},{"damage":13,"enemies":"Red Slaver","floor":12,"turns":4},{"damage":0,"enemies":"Looter","floor":14,"turns":3},{"damage":40,"enemies":"The Guardian","floor":16,"turns":11},{"damage":15,"enemies":"Chosen","floor":18,"turns":5},{"damage":13,"enemies":"Masked Bandits","floor":20,"turns":3},{"damage":32,"enemies":"Shell Parasite","floor":24,"turns":5},{"damage":27,"enemies":"Snecko","floor":28,"turns":5},{"damage":44,"enemies":"Book of Stabbing","floor":29,"turns":5}],"seed_played":"8709395154238955271","potions_obtained":[{"floor":0,"key":"LiquidMemories"},{"floor":0,"key":"Explosive Potion"},{"floor":7,"key":"BloodPotion"},{"floor":10,"key":"Weak Potion"},{"floor":12,"key":"Block Potion"},{"floor":14,"key":"Explosive Potion"},{"floor":16,"key":"DuplicationPotion"},{"floor":24,"key":"SpeedPotion"}],"is_trial":false,"path_per_floor":["M","M","M","?","M","E","M","?","T","E","R","M","R","M","R","B",null,"M","$","?","?","$","R","M","R","T","R","M","E"],"character_chosen":"IRONCLAD","items_purchased":["Dark Shackles","Evolve","BloodPotion"],"campfire_rested":1,"item_purchase_floors":[19,19,22],"current_hp_per_floor":[73,63,62,51,40,31,17,75,75,41,41,34,34,45,45,21,62,56,56,54,32,32,32,30,55,55,55,42,0],"gold":86,"neow_bonus":"THREE_SMALL_POTIONS","is_prod":false,"is_daily":false,"chose_seed":false,"campfire_upgraded":5,"win_rate":0,"timestamp":1571507906,"path_taken":["M","M","M","?","M","E","M","?","T","E","R","M","R","M","R","BOSS","M","$","?","?","?","R","M","R","T","R","?","E"],"build_version":"2019-10-18","purchased_purges":1,"victory":false,"max_hp_per_floor":[75,75,75,75,75,75,75,75,75,75,75,75,75,75,75,75,75,78,78,78,83,83,83,86,86,86,86,89,89],"card_choices":[{"not_picked":["Iron Wave","Fire Breathing"],"picked":"Evolve","floor":1},{"not_picked":["Twin Strike","Rampage"],"picked":"Combust","floor":2},{"not_picked":["Havoc","Cleave"],"picked":"Hemokinesis","floor":3},{"not_picked":["Thunderclap","Blood for Blood"],"picked":"Shrug It Off","floor":5},{"not_picked":["True Grit","Seeing Red","Thunderclap"],"picked":"SKIP","floor":6},{"not_picked":["Burning Pact","Entrench"],"picked":"Wild Strike","floor":7},{"not_picked":["Sword Boomerang","Combust"],"picked":"Spot Weakness","floor":10},{"not_picked":["Wild Strike","Iron Wave","Headbutt"],"picked":"SKIP","floor":12},{"not_picked":["Twin Strike","Whirlwind"],"picked":"Flame Barrier","floor":14},{"not_picked":["Double Tap","Demon Form"],"picked":"Feed","floor":16},{"not_picked":["Uppercut","Clothesline"],"picked":"Inflame","floor":18},{"not_picked":["Rage","Clothesline","Evolve"],"picked":"SKIP","floor":24},{"not_picked":["Dual Wield","Anger"],"picked":"Seeing Red+1","floor":28}],"player_experience":1651573,"relics_obtained":[{"floor":6,"key":"Oddly Smooth Stone"},{"floor":9,"key":"Toy Ornithopter"},{"floor":10,"key":"Letter Opener"},{"floor":20,"key":"Red Mask"},{"floor":26,"key":"MawBank"}],"event_choices":[{"damage_healed":0,"gold_gain":0,"player_choice":"Success","damage_taken":11,"relics_obtained":["Shuriken"],"max_hp_gain":0,"max_hp_loss":0,"event_name":"Scrap Ooze","floor":4,"gold_loss":0},{"cards_removed":["Hemokinesis"],"damage_healed":58,"gold_gain":0,"player_choice":"Offered Uncommon","damage_taken":0,"max_hp_gain":0,"max_hp_loss":0,"event_name":"Bonfire Elementals","floor":8,"gold_loss":0},{"damage_healed":0,"gold_gain":0,"player_choice":"Fought Bandits","damage_taken":0,"max_hp_gain":0,"max_hp_loss":0,"event_name":"Masked Bandits","floor":20,"gold_loss":0},{"damage_healed":0,"gold_gain":0,"player_choice":"Shed Blood","damage_taken":27,"max_hp_gain":5,"max_hp_loss":0,"event_name":"Forgotten Altar","floor":21,"gold_loss":0}],"is_beta":true,"boss_relics":[{"not_picked":["Fusion Hammer","SlaversCollar"],"picked":"Mark of Pain"}],"items_purged_floors":[19],"is_endless":false,"potions_floor_spawned":[5,7,10,12,14,16,24],"killed_by":"Book of Stabbing","ascension_level":20}