{"gold_per_floor":[109,121,135,145,220,220,251,251,251,251,251,283,302,337,337,337],"floor_reached":16,"playtime":430,"items_purged":[],"score":240,"play_id":"baa41407-3388-4bce-9968-3b2c9fadc1f0","local_time":"20191018121135","is_ascension_mode":true,"campfire_choices":[{"data":"Bash","floor":6.0,"key":"SMITH"},{"data":"Feed","floor":8.0,"key":"SMITH"},{"data":"Anger","floor":11.0,"key":"SMITH"},{"data":"True Grit","floor":15.0,"key":"SMITH"}],"neow_cost":"NONE","seed_source_timestamp":315486996665800,"circlet_count":0,"master_deck":["AscendersBane","Strike_R","Strike_R","Strike_R","Strike_R","Defend_R","Defend_R","Defend_R","Defend_R","Bash+1","Headbutt","Anger+1","True Grit+1","Feed+1","Shrug It Off","Offering"],"special_seed":0,"relics":["Burning Blood","Bronze Scales","Boot","MealTicket","Sundial","Blood Vial"],"potions_floor_usage":[16],"damage_taken":[{"damage":6.0,"enemies":"2 Louse","floor":1.0,"turns":3.0},{"damage":14.0,"enemies":"Jaw Worm","floor":2.0,"turns":4.0},{"damage":6.0,"enemies":"Cultist","floor":3.0,"turns":3.0},{"damage":13.0,"enemies":"Blue Slaver","floor":4.0,"turns":3.0},{"damage":13.0,"enemies":"Lagavulin","floor":7.0,"turns":6.0},{"damage":25.0,"enemies":"3 Sentries","floor":12.0,"turns":8.0},{"damage":0.0,"enemies":"2 Fungi Beasts","floor":13.0,"turns":3.0},{"damage":25.0,"enemies":"Lagavulin","floor":14.0,"turns":5.0},{"damage":43,"enemies":"The Guardian","floor":16,"turns":13}],"seed_played":"-4610105306503029153","potions_obtained":[{"floor":1.0,"key":"BloodPotion"},{"floor":4.0,"key":"PowerPotion"},{"floor":7.0,"key":"Block Potion"},{"floor":12.0,"key":"GamblersBrew"}],"is_trial":false,"path_per_floor":["M","M","M","M","?","R","E","R","T","?","R","E","M","E","R","B"],"character_chosen":"IRONCLAD","items_purchased":[],"campfire_rested":0,"item_purchase_floors":[],"current_hp_per_floor":[68,60,60,53,42,42,50,50,50,50,50,35,45,26,26,0],"gold":337,"neow_bonus":"RANDOM_COMMON_RELIC","is_prod":false,"is_daily":false,"chose_seed":false,"campfire_upgraded":4,"win_rate":0,"timestamp":1571425895,"path_taken":["M","M","M","M","?","R","E","R","T","?","R","E","M","E","R","BOSS"],"build_version":"2019-10-17","purchased_purges":0,"victory":false,"max_hp_per_floor":[75,75,75,75,75,75,75,75,75,75,75,79,83,83,83,83],"card_choices":[{"not_picked":["Entrench","Second Wind","Fire Breathing"],"picked":"SKIP","floor":1.0},{"not_picked":["Thunderclap","Clash"],"picked":"Headbutt","floor":2.0},{"not_picked":["Reckless Charge","Havoc"],"picked":"Anger","floor":3.0},{"not_picked":["Whirlwind","Dropkick"],"picked":"True Grit","floor":4.0},{"not_picked":["Entrench","Sword Boomerang"],"picked":"Feed","floor":7.0},{"not_picked":["Iron Wave","Limit Break"],"picked":"Shrug It Off","floor":12.0},{"not_picked":["Warcry","Sentinel","Uppercut"],"picked":"SKIP","floor":13.0},{"not_picked":["Uppercut","Clash"],"picked":"Offering","floor":14.0}],"player_experience":1630716,"relics_obtained":[{"floor":7.0,"key":"Boot"},{"floor":9.0,"key":"MealTicket"},{"floor":12.0,"key":"Sundial"},{"floor":14.0,"key":"Blood Vial"}],"event_choices":[{"damage_healed":0.0,"max_hp_gain":0.0,"max_hp_loss":0.0,"gold_gain":75.0,"event_name":"World of Goop","player_choice":"Gather Gold","floor":5.0,"gold_loss":0.0,"damage_taken":11.0},{"cards_removed":["Strike_R"],"damage_healed":0.0,"max_hp_gain":0.0,"max_hp_loss":0.0,"gold_gain":0.0,"event_name":"Purifier","player_choice":"Purged","floor":10.0,"gold_loss":0.0,"damage_taken":0.0}],"is_beta":true,"boss_relics":[],"items_purged_floors":[],"is_endless":false,"potions_floor_spawned":[1,4,7,12],"killed_by":"The Guardian","ascension_level":20}