{"gold_per_floor":[115,17,28,46,64,64,64,64,87,104,125,125,137,150,150,150],"floor_reached":16,"playtime":791,"items_purged":[],"score":183,"play_id":"f540b5e5-38fd-4e1e-a959-f88edbe3fa5d","local_time":"20191018222516","is_ascension_mode":true,"campfire_choices":[{"data":"True Grit","floor":6.0,"key":"SMITH"},{"data":"Flash of Steel","floor":8.0,"key":"SMITH"},{"data":"True Grit","floor":15.0,"key":"SMITH"}],"neow_cost":"TEN_PERCENT_HP_LOSS","seed_source_timestamp":156946431318200,"circlet_count":0,"master_deck":["AscendersBane","Strike_R","Strike_R","Strike_R","Strike_R","Defend_R","Defend_R","Defend_R","Bash","True Grit+1","Flash of Steel+1","True Grit+1","Dropkick","Ghostly Armor"],"special_seed":0,"relics":["Burning Blood","Pen Nib","Odd Mushroom"],"potions_floor_usage":[16,16,16,16],"damage_taken":[{"damage":1.0,"enemies":"Cultist","floor":1.0,"turns":3.0},{"damage":12.0,"enemies":"Jaw Worm","floor":3.0,"turns":3.0},{"damage":5.0,"enemies":"2 Louse","floor":4.0,"turns":4.0},{"damage":3.0,"enemies":"Blue Slaver","floor":5.0,"turns":9.0},{"damage":11.0,"enemies":"Looter","floor":10.0,"turns":3.0},{"damage":7.0,"enemies":"The Mushroom Lair","floor":11.0,"turns":3.0},{"damage":3.0,"enemies":"Gremlin Gang","floor":13.0,"turns":6.0},{"damage":16.0,"enemies":"Lots of Slimes","floor":14.0,"turns":5.0},{"damage":56,"enemies":"Slime Boss","floor":16,"turns":9}],"seed_played":"3604623757857629405","potions_obtained":[{"floor":4.0,"key":"Explosive Potion"},{"floor":5.0,"key":"Fire Potion"},{"floor":11.0,"key":"EntropicBrew"}],"is_trial":false,"path_per_floor":["M","$","M","M","M","R","$","R","T","M","?","?","M","M","R","B"],"character_chosen":"IRONCLAD","items_purchased":["Flash of Steel"],"campfire_rested":0,"item_purchase_floors":[2],"current_hp_per_floor":[68,68,62,63,66,66,66,66,66,61,60,60,63,53,53,0],"gold":150,"neow_bonus":"REMOVE_TWO","is_prod":false,"is_daily":false,"chose_seed":false,"campfire_upgraded":3,"win_rate":0,"timestamp":1571451916,"path_taken":["M","$","?","M","M","R","$","R","T","M","?","?","M","M","R","BOSS"],"build_version":"2019-07-17","purchased_purges":0,"victory":false,"max_hp_per_floor":[68,68,68,68,68,68,68,68,68,68,68,68,68,68,68,68],"card_choices":[{"not_picked":["Headbutt","Metallicize"],"picked":"True Grit","floor":1.0},{"not_picked":["Searing Blow","Sword Boomerang","Shockwave"],"picked":"SKIP","floor":3.0},{"not_picked":["Combust","Sword Boomerang","Perfected Strike"],"picked":"SKIP","floor":4.0},{"not_picked":["Clash","Intimidate","Fire Breathing"],"picked":"SKIP","floor":5.0},{"not_picked":["Body Slam","Anger"],"picked":"True Grit","floor":10.0},{"not_picked":["True Grit","Searing Blow"],"picked":"Dropkick","floor":13.0},{"not_picked":["Burning Pact","Pommel Strike"],"picked":"Ghostly Armor","floor":14.0}],"player_experience":854162,"relics_obtained":[{"floor":9.0,"key":"Pen Nib"},{"floor":11.0,"key":"Odd Mushroom"}],"event_choices":[{"damage_healed":0.0,"max_hp_gain":0.0,"max_hp_loss":0.0,"gold_gain":0.0,"event_name":"Mushrooms","player_choice":"Fought Mushrooms","floor":11.0,"gold_loss":0.0,"damage_taken":0.0},{"damage_healed":0.0,"max_hp_gain":0.0,"max_hp_loss":0.0,"gold_gain":0.0,"event_name":"Liars Game","player_choice":"Ignored","floor":12.0,"gold_loss":0.0,"damage_taken":0.0}],"is_beta":false,"boss_relics":[],"items_purged_floors":[],"is_endless":false,"potions_floor_spawned":[4,5,11],"killed_by":"Slime Boss","ascension_level":19}