{"gold_per_floor":[110,72,72,90,102,102,102,102,102,118,134,165,165,188,188,317,317,333,63,86,286,301,301,326,326,326,360,404,148,163,194,194,322,322,343,343,357,80,100,138,138,138,138,13,13,32,32,32,32,32],"floor_reached":51,"playtime":3336,"items_purged":["Strike_G","Strike_G","Parasite"],"score":1210,"play_id":"4dbbd16f-72c9-4b21-9ffa-77e69a914e68","local_time":"20190728112257","is_ascension_mode":true,"campfire_choices":[{"data":"Dodge and Roll","floor":6,"key":"SMITH"},{"floor":8,"key":"REST"},{"floor":13,"key":"REST"},{"data":"Accuracy","floor":15,"key":"SMITH"},{"data":"Cloak And Dagger","floor":23,"key":"SMITH"},{"floor":25,"key":"REST"},{"data":"Footwork","floor":32,"key":"SMITH"},{"data":"Blade Dance","floor":42,"key":"SMITH"},{"data":"Backflip","floor":47,"key":"SMITH"},{"floor":49,"key":"REST"}],"neow_cost":"NONE","seed_source_timestamp":1183623728956533,"circlet_count":0,"master_deck":["AscendersBane","Defend_G+1","Defend_G+1","Defend_G+1","Defend_G+1","Defend_G+1","Survivor+1","Neutralize+1","Dodge and Roll+1","Infinite Blades+1","Neutralize+1","Accuracy+1","Dodge and Roll+1","Blade Dance+1","Backflip+1","Cloak And Dagger+1","Backflip+1","Adrenaline+1","Cloak And Dagger+1","Infinite Blades+1","Escape Plan+1","Cloak And Dagger+1","Cloak And Dagger+1","Footwork+1","Backflip+1","Footwork+1","Predator+1","Escape Plan+1","Dodge and Roll+1","Blur+1","Backflip+1"],"relics":["WristBlade","Golden Idol","Question Card","Prayer Wheel","Cursed Key","Medical Kit","Vajra","Red Mask","Pen Nib","Empty Cage","Toy Ornithopter","Blood Vial","Mark of the Bloom"],"potions_floor_usage":[12,16,18,22,27,28,31,31,33,50],"damage_taken":[{"damage":2,"enemies":"Cultist","floor":1,"turns":4},{"damage":0,"enemies":"Jaw Worm","floor":4,"turns":4},{"damage":0,"enemies":"2 Louse","floor":5,"turns":5},{"damage":14,"enemies":"Gremlin Gang","floor":10,"turns":7},{"damage":4,"enemies":"Blue Slaver","floor":11,"turns":4},{"damage":6,"enemies":"Lagavulin","floor":12,"turns":8},{"damage":1,"enemies":"Large Slime","floor":14,"turns":6},{"damage":4,"enemies":"The Guardian","floor":16,"turns":11},{"damage":0,"enemies":"Chosen","floor":18,"turns":5},{"damage":8,"enemies":"2 Thieves","floor":20,"turns":4},{"damage":3,"enemies":"Snecko","floor":22,"turns":6},{"damage":8,"enemies":"3 Cultists","floor":24,"turns":5},{"damage":0,"enemies":"Book of Stabbing","floor":27,"turns":5},{"damage":7,"enemies":"Masked Bandits","floor":28,"turns":3},{"damage":8,"enemies":"Snake Plant","floor":30,"turns":6},{"damage":0,"enemies":"Slavers","floor":31,"turns":5},{"damage":11,"enemies":"Automaton","floor":33,"turns":8},{"damage":2,"enemies":"Orb Walker","floor":35,"turns":3},{"damage":0,"enemies":"3 Darklings","floor":37,"turns":5},{"damage":0,"enemies":"Writhing Mass","floor":39,"turns":7},{"damage":0,"enemies":"Giant Head","floor":40,"turns":7},{"damage":8,"enemies":"Spire Growth","floor":46,"turns":4},{"damage":3,"enemies":"Awakened One","floor":50,"turns":10}],"seed_played":"-5083014203858269035","potions_obtained":[{"floor":5,"key":"PowerPotion"},{"floor":10,"key":"Explosive Potion"},{"floor":11,"key":"GamblersBrew"},{"floor":14,"key":"GhostInAJar"},{"floor":18,"key":"Dexterity Potion"},{"floor":20,"key":"GamblersBrew"},{"floor":24,"key":"Energy Potion"},{"floor":30,"key":"GamblersBrew"},{"floor":31,"key":"Ancient Potion"},{"floor":37,"key":"Explosive Potion"},{"floor":40,"key":"FearPotion"}],"is_trial":false,"path_per_floor":["M","$","?","M","M","R","?","R","T","M","M","E","R","M","R","B",null,"M","$","M","?","M","R","M","R","T","E","?","$","M","E","R","B",null,"M","?","M","$","M","E","?","R","T","$","?","M","R","$","R","B",null],"character_chosen":"THE_SILENT","items_purchased":["Infinite Blades","Medical Kit","Footwork","GhostInAJar","GhostInAJar","Toy Ornithopter"],"campfire_rested":4,"item_purchase_floors":[2,19,29,29,38,38],"current_hp_per_floor":[61,61,61,61,61,61,44,65,65,51,47,41,62,61,61,57,67,67,67,59,59,56,56,48,69,69,69,62,62,54,54,54,43,63,61,61,61,61,61,61,61,61,61,61,61,53,53,53,53,50],"gold":32,"neow_bonus":"BOSS_RELIC","is_prod":false,"is_daily":false,"chose_seed":false,"campfire_upgraded":6,"win_rate":0,"timestamp":1564338177,"path_taken":["M","$","?","?","?","R","?","R","T","M","M","E","R","M","R","BOSS","M","$","M","?","?","R","M","R","T","E","?","$","M","E","R","BOSS","M","?","M","$","?","E","?","R","T","$","?","M","R","?","R","BOSS"],"build_version":"2019-07-17","purchased_purges":3,"victory":true,"max_hp_per_floor":[70,70,70,70,70,70,70,70,70,70,70,70,70,70,70,70,70,70,70,70,70,70,70,70,70,70,70,70,70,70,70,70,70,70,70,70,70,70,70,70,70,70,70,67,67,67,67,67,67,67],"card_choices":[{"not_picked":["Dagger Throw","Dagger Spray"],"picked":"Dodge and Roll","floor":1},{"not_picked":["Bane","Escape Plan"],"picked":"Accuracy","floor":4},{"not_picked":["Poisoned Stab","Masterful Stab"],"picked":"Dodge and Roll","floor":5},{"not_picked":["Heel Hook","Night Terror","Deadly Poison"],"picked":"Blade Dance","floor":10},{"not_picked":["Deadly Poison","Skewer","Dagger Spray"],"picked":"Backflip","floor":11},{"not_picked":["Distraction","Dash","Sucker Punch"],"picked":"Cloak And Dagger","floor":12},{"not_picked":["Bane","Deflect","Eviscerate"],"picked":"Backflip","floor":14},{"not_picked":["PiercingWail","Poisoned Stab","Glass Knife","Prepared"],"picked":"SKIP","floor":14},{"not_picked":["Glass Knife","Venomology","A Thousand Cuts"],"picked":"Adrenaline","floor":16},{"not_picked":["Riddle With Holes","Sucker Punch","Deadly Poison"],"picked":"Cloak And Dagger+1","floor":18},{"not_picked":["Poisoned Stab+1","Heel Hook","Deadly Poison+1","Underhanded Strike+1"],"picked":"SKIP","floor":18},{"not_picked":["Eviscerate+1","Choke","Masterful Stab"],"picked":"Infinite Blades","floor":20},{"not_picked":["Storm of Steel","Slice","Reflex","Caltrops"],"picked":"SKIP","floor":20},{"not_picked":["Masterful Stab","Well Laid Plans","Dagger Throw"],"picked":"Escape Plan+1","floor":22},{"not_picked":["Bane","Well Laid Plans","Prepared","Quick Slash"],"picked":"SKIP","floor":22},{"not_picked":["Noxious Fumes","Prepared","Infinite Blades"],"picked":"Cloak And Dagger+1","floor":24},{"not_picked":["Quick Slash","Deflect","PiercingWail","Doppelganger"],"picked":"SKIP","floor":24},{"not_picked":["Catalyst","Crippling Poison","Bane+1","Reflex+1"],"picked":"SKIP","floor":27},{"not_picked":["Tactician","Bane","Catalyst"],"picked":"Cloak And Dagger+1","floor":28},{"not_picked":["Slice","Concentrate","Finisher","All Out Attack"],"picked":"SKIP","floor":30},{"not_picked":["Poisoned Stab","Flechettes+1","Sucker Punch+1","Caltrops"],"picked":"SKIP","floor":30},{"not_picked":["Corpse Explosion","Dagger Throw+1","Calculated Gamble","Underhanded Strike"],"picked":"SKIP","floor":31},{"not_picked":["Concentrate","Underhanded Strike+1","Acrobatics"],"picked":"Backflip","floor":35},{"not_picked":["Prepared+1","Accuracy","Dagger Throw"],"picked":"Footwork+1","floor":35},{"not_picked":["Heel Hook","Concentrate+1","Expertise"],"picked":"Escape Plan","floor":37},{"not_picked":["Slice","Flying Knee+1","Finisher+1","Choke+1"],"picked":"SKIP","floor":37},{"not_picked":["Doppelganger","Predator","Slice"],"picked":"Dodge and Roll+1","floor":39},{"not_picked":["Flying Knee+1","Heel Hook","Quick Slash+1"],"picked":"Blur+1","floor":39},{"not_picked":["Prepared+1","Poisoned Stab+1","Outmaneuver","Sucker Punch+1"],"picked":"SKIP","floor":40},{"not_picked":["Flying Knee+1","Underhanded Strike+1","Masterful Stab"],"picked":"Backflip","floor":46},{"not_picked":["Deadly Poison","All Out Attack+1","Masterful Stab+1","Expertise+1"],"picked":"SKIP","floor":46}],"player_experience":128524,"relics_obtained":[{"floor":9,"key":"Question Card"},{"floor":12,"key":"Prayer Wheel"},{"floor":27,"key":"Vajra"},{"floor":28,"key":"Red Mask"},{"floor":31,"key":"Pen Nib"},{"floor":40,"key":"Blood Vial"}],"event_choices":[{"damage_healed":0,"gold_gain":0,"player_choice":"1 cards matched","damage_taken":0,"max_hp_gain":0,"max_hp_loss":0,"event_name":"Match and Keep!","floor":3,"gold_loss":0,"cards_obtained":["Neutralize"]},{"damage_healed":0,"gold_gain":0,"player_choice":"Take Damage","damage_taken":17,"relics_obtained":["Golden Idol"],"max_hp_gain":0,"max_hp_loss":0,"event_name":"Golden Idol","floor":7,"gold_loss":0},{"damage_healed":0,"gold_gain":250,"player_choice":"Bet on Owner","damage_taken":0,"max_hp_gain":0,"max_hp_loss":0,"event_name":"The Joust","floor":21,"gold_loss":50},{"damage_healed":0,"gold_gain":0,"player_choice":"Fought Bandits","damage_taken":0,"max_hp_gain":0,"max_hp_loss":0,"event_name":"Masked Bandits","floor":28,"gold_loss":0},{"damage_healed":0,"gold_gain":0,"cards_transformed":["Strike_G"],"player_choice":"Transformed","damage_taken":0,"max_hp_gain":0,"max_hp_loss":0,"event_name":"Transmorgrifier","floor":36,"gold_loss":0,"cards_obtained":["Predator"]},{"damage_healed":0,"gold_gain":0,"player_choice":"Memory 1","damage_taken":0,"max_hp_gain":0,"max_hp_loss":0,"event_name":"SensoryStone","floor":41,"gold_loss":0},{"damage_healed":0,"gold_gain":0,"player_choice":"Upgrade","damage_taken":0,"relics_obtained":["Mark of the Bloom"],"max_hp_gain":0,"max_hp_loss":0,"event_name":"MindBloom","floor":45,"gold_loss":0,"cards_upgraded":["Defend_G","Defend_G","Defend_G","Defend_G","Defend_G","Survivor","Neutralize","Dodge and Roll","Infinite Blades","Neutralize","Backflip","Backflip","Adrenaline","Infinite Blades","Backflip","Predator","Escape Plan"]}],"is_beta":false,"boss_relics":[{"not_picked":["White Beast Statue","Runic Dome"],"picked":"Cursed Key"},{"not_picked":["Runic Pyramid","Pandora\u0027s Box"],"picked":"Empty Cage"}],"items_purged_floors":[19,29,44],"is_endless":false,"potions_floor_spawned":[5,10,11,14,18,20,24,30,31,37,40,46],"ascension_level":10}