{"gold_per_floor":[119,119,84,96,108,108,141,141,141,141,66,77,104,115,115,189,189,206,206,123,137,137,170,170,170,227,627,647,678,691,258,258,335,335,355,99,99,99,99,129,129,143,168,27,27,43,55,70,70,70],"floor_reached":51,"playtime":3237,"items_purged":["Perfected Strike"],"score":1496,"play_id":"1a2eb7b1-9610-4e8f-80d7-bad0f1c0d91c","local_time":"20191019170035","is_ascension_mode":true,"campfire_choices":[{"data":"Bash","floor":6.0,"key":"SMITH"},{"data":"Body Slam","floor":8.0,"key":"SMITH"},{"floor":10.0,"key":"REST"},{"data":"Body Slam","floor":15.0,"key":"SMITH"},{"data":"Combust","floor":24.0,"key":"SMITH"},{"floor":32,"key":"REST"},{"data":"Berserk","floor":41,"key":"SMITH"},{"data":"Body Slam","floor":45,"key":"SMITH"},{"data":"Iron Wave","floor":49,"key":"SMITH"}],"neow_cost":"PERCENT_DAMAGE","seed_source_timestamp":261335166960100,"circlet_count":0,"master_deck":["AscendersBane","Defend_R+1","Defend_R+1","Defend_R+1","Defend_R+1","Bash+1","Body Slam+1","Combust+1","Iron Wave","Armaments+1","Battle Trance+1","Body Slam+1","Offering+1","Second Wind+1","Immolate+1","Juggernaut+1","Shrug It Off+1","Iron Wave","Shrug It Off+1","Uppercut+1","Bloodletting+1","Berserk+1","Iron Wave+1","Discovery+1","Body Slam+1","Discovery+1","Body Slam+1","Battle Trance+1","Disarm+1"],"special_seed":0,"relics":["Burning Blood","Bottled Flame","Toxic Egg 2","Thread and Needle","Astrolabe","Dream Catcher","Tiny Chest","Old Coin","Matryoshka","Happy Flower","Paper Frog","Coffee Dripper","Oddly Smooth Stone","Art of War","War Paint","Potion Belt"],"potions_floor_usage":[40,40,46,50,50,50,50],"damage_taken":[{"damage":4.0,"enemies":"Small Slimes","floor":1.0,"turns":4.0},{"damage":4.0,"enemies":"2 Louse","floor":4.0,"turns":3.0},{"damage":8.0,"enemies":"Cultist","floor":5.0,"turns":4.0},{"damage":34.0,"enemies":"Gremlin Nob","floor":7.0,"turns":4.0},{"damage":21.0,"enemies":"Exordium Wildlife","floor":12.0,"turns":5.0},{"damage":7.0,"enemies":"3 Sentries","floor":13.0,"turns":6.0},{"damage":3.0,"enemies":"2 Fungi Beasts","floor":14.0,"turns":4.0},{"damage":18.0,"enemies":"The Guardian","floor":16.0,"turns":12.0},{"damage":6.0,"enemies":"Chosen","floor":18.0,"turns":2.0},{"damage":0.0,"enemies":"2 Thieves","floor":21.0,"turns":2.0},{"damage":6.0,"enemies":"Gremlin Leader","floor":23.0,"turns":5.0},{"damage":7.0,"enemies":"Colosseum Slavers","floor":27.0,"turns":5.0},{"damage":9.0,"enemies":"Colosseum Nobs","floor":27.0,"turns":5.0},{"damage":6.0,"enemies":"Snake Plant","floor":28.0,"turns":1.0},{"damage":22.0,"enemies":"Slavers","floor":29.0,"turns":3.0},{"damage":6.0,"enemies":"3 Cultists","floor":30.0,"turns":3.0},{"damage":9,"enemies":"Automaton","floor":33,"turns":6},{"damage":8,"enemies":"3 Darklings","floor":35,"turns":3},{"damage":42,"enemies":"Reptomancer","floor":40,"turns":5},{"damage":0,"enemies":"3 Shapes","floor":42,"turns":4},{"damage":4,"enemies":"Jaw Worm Horde","floor":46,"turns":4},{"damage":6,"enemies":"3 Darklings","floor":47,"turns":2},{"damage":0,"enemies":"Sphere and 2 Shapes","floor":48,"turns":5},{"damage":16,"enemies":"Awakened One","floor":50,"turns":9}],"seed_played":"-1838963962901200671","potions_obtained":[{"floor":1.0,"key":"PowerPotion"},{"floor":4.0,"key":"GamblersBrew"},{"floor":7.0,"key":"Dexterity Potion"},{"floor":13.0,"key":"SteroidPotion"},{"floor":18.0,"key":"Block Potion"},{"floor":23.0,"key":"Ancient Potion"},{"floor":28.0,"key":"Fire Potion"},{"floor":29.0,"key":"Poison Potion"},{"floor":33,"key":"AttackPotion"},{"floor":46,"key":"BloodPotion"},{"floor":47,"key":"LiquidBronze"},{"floor":48,"key":"Explosive Potion"}],"is_trial":false,"path_per_floor":["M","$","?","M","M","R","E","R","T","R","$","M","E","M","R","B",null,"M","?","$","M","?","E","R","?","T","?","M","E","M","$","R","B",null,"M","$","?","?","$","E","R","M","T","$","R","M","M","M","R","B",null],"character_chosen":"IRONCLAD","items_purchased":["Shrug It Off+1","Iron Wave","Discovery+1","Paper Frog","PowerPotion","Oddly Smooth Stone","Discovery+1","GamblersBrew","SkillPotion"],"campfire_rested":2,"item_purchase_floors":[20,20,31,31,31,36,36,44,44],"current_hp_per_floor":[52,52,70,72,70,70,42,42,42,64,64,49,48,51,51,39,66,66,71,71,75,75,75,75,75,75,71,71,55,55,55,75,72,74,72,72,72,71,71,35,35,41,41,41,41,43,43,49,49,56],"gold":70,"neow_bonus":"TRANSFORM_TWO_CARDS","is_prod":false,"is_daily":false,"chose_seed":false,"campfire_upgraded":7,"win_rate":0,"timestamp":1571518835,"path_taken":["M","$","?","M","M","R","E","R","T","R","$","M","E","M","R","BOSS","M","?","$","?","?","E","R","?","T","?","M","E","?","?","R","BOSS","M","$","?","?","?","E","R","?","T","$","R","M","M","M","R","BOSS"],"build_version":"2019-07-17","purchased_purges":1,"victory":true,"max_hp_per_floor":[75,75,75,75,75,75,75,75,75,75,75,75,75,75,75,75,75,75,75,75,75,75,75,75,75,75,75,75,75,75,75,75,75,75,75,75,75,71,71,71,71,71,71,71,71,71,71,71,71,71],"card_choices":[{"not_picked":["Sentinel","Havoc"],"picked":"Headbutt","floor":1.0},{"not_picked":["Reckless Charge","Battle Trance"],"picked":"Combust","floor":4.0},{"not_picked":["Power Through","Second Wind","Heavy Blade"],"picked":"SKIP","floor":5.0},{"not_picked":["Corruption","Pummel"],"picked":"Iron Wave","floor":7.0},{"not_picked":["Berserk","Searing Blow"],"picked":"Armaments+1","floor":12.0},{"not_picked":["Exhume+1","Clash"],"picked":"Battle Trance+1","floor":13.0},{"not_picked":["Power Through+1","Twin Strike"],"picked":"Body Slam","floor":14.0},{"not_picked":["Berserk","Bludgeon"],"picked":"Offering+1","floor":16.0},{"not_picked":["Havoc+1","Wild Strike","Headbutt"],"picked":"SKIP","floor":18.0},{"not_picked":["True Grit+1","Clothesline"],"picked":"Shrug It Off+1","floor":21.0},{"not_picked":["Evolve","Uppercut+1","Pummel"],"picked":"SKIP","floor":23.0},{"not_picked":["Evolve","Pummel"],"picked":"Uppercut+1","floor":23.0},{"not_picked":["Rupture","Headbutt+1"],"picked":"Bloodletting+1","floor":27.0},{"not_picked":["Clothesline+1","Uppercut","Twin Strike+1"],"picked":"SKIP","floor":28.0},{"not_picked":["Wild Strike","Headbutt"],"picked":"Berserk","floor":29.0},{"not_picked":["Flex+1","Inflame"],"picked":"Iron Wave","floor":30.0},{"not_picked":["Headbutt","Armaments+1"],"picked":"Body Slam","floor":32},{"not_picked":["Havoc+1","Clash+1","Pommel Strike"],"picked":"SKIP","floor":35},{"not_picked":["Flex+1","Blood for Blood","Bloodletting+1"],"picked":"SKIP","floor":40},{"not_picked":["Corruption+1","Flex+1","Body Slam+1"],"picked":"SKIP","floor":42},{"not_picked":["Corruption+1","Flex+1"],"picked":"Body Slam+1","floor":42},{"not_picked":["Headbutt+1","Wild Strike"],"picked":"Battle Trance+1","floor":46},{"not_picked":["Twin Strike","Whirlwind+1"],"picked":"Disarm+1","floor":47},{"not_picked":["Blood for Blood","Reckless Charge+1","Warcry+1"],"picked":"SKIP","floor":48}],"player_experience":944506,"relics_obtained":[{"floor":7.0,"key":"Bottled Flame"},{"floor":9.0,"key":"Toxic Egg 2"},{"floor":13.0,"key":"Thread and Needle"},{"floor":23.0,"key":"Dream Catcher"},{"floor":26.0,"key":"Tiny Chest"},{"floor":27.0,"key":"Old Coin"},{"floor":27.0,"key":"Matryoshka"},{"floor":29.0,"key":"Happy Flower"},{"floor":40,"key":"Art of War"},{"floor":43,"key":"War Paint"},{"floor":43,"key":"Potion Belt"}],"event_choices":[{"damage_healed":18.0,"max_hp_gain":0.0,"max_hp_loss":0.0,"gold_gain":0.0,"event_name":"The Cleric","player_choice":"Healed","floor":3.0,"gold_loss":35.0,"damage_taken":0.0},{"cards_removed":["Headbutt"],"damage_healed":5.0,"max_hp_gain":0.0,"max_hp_loss":0.0,"gold_gain":0.0,"event_name":"Bonfire Elementals","player_choice":"Offered Common","floor":19.0,"gold_loss":0.0,"damage_taken":0.0},{"cards_removed":["Headbutt"],"damage_healed":5.0,"max_hp_gain":0.0,"max_hp_loss":0.0,"gold_gain":0.0,"event_name":"Bonfire Elementals","player_choice":"Offered Special","floor":19.0,"gold_loss":0.0,"damage_taken":0.0},{"damage_healed":0.0,"max_hp_gain":0.0,"max_hp_loss":0.0,"gold_gain":0.0,"event_name":"Ghosts","player_choice":"Ignored","floor":22.0,"gold_loss":0.0,"damage_taken":0.0},{"damage_healed":0.0,"max_hp_gain":0.0,"max_hp_loss":0.0,"gold_gain":0.0,"event_name":"Back to Basics","player_choice":"Simplicity","floor":25.0,"gold_loss":0.0,"damage_taken":0.0,"cards_upgraded":["Defend_R","Defend_R","Defend_R","Defend_R"]},{"damage_healed":0.0,"max_hp_gain":0.0,"max_hp_loss":0.0,"gold_gain":0.0,"event_name":"Colosseum","player_choice":"Fight","floor":27.0,"gold_loss":0.0,"damage_taken":0.0},{"damage_healed":0.0,"max_hp_gain":0.0,"max_hp_loss":0.0,"gold_gain":0.0,"event_name":"Colosseum","player_choice":"Fought Nobs","floor":27.0,"gold_loss":0.0,"damage_taken":0.0},{"damage_healed":0,"gold_gain":0,"player_choice":"Ignored","damage_taken":0,"max_hp_gain":0,"max_hp_loss":0,"event_name":"Mysterious Sphere","floor":37,"gold_loss":0},{"damage_healed":0,"gold_gain":0,"player_choice":"Max HP","damage_taken":0,"max_hp_gain":0,"max_hp_loss":4,"event_name":"Winding Halls","floor":38,"gold_loss":0}],"is_beta":false,"boss_relics":[{"not_picked":["Cursed Key","Pandora\u0027s Box"],"picked":"Astrolabe"},{"not_picked":["Snecko Eye","Tiny House"],"picked":"Coffee Dripper"}],"items_purged_floors":[11],"is_endless":false,"potions_floor_spawned":[1,4,7,13,18,23,28,29,30,33,46,47,48],"ascension_level":18}