{"gold_per_floor":[115,129,147,97,97,140,166,185,210,230,341,15,33,54,54,175,175,199,212,90,108,108,108,146,146,169,192,192,207,227,243,243,373,373,388,388,153,178,80,99,99,119,173,188,313,313,313,313,313,313],"floor_reached":51,"playtime":5110,"items_purged":["Strike_B","Defend_B","Defend_B","Defend_B"],"score":698,"play_id":"85a8cd3d-58ab-44c0-a471-5e707fff2c74","local_time":"20191012012353","is_ascension_mode":false,"campfire_choices":[{"data":"Hologram","floor":15,"key":"SMITH"},{"floor":23,"key":"REST"},{"floor":25,"key":"REST"},{"data":"RitualDagger","floor":28,"key":"SMITH"},{"data":"Coolheaded","floor":32,"key":"SMITH"},{"data":"Coolheaded","floor":41,"key":"SMITH"},{"data":"Storm","floor":47,"key":"SMITH"},{"data":"Buffer","floor":49,"key":"SMITH"}],"neow_cost":"NONE","seed_source_timestamp":2248679716016651,"circlet_count":0,"master_deck":["Strike_B+1","Strike_B+1","Defend_B","Zap","Dualcast","Undo","Storm+1","Self Repair","Skim","Barrage","Heatsinks","Go for the Eyes","Hologram+1","Capacitor","Steam","Core Surge","All For One","Defragment","Go for the Eyes","Coolheaded","Barrage","Coolheaded+1","RitualDagger+1","Leap","Leap+1","Storm","Coolheaded+1","Rip and Tear+1","Static Discharge","Reprogram+1","White Noise+1","Conserve Battery","Seek","CurseOfTheBell","Go for the Eyes+1","Undo+1","Heatsinks","Steam+1","Hologram+1","Barrage","Buffer+1","Go for the Eyes+1","Skim+1","Defragment+1","Loop+1"],"relics":["Cracked Core","Regal Pillow","Golden Idol","Whetstone","Anchor","Smiling Mask","Tiny Chest","InkBottle","Sozu","Prayer Wheel","Toy Ornithopter","Calling Bell","Ancient Tea Set","Mummified Hand","Mango","TheAbacus","MealTicket","Ginger"],"potions_floor_usage":[6,16,16,21],"damage_taken":[{"damage":0,"enemies":"2 Louse","floor":1,"turns":2},{"damage":0,"enemies":"Jaw Worm","floor":2,"turns":4},{"damage":8,"enemies":"Small Slimes","floor":3,"turns":3},{"damage":24,"enemies":"Gremlin Nob","floor":6,"turns":5},{"damage":4,"enemies":"Blue Slaver","floor":8,"turns":5},{"damage":10,"enemies":"Looter","floor":10,"turns":3},{"damage":22,"enemies":"3 Sentries","floor":11,"turns":6},{"damage":6,"enemies":"Large Slime","floor":13,"turns":7},{"damage":0,"enemies":"Blue Slaver","floor":14,"turns":3},{"damage":21,"enemies":"Slime Boss","floor":16,"turns":6},{"damage":25,"enemies":"2 Thieves","floor":18,"turns":4},{"damage":21,"enemies":"Spheric Guardian","floor":19,"turns":5},{"damage":14,"enemies":"Snake Plant","floor":21,"turns":6},{"damage":58,"enemies":"Gremlin Leader","floor":24,"turns":8},{"damage":2,"enemies":"Chosen and Byrds","floor":27,"turns":9},{"damage":3,"enemies":"Snecko","floor":29,"turns":6},{"damage":4,"enemies":"Sentry and Sphere","floor":30,"turns":8},{"damage":16,"enemies":"Centurion and Healer","floor":31,"turns":9},{"damage":23,"enemies":"Collector","floor":33,"turns":5},{"damage":17,"enemies":"3 Darklings","floor":35,"turns":6},{"damage":0,"enemies":"Orb Walker","floor":38,"turns":4},{"damage":15,"enemies":"4 Shapes","floor":40,"turns":4},{"damage":0,"enemies":"Transient","floor":42,"turns":5},{"damage":15,"enemies":"Spire Growth","floor":44,"turns":6},{"damage":0,"enemies":"Mind Bloom Boss Battle","floor":45,"turns":5},{"damage":5,"enemies":"Donu and Deca","floor":50,"turns":10}],"seed_played":"-6915931097228823737","potions_obtained":[{"floor":1,"key":"FearPotion"},{"floor":3,"key":"Energy Potion"},{"floor":8,"key":"SpeedPotion"},{"floor":10,"key":"SteroidPotion"},{"floor":11,"key":"Dexterity Potion"}],"is_trial":false,"path_per_floor":["M","M","M","?","?","E","T","M","T","M","?","$","M","M","R","B",null,"M","M","$","M","?","R","E","R","T","M","R","M","M","M","R","B",null,"M","?","$","M","$","M","R","M","T","M","?","?","R","?","R","B",null],"character_chosen":"DEFECT","items_purchased":["Hologram","Capacitor","InkBottle","Coolheaded","Barrage","Heatsinks","TheAbacus","Barrage"],"campfire_rested":2,"item_purchase_floors":[12,12,12,20,20,37,37,39],"current_hp_per_floor":[75,75,67,67,67,50,50,53,53,50,35,35,36,43,43,29,69,51,37,37,30,24,59,8,43,43,48,48,52,55,46,46,30,83,73,73,73,73,73,65,65,72,72,64,71,71,71,71,71,73],"gold":313,"neow_bonus":"RANDOM_COMMON_RELIC","is_prod":false,"is_daily":false,"chose_seed":false,"campfire_upgraded":6,"win_rate":0.0,"timestamp":1570839833,"path_taken":["M","M","M","?","?","E","?","M","T","M","?","$","M","?","R","BOSS","M","M","$","M","?","R","E","R","T","M","R","M","M","M","R","BOSS","M","?","$","M","$","M","R","M","T","M","?","?","R","?","R","BOSS"],"build_version":"2019-09-09v2","purchased_purges":4,"victory":true,"max_hp_per_floor":[75,75,75,75,69,69,69,69,69,69,69,69,69,69,69,69,69,69,69,69,69,69,69,69,69,69,69,69,69,69,69,69,69,83,83,83,83,83,83,83,83,83,83,83,83,83,83,79,79,79],"card_choices":[{"not_picked":["Aggregate","Barrage"],"picked":"Undo","floor":1},{"not_picked":["Reprogram","Leap"],"picked":"Storm","floor":2},{"not_picked":["Sweeping Beam","Rebound"],"picked":"Self Repair","floor":3},{"not_picked":["Rebound","Stack"],"picked":"Skim","floor":6},{"not_picked":["Lockon","Doom and Gloom"],"picked":"Barrage","floor":8},{"not_picked":["Reprogram","Reboot"],"picked":"Heatsinks","floor":10},{"not_picked":["Compile Driver","Gash"],"picked":"Go for the Eyes","floor":11},{"not_picked":["Self Repair","Streamline"],"picked":"Steam","floor":13},{"not_picked":["Ball Lightning","Undo"],"picked":"Core Surge","floor":14},{"not_picked":["Multi-Cast","Amplify"],"picked":"All For One","floor":16},{"not_picked":["White Noise","Beam Cell"],"picked":"Defragment","floor":18},{"not_picked":["Reinforced Body","Hello World"],"picked":"Go for the Eyes","floor":19},{"not_picked":["Cold Snap","Steam Power"],"picked":"Coolheaded","floor":21},{"not_picked":["Ball Lightning","Gash"],"picked":"Leap","floor":24},{"not_picked":["Steam","Stack"],"picked":"Leap+1","floor":27},{"not_picked":["Steam","Sweeping Beam"],"picked":"Storm","floor":27},{"not_picked":["Self Repair","Cold Snap"],"picked":"Coolheaded","floor":29},{"not_picked":["Turbo","Fission"],"picked":"Rip and Tear+1","floor":29},{"not_picked":["Go for the Eyes","Steam"],"picked":"Static Discharge","floor":30},{"not_picked":["Rebound","Steam"],"picked":"Reprogram+1","floor":30},{"not_picked":["Gash+1","Steam Power"],"picked":"White Noise+1","floor":31},{"not_picked":["Reinforced Body","Lockon"],"picked":"Conserve Battery","floor":31},{"not_picked":["Core Surge","Machine Learning"],"picked":"Seek","floor":33},{"not_picked":["Sweeping Beam+1","Cold Snap+1"],"picked":"Go for the Eyes+1","floor":35},{"not_picked":["Stack+1","Gash+1"],"picked":"Undo+1","floor":35},{"not_picked":["Leap","Genetic Algorithm+1"],"picked":"Steam+1","floor":38},{"not_picked":["Heatsinks","BootSequence"],"picked":"Hologram+1","floor":38},{"not_picked":["Heatsinks+1","Cold Snap"],"picked":"Buffer","floor":40},{"not_picked":["Conserve Battery+1","Redo+1"],"picked":"Go for the Eyes+1","floor":40},{"not_picked":["Capacitor","Auto Shields"],"picked":"Skim+1","floor":42},{"not_picked":["Leap","Ball Lightning","Turbo"],"picked":"SKIP","floor":42},{"not_picked":["Auto Shields","Self Repair"],"picked":"Defragment+1","floor":44},{"not_picked":["Ball Lightning+1","Streamline","Undo"],"picked":"SKIP","floor":44},{"not_picked":["Rainbow","Sweeping Beam+1"],"picked":"Loop+1","floor":45}],"player_experience":118621,"relics_obtained":[{"floor":6,"key":"Whetstone"},{"floor":7,"key":"Anchor"},{"floor":9,"key":"Smiling Mask"},{"floor":11,"key":"Tiny Chest"},{"floor":24,"key":"Prayer Wheel"},{"floor":26,"key":"Toy Ornithopter"},{"floor":34,"key":"Ancient Tea Set"},{"floor":34,"key":"Mummified Hand"},{"floor":34,"key":"Mango"},{"floor":43,"key":"MealTicket"},{"floor":45,"key":"Ginger"}],"event_choices":[{"cards_removed":["Strike_B"],"damage_healed":0,"gold_gain":0,"player_choice":"Card Removal","damage_taken":0,"max_hp_gain":0,"max_hp_loss":0,"event_name":"The Cleric","floor":4,"gold_loss":50},{"damage_healed":0,"gold_gain":0,"player_choice":"Lose Max HP","damage_taken":0,"relics_obtained":["Golden Idol"],"max_hp_gain":0,"max_hp_loss":6,"event_name":"Golden Idol","floor":5,"gold_loss":0},{"damage_healed":0,"gold_gain":0,"player_choice":"Searched \u00271\u0027 times","damage_taken":0,"max_hp_gain":0,"max_hp_loss":0,"event_name":"Dead Adventurer","floor":11,"gold_loss":0},{"damage_healed":0,"gold_gain":0,"player_choice":"Joined the Cult","damage_taken":6,"max_hp_gain":0,"max_hp_loss":0,"event_name":"Nest","floor":22,"gold_loss":0,"cards_obtained":["RitualDagger"]},{"damage_healed":0,"gold_gain":0,"player_choice":"Ignored","damage_taken":0,"max_hp_gain":0,"max_hp_loss":0,"event_name":"Mysterious Sphere","floor":36,"gold_loss":0},{"damage_healed":0,"gold_gain":0,"player_choice":"Fight","damage_taken":0,"max_hp_gain":0,"max_hp_loss":0,"event_name":"MindBloom","floor":45,"gold_loss":0},{"damage_healed":0,"gold_gain":0,"player_choice":"Ignored","damage_taken":0,"max_hp_gain":0,"max_hp_loss":0,"event_name":"Tomb of Lord Red Mask","floor":46,"gold_loss":0},{"damage_healed":0,"gold_gain":0,"player_choice":"Max HP","damage_taken":0,"max_hp_gain":0,"max_hp_loss":4,"event_name":"Winding Halls","floor":48,"gold_loss":0}],"is_beta":true,"boss_relics":[{"not_picked":["Inserter","Busted Crown"],"picked":"Sozu"},{"not_picked":["Runic Dome","Philosopher\u0027s Stone"],"picked":"Calling Bell"}],"items_purged_floors":[12,20,37,39],"is_endless":false,"potions_floor_spawned":[1,3,8,10,11,18,19,29,31,45],"ascension_level":0}