{"gold_per_floor":[111,131,148,164,174,174,202,202,202,218,58,58,72,90,90,161,161,177,191,210,210,240,240,240,272,320,320,344,359,259,271,271,342,342,359,23,40,56,67,67,99,115,142,168,183,183,228,239,239,239,239],"floor_reached":51,"playtime":3175,"items_purged":["Strike_R","Strike_R"],"score":1445,"play_id":"a8c86afd-3601-41ab-ad27-97e9cc968617","local_time":"20191019055621","is_ascension_mode":true,"campfire_choices":[{"data":"Whirlwind","floor":6.0,"key":"SMITH"},{"data":"Iron Wave","floor":8.0,"key":"SMITH"},{"data":"Spot Weakness","floor":12.0,"key":"SMITH"},{"data":"Heavy Blade","floor":15.0,"key":"SMITH"},{"floor":23.0,"key":"REST"},{"data":"Intimidate","floor":27.0,"key":"SMITH"},{"data":"Inflame","floor":32.0,"key":"SMITH"},{"floor":40.0,"key":"REST"},{"floor":46.0,"key":"REST"},{"floor":49.0,"key":"REST"}],"neow_cost":"NONE","seed_source_timestamp":184224317475900,"circlet_count":0,"master_deck":["AscendersBane","Strike_R","Strike_R","Strike_R","Defend_R","Defend_R","Defend_R","Defend_R","Bash","Iron Wave+1","Seeing Red","Whirlwind+1","Spot Weakness+1","Intimidate+1","Inflame+1","Heavy Blade+1","Shrug It Off","Sword Boomerang","Impervious","Battle Trance","Exhume","Feed","Heavy Blade+1"],"special_seed":0,"relics":["Burning Blood","Pen Nib","Omamori","Pantograph","Busted Crown","Red Mask","Sundial","Vajra","Lantern","Snecko Eye","PreservedInsect","Darkstone Periapt","Red Skull","Bottled Lightning","Calipers"],"potions_floor_usage":[],"damage_taken":[{"damage":4.0,"enemies":"Small Slimes","floor":1.0,"turns":4.0},{"damage":4.0,"enemies":"2 Louse","floor":2.0,"turns":2.0},{"damage":10.0,"enemies":"Jaw Worm","floor":3.0,"turns":4.0},{"damage":23.0,"enemies":"Exordium Thugs","floor":4.0,"turns":6.0},{"damage":1.0,"enemies":"3 Louse","floor":5.0,"turns":2.0},{"damage":27.0,"enemies":"Gremlin Nob","floor":7.0,"turns":4.0},{"damage":3.0,"enemies":"Blue Slaver","floor":10.0,"turns":3.0},{"damage":14.0,"enemies":"Exordium Wildlife","floor":13.0,"turns":2.0},{"damage":0.0,"enemies":"Red Slaver","floor":14.0,"turns":1.0},{"damage":2.0,"enemies":"Slime Boss","floor":16.0,"turns":6.0},{"damage":16.0,"enemies":"2 Thieves","floor":18.0,"turns":4.0},{"damage":2.0,"enemies":"3 Byrds","floor":19.0,"turns":3.0},{"damage":11.0,"enemies":"Centurion and Healer","floor":20.0,"turns":4.0},{"damage":8.0,"enemies":"Masked Bandits","floor":22.0,"turns":4.0},{"damage":11.0,"enemies":"Gremlin Leader","floor":25.0,"turns":6.0},{"damage":0.0,"enemies":"Cultist and Chosen","floor":29.0,"turns":2.0},{"damage":0.0,"enemies":"Snake Plant","floor":31.0,"turns":2.0},{"damage":49.0,"enemies":"Champ","floor":33.0,"turns":8.0},{"damage":0.0,"enemies":"3 Darklings","floor":35.0,"turns":1.0},{"damage":0.0,"enemies":"Orb Walker","floor":37.0,"turns":3.0},{"damage":29.0,"enemies":"Maw","floor":38.0,"turns":7.0},{"damage":9.0,"enemies":"4 Shapes","floor":39.0,"turns":2.0},{"damage":80.0,"enemies":"Giant Head","floor":41.0,"turns":7.0},{"damage":0.0,"enemies":"Sphere and 2 Shapes","floor":42.0,"turns":4.0},{"damage":2.0,"enemies":"Nemesis","floor":44.0,"turns":3.0},{"damage":0.0,"enemies":"3 Darklings","floor":45.0,"turns":2.0},{"damage":9.0,"enemies":"2 Orb Walkers","floor":47.0,"turns":3.0},{"damage":13.0,"enemies":"Jaw Worm Horde","floor":48.0,"turns":4.0},{"damage":78.0,"enemies":"Time Eater","floor":50.0,"turns":6.0},{"damage":65,"enemies":"Awakened One","floor":51,"turns":6}],"seed_played":"-7418884787990165405","potions_obtained":[{"floor":2.0,"key":"Dexterity Potion"},{"floor":4.0,"key":"Poison Potion"},{"floor":7.0,"key":"Poison Potion"},{"floor":13.0,"key":"PowerPotion"},{"floor":16.0,"key":"Explosive Potion"},{"floor":18.0,"key":"Energy Potion"},{"floor":25.0,"key":"GamblersBrew"},{"floor":33.0,"key":"Strength Potion"},{"floor":39.0,"key":"Fruit Juice"},{"floor":41.0,"key":"Swift Potion"},{"floor":42.0,"key":"LiquidBronze"},{"floor":44.0,"key":"Explosive Potion"},{"floor":48.0,"key":"SteroidPotion"}],"is_trial":false,"path_per_floor":["M","M","M","M","M","R","E","R","T","M","$","R","M","M","R","B",null,"M","M","M","?","?","R","?","E","T","R","T","M","$","M","R","B",null,"M","$","M","M","M","R","E","M","T","E","M","R","?","M","R","B","B"],"character_chosen":"IRONCLAD","items_purchased":["Heavy Blade","Shrug It Off","Feed","PreservedInsect","GamblersBrew"],"campfire_rested":4,"item_purchase_floors":[11,11,36,36,36],"current_hp_per_floor":[70,72,68,51,56,56,35,35,35,38,38,38,30,36,36,65,73,63,67,62,41,39,63,63,58,58,58,58,64,64,70,70,37,69,75,75,83,63,63,89,20,29,29,36,42,72,69,65,95,34,0],"gold":239,"neow_bonus":"RANDOM_COMMON_RELIC","is_prod":false,"is_daily":false,"chose_seed":false,"campfire_upgraded":6,"win_rate":0,"timestamp":1571478981,"path_taken":["M","M","M","M","M","R","E","R","T","M","$","R","M","M","R","BOSS","M","M","M","?","?","R","?","E","T","R","?","?","?","M","R","BOSS","M","$","M","M","M","R","E","M","T","E","M","R","?","M","R","BOSS","BOSS"],"build_version":"2019-07-17","purchased_purges":2,"victory":false,"max_hp_per_floor":[75,75,75,75,75,75,75,75,75,75,75,75,75,75,75,75,75,75,75,75,80,80,80,80,80,80,80,80,80,80,80,80,80,80,80,80,83,86,89,89,94,97,97,100,100,100,100,103,103,106,106],"card_choices":[{"not_picked":["Wild Strike","Cleave"],"picked":"Iron Wave","floor":1.0},{"not_picked":["Anger","True Grit"],"picked":"Seeing Red","floor":2.0},{"not_picked":["Shockwave","Clothesline"],"picked":"Whirlwind","floor":3.0},{"not_picked":["Pommel Strike","Burning Pact","Cleave"],"picked":"SKIP","floor":4.0},{"not_picked":["Inflame","Pummel"],"picked":"Spot Weakness","floor":5.0},{"not_picked":["Searing Blow","Anger"],"picked":"Intimidate","floor":7.0},{"not_picked":["Clothesline","Searing Blow"],"picked":"Inflame","floor":10.0},{"not_picked":["Headbutt","Clash","Dropkick"],"picked":"SKIP","floor":13.0},{"not_picked":["Hemokinesis","Dropkick"],"picked":"Sword Boomerang","floor":14.0},{"not_picked":["Bludgeon","Exhume"],"picked":"Impervious","floor":16.0},{"not_picked":["Twin Strike"],"picked":"SKIP","floor":18.0},{"not_picked":["Carnage"],"picked":"SKIP","floor":19.0},{"not_picked":["Thunderclap"],"picked":"SKIP","floor":20.0},{"not_picked":[],"picked":"Battle Trance","floor":25.0},{"not_picked":["Rage"],"picked":"SKIP","floor":29.0},{"not_picked":["Dual Wield"],"picked":"SKIP","floor":31.0},{"not_picked":[],"picked":"Exhume","floor":33.0},{"not_picked":["Perfected Strike"],"picked":"SKIP","floor":35.0},{"not_picked":["Headbutt+1"],"picked":"SKIP","floor":37.0},{"not_picked":["Dropkick"],"picked":"SKIP","floor":38.0},{"not_picked":[],"picked":"Heavy Blade+1","floor":39.0},{"not_picked":["Perfected Strike+1"],"picked":"SKIP","floor":41.0},{"not_picked":["Clothesline"],"picked":"SKIP","floor":42.0},{"not_picked":["Body Slam"],"picked":"SKIP","floor":44.0},{"not_picked":["Headbutt+1"],"picked":"SKIP","floor":45.0},{"not_picked":["Second Wind"],"picked":"SKIP","floor":48.0}],"player_experience":869409,"relics_obtained":[{"floor":7.0,"key":"Omamori"},{"floor":9.0,"key":"Pantograph"},{"floor":22.0,"key":"Red Mask"},{"floor":25.0,"key":"Sundial"},{"floor":26.0,"key":"Vajra"},{"floor":28.0,"key":"Lantern"},{"floor":41.0,"key":"Darkstone Periapt"},{"floor":43.0,"key":"Red Skull"},{"floor":44.0,"key":"Bottled Lightning"},{"floor":47.0,"key":"Calipers"}],"event_choices":[{"damage_healed":0.0,"max_hp_gain":5.0,"max_hp_loss":0.0,"gold_gain":0.0,"event_name":"Forgotten Altar","player_choice":"Shed Blood","floor":21.0,"gold_loss":0.0,"damage_taken":26.0},{"damage_healed":0.0,"max_hp_gain":0.0,"max_hp_loss":0.0,"gold_gain":0.0,"event_name":"Masked Bandits","player_choice":"Fought Bandits","floor":22.0,"gold_loss":0.0,"damage_taken":0.0},{"damage_healed":0.0,"max_hp_gain":0.0,"max_hp_loss":0.0,"gold_gain":0.0,"event_name":"Ghosts","player_choice":"Ignored","floor":24.0,"gold_loss":0.0,"damage_taken":0.0},{"damage_healed":0.0,"max_hp_gain":0.0,"max_hp_loss":0.0,"gold_gain":0.0,"event_name":"Mysterious Sphere","player_choice":"Fight","floor":47.0,"gold_loss":0.0,"damage_taken":0.0}],"is_beta":false,"boss_relics":[{"not_picked":["Lizard Tail","White Beast Statue"],"picked":"Busted Crown"},{"not_picked":["Astrolabe","Black Star"],"picked":"Snecko Eye"}],"items_purged_floors":[11,30],"is_endless":false,"potions_floor_spawned":[2,4,7,13,16,18,20,25,33,39,41,42,44,48],"killed_by":"Awakened One","ascension_level":20}