{"gold_per_floor":[119,129,149,162,174,174,187,7,34,54,72,147,167,186,186,291,291,302,63,63,75,0,0,33,45,45,45,92,4,4,23,23,127,127,144,144,144,154,168,168,185,161,210,226,226],"floor_reached":45,"playtime":3307,"items_purged":["Strike_B"],"score":508,"play_id":"4a8b5d02-c64e-48df-bc96-35f1c92d397f","local_time":"20191011114230","is_ascension_mode":false,"campfire_choices":[{"data":"Scrape","floor":6,"key":"SMITH"},{"floor":15,"key":"REST"},{"data":"Fission","floor":23,"key":"SMITH"},{"data":"Machine Learning","floor":27,"key":"SMITH"},{"floor":30,"key":"REST"},{"floor":32,"key":"REST"},{"floor":40,"key":"REST"}],"neow_cost":"NONE","seed_source_timestamp":2201237188054778,"circlet_count":0,"master_deck":["Strike_B+1","Strike_B","Defend_B","Defend_B","Defend_B","Zap","Dualcast","Scrape+1","Cold Snap+1","Gash","Fission+1","Redo","Sweeping Beam","Static Discharge","Panache","Cold Snap","Beam Cell","Defragment","Machine Learning+1","All For One","FTL","Forethought","Machine Learning","Steam","Reprogram","Scrape","Impatience","Fission","Gash","Gash+1","Parasite","Steam","Stack+1"],"relics":["Cracked Core","Whetstone","Inserter","Lantern","Mango","Strawberry","Philosopher\u0027s Stone","Juzu Bracelet"],"potions_floor_usage":[16,16,24,33,41,44],"damage_taken":[{"damage":1,"enemies":"Jaw Worm","floor":1,"turns":3},{"damage":0,"enemies":"Cultist","floor":2,"turns":3},{"damage":7,"enemies":"Small Slimes","floor":3,"turns":2},{"damage":9,"enemies":"Blue Slaver","floor":4,"turns":4},{"damage":22,"enemies":"Exordium Wildlife","floor":5,"turns":7},{"damage":5,"enemies":"Large Slime","floor":7,"turns":5},{"damage":13,"enemies":"Looter","floor":10,"turns":2},{"damage":0,"enemies":"Exordium Wildlife","floor":11,"turns":3},{"damage":2,"enemies":"2 Fungi Beasts","floor":13,"turns":3},{"damage":2,"enemies":"Exordium Thugs","floor":14,"turns":4},{"damage":0,"enemies":"Slime Boss","floor":16,"turns":5},{"damage":0,"enemies":"Chosen","floor":18,"turns":4},{"damage":40,"enemies":"2 Thieves","floor":21,"turns":4},{"damage":34,"enemies":"Slavers","floor":24,"turns":5},{"damage":0,"enemies":"3 Cultists","floor":25,"turns":4},{"damage":35,"enemies":"Shelled Parasite and Fungi","floor":31,"turns":5},{"damage":43,"enemies":"Automaton","floor":33,"turns":7},{"damage":14,"enemies":"3 Shapes","floor":35,"turns":6},{"damage":21,"enemies":"Orb Walker","floor":38,"turns":3},{"damage":42,"enemies":"3 Darklings","floor":39,"turns":4},{"damage":30,"enemies":"Writhing Mass","floor":41,"turns":4},{"damage":12,"enemies":"Sphere and 2 Shapes","floor":44,"turns":4},{"damage":9,"enemies":"Maw","floor":45,"turns":4}],"seed_played":"7570919793141686468","potions_obtained":[{"floor":2,"key":"Swift Potion"},{"floor":3,"key":"Energy Potion"},{"floor":13,"key":"Swift Potion"},{"floor":14,"key":"Regen Potion"},{"floor":25,"key":"Fire Potion"},{"floor":33,"key":"FocusPotion"},{"floor":35,"key":"GamblersBrew"},{"floor":39,"key":"Energy Potion"},{"floor":44,"key":"DuplicationPotion"}],"is_trial":false,"path_per_floor":["M","M","M","M","M","R","M","$","T","M","M","?","M","M","R","B",null,"M","$","?","M","?","R","E","M","T","R","T","$","R","M","R","B",null,"M","?","?","M","M","R","M","$","T","M","M"],"character_chosen":"DEFECT","items_purchased":["Panache","FTL","Forethought","Impatience","Steam"],"campfire_rested":4,"item_purchase_floors":[8,19,19,29,42],"current_hp_per_floor":[74,74,67,58,36,36,31,31,31,18,18,11,9,7,29,29,75,75,75,75,35,35,35,15,15,29,29,36,36,64,29,57,14,96,82,82,82,61,19,47,17,17,17,5,0],"gold":226,"neow_bonus":"THREE_CARDS","is_prod":false,"is_daily":false,"chose_seed":false,"campfire_upgraded":3,"win_rate":0.0,"timestamp":1570790550,"path_taken":["M","M","M","M","M","R","M","$","T","M","M","?","M","M","R","BOSS","M","$","?","M","?","R","E","M","T","R","?","$","R","?","R","BOSS","M","?","?","M","M","R","M","?","T","M","M"],"build_version":"2019-09-09v2","purchased_purges":1,"victory":false,"max_hp_per_floor":[75,75,75,75,75,75,75,75,75,75,75,75,75,75,75,75,75,75,75,75,75,75,75,75,75,89,89,96,96,96,96,96,96,96,96,96,96,96,96,96,96,96,96,96,96],"card_choices":[{"not_picked":["Stack","Redo"],"picked":"Scrape","floor":0},{"not_picked":["Rebound","Chaos"],"picked":"Cold Snap","floor":1},{"not_picked":["Redo","Double Energy"],"picked":"Gash","floor":2},{"not_picked":["Darkness","Redo"],"picked":"Fission","floor":3},{"not_picked":["Undo","Double Energy"],"picked":"Redo","floor":4},{"not_picked":["Force Field","Ball Lightning"],"picked":"Sweeping Beam","floor":5},{"not_picked":["Melter","Genetic Algorithm"],"picked":"Static Discharge","floor":7},{"not_picked":["Ball Lightning","Streamline"],"picked":"Cold Snap","floor":10},{"not_picked":["Force Field","Sweeping Beam"],"picked":"Beam Cell","floor":11},{"not_picked":["Static Discharge","Conserve Battery"],"picked":"Defragment","floor":13},{"not_picked":["Capacitor","Conserve Battery"],"picked":"Machine Learning","floor":14},{"not_picked":["Multi-Cast","Reboot"],"picked":"All For One","floor":16},{"not_picked":["Cold Snap","Coolheaded"],"picked":"Leap","floor":18},{"not_picked":["Cold Snap","Defragment+1"],"picked":"Steam","floor":21},{"not_picked":["Tempest+1","Barrage"],"picked":"Reprogram","floor":24},{"not_picked":["Loop+1","Streamline+1"],"picked":"Scrape","floor":25},{"not_picked":["Genetic Algorithm","Hologram","Barrage"],"picked":"SKIP","floor":31},{"not_picked":["Amplify","Electrodynamics"],"picked":"Fission","floor":33},{"not_picked":["White Noise+1","Aggregate+1"],"picked":"Gash","floor":35},{"not_picked":["Static Discharge","Tempest"],"picked":"Gash+1","floor":38},{"not_picked":["Doom and Gloom","Compile Driver+1","Genetic Algorithm"],"picked":"SKIP","floor":39},{"not_picked":["Compile Driver","Capacitor","Hello World+1"],"picked":"SKIP","floor":41},{"not_picked":["Sweeping Beam","Coolheaded"],"picked":"Stack+1","floor":44}],"player_experience":99705,"relics_obtained":[{"floor":9,"key":"Whetstone"},{"floor":24,"key":"Lantern"},{"floor":26,"key":"Mango"},{"floor":28,"key":"Strawberry"},{"floor":43,"key":"Juzu Bracelet"}],"event_choices":[{"damage_healed":0,"gold_gain":75,"player_choice":"Touch","damage_taken":7,"max_hp_gain":0,"max_hp_loss":0,"event_name":"FaceTrader","floor":12,"gold_loss":0},{"damage_healed":0,"gold_gain":0,"cards_transformed":["Strike_B","Defend_B"],"player_choice":"Became Test Subject","damage_taken":0,"max_hp_gain":0,"max_hp_loss":0,"event_name":"Drug Dealer","floor":20,"gold_loss":0,"cards_obtained":["Machine Learning","Blizzard"]},{"cards_removed":["Blizzard"],"damage_healed":0,"gold_gain":0,"player_choice":"Gave Gold","damage_taken":0,"max_hp_gain":0,"max_hp_loss":0,"event_name":"Beggar","floor":22,"gold_loss":75},{"damage_healed":0,"gold_gain":0,"player_choice":"Ignored","damage_taken":0,"max_hp_gain":0,"max_hp_loss":0,"event_name":"Mysterious Sphere","floor":36,"gold_loss":0},{"cards_removed":["Leap"],"damage_healed":0,"gold_gain":0,"player_choice":"Removed Skill","damage_taken":0,"max_hp_gain":0,"max_hp_loss":0,"event_name":"Falling","floor":37,"gold_loss":0}],"is_beta":true,"boss_relics":[{"not_picked":["Sozu","Ectoplasm"],"picked":"Inserter"},{"not_picked":["Velvet Choker","Busted Crown"],"picked":"Philosopher\u0027s Stone"}],"items_purged_floors":[19],"is_endless":false,"potions_floor_spawned":[2,3,13,14,25,33,35,39,44],"killed_by":"Maw","ascension_level":0}