{"gold_per_floor":[113,188,188,204,276,308,308,319,319,319,346,346,346,346],"floor_reached":14,"playtime":233,"items_purged":[],"score":192,"play_id":"b7b941a5-d2a4-498a-acb9-7b5678b26de0","local_time":"20191014131035","is_ascension_mode":true,"campfire_choices":[{"data":"Bash","floor":7,"key":"SMITH"},{"floor":10,"key":"REST"},{"floor":12,"key":"REST"}],"neow_cost":"NONE","seed_source_timestamp":331643729016900,"circlet_count":0,"master_deck":["AscendersBane","Strike_R","Strike_R","Strike_R","Strike_R","Defend_R","Defend_R","Defend_R","Defend_R","Bash+1","Headbutt","Clothesline","Shrug It Off","Power Through"],"relics":["Burning Blood","Vajra","Paper Frog","White Beast Statue","Question Card","Darkstone Periapt","Blue Candle"],"potions_floor_usage":[11,14],"damage_taken":[{"damage":10,"enemies":"Small Slimes","floor":1,"turns":3},{"damage":14,"enemies":"Jaw Worm","floor":4,"turns":4},{"damage":24,"enemies":"Gremlin Nob","floor":6,"turns":4},{"damage":8,"enemies":"2 Louse","floor":8,"turns":4},{"damage":27,"enemies":"3 Sentries","floor":11,"turns":8},{"damage":15,"enemies":"Lagavulin","floor":14,"turns":2}],"seed_played":"-3224221822269711502","potions_obtained":[{"floor":8,"key":"Explosive Potion"},{"floor":11,"key":"SteroidPotion"}],"is_trial":false,"path_per_floor":["M","?","?","M","T","E","R","M","T","R","E","R","?","E"],"character_chosen":"IRONCLAD","items_purchased":[],"campfire_rested":2,"item_purchase_floors":[],"current_hp_per_floor":[64,53,46,38,38,20,20,18,18,40,19,41,15,0],"gold":346,"neow_bonus":"RANDOM_COMMON_RELIC","is_prod":false,"is_daily":false,"chose_seed":false,"campfire_upgraded":1,"win_rate":0,"timestamp":1571083835,"path_taken":["M","?","?","M","?","E","R","M","T","R","E","R","?","E"],"build_version":"2019-10-11","purchased_purges":0,"victory":false,"max_hp_per_floor":[75,75,75,75,75,75,75,75,75,75,75,75,75,75],"card_choices":[{"not_picked":["Wild Strike","Havoc"],"picked":"Headbutt","floor":1},{"not_picked":["Twin Strike","Flex"],"picked":"Clothesline","floor":4},{"not_picked":["Infernal Blade","Heavy Blade","Bloodletting"],"picked":"SKIP","floor":6},{"not_picked":["Wild Strike","Shockwave"],"picked":"Shrug It Off","floor":8},{"not_picked":["Armaments","Rupture","Sword Boomerang"],"picked":"Power Through","floor":11}],"player_experience":1566510,"relics_obtained":[{"floor":5,"key":"Paper Frog"},{"floor":6,"key":"White Beast Statue"},{"floor":9,"key":"Question Card"},{"floor":11,"key":"Darkstone Periapt"}],"event_choices":[{"damage_healed":0,"gold_gain":75,"player_choice":"Gather Gold","damage_taken":11,"max_hp_gain":0,"max_hp_loss":0,"event_name":"World of Goop","floor":2,"gold_loss":0},{"cards_removed":["Strike_R"],"damage_healed":0,"gold_gain":0,"player_choice":"Card Removal","damage_taken":7,"max_hp_gain":0,"max_hp_loss":0,"event_name":"Golden Wing","floor":3,"gold_loss":0},{"damage_healed":0,"gold_gain":0,"player_choice":"Success","damage_taken":26,"relics_obtained":["Blue Candle"],"max_hp_gain":0,"max_hp_loss":0,"event_name":"Scrap Ooze","floor":13,"gold_loss":0}],"is_beta":true,"boss_relics":[],"items_purged_floors":[],"is_endless":false,"potions_floor_spawned":[8,11],"killed_by":"Lagavulin","ascension_level":20}