{"gold_per_floor":[112,23,42,56,72,107,107,133,133,164,179,179,179,21,21,21],"floor_reached":16,"playtime":576,"items_purged":[],"score":240,"play_id":"db7053c3-e2e4-4eb0-abb7-5a850e10b7bf","local_time":"20191016170029","is_ascension_mode":true,"campfire_choices":[{"data":"Carnage","floor":7,"key":"SMITH"},{"floor":12,"key":"REST"},{"data":"Disarm","floor":15,"key":"SMITH"}],"neow_cost":"CURSE","seed_source_timestamp":159924778213700,"circlet_count":0,"master_deck":["AscendersBane","Strike_R","Strike_R","Strike_R","Strike_R","Strike_R","Defend_R","Defend_R","Defend_R","Defend_R","Bash","Decay","Thinking Ahead","Headbutt","Carnage+1","Anger","Battle Trance","Disarm+1","Shockwave"],"relics":["Burning Blood","Question Card","Lantern","InkBottle","Dodecahedron","PrismaticShard"],"potions_floor_usage":[4,6,10,16],"damage_taken":[{"damage":4,"enemies":"Small Slimes","floor":1,"turns":4},{"damage":3,"enemies":"Cultist","floor":3,"turns":3},{"damage":0,"enemies":"2 Louse","floor":4,"turns":2},{"damage":2,"enemies":"Large Slime","floor":5,"turns":4},{"damage":29,"enemies":"Gremlin Nob","floor":6,"turns":4},{"damage":34,"enemies":"Lagavulin","floor":8,"turns":7},{"damage":19,"enemies":"3 Sentries","floor":10,"turns":8},{"damage":8,"enemies":"Blue Slaver","floor":11,"turns":3},{"damage":55,"enemies":"The Guardian","floor":16,"turns":12}],"seed_played":"6134921110572831753","potions_obtained":[{"floor":1,"key":"Explosive Potion"},{"floor":4,"key":"LiquidBronze"},{"floor":5,"key":"Block Potion"},{"floor":8,"key":"Ancient Potion"},{"floor":10,"key":"LiquidMemories"}],"is_trial":false,"path_per_floor":["M","$","M","M","M","E","R","E","T","E","M","R","?","$","R","B"],"character_chosen":"IRONCLAD","items_purchased":["Carnage","PrismaticShard"],"campfire_rested":1,"item_purchase_floors":[2,14],"current_hp_per_floor":[70,70,73,75,75,52,52,24,24,11,9,31,31,31,31,0],"gold":21,"neow_bonus":"RANDOM_COLORLESS_2","is_prod":false,"is_daily":false,"chose_seed":false,"campfire_upgraded":2,"win_rate":0,"timestamp":1571270429,"path_taken":["M","$","M","M","M","E","R","E","T","E","M","R","?","?","R","BOSS"],"build_version":"2019-10-15","purchased_purges":0,"victory":false,"max_hp_per_floor":[75,75,75,75,75,75,75,75,75,75,75,75,75,75,75,75],"card_choices":[{"not_picked":["Panache","Secret Weapon"],"picked":"Thinking Ahead","floor":0},{"not_picked":["Warcry","Wild Strike"],"picked":"Headbutt","floor":1},{"not_picked":["Pommel Strike","Sword Boomerang","Wild Strike"],"picked":"SKIP","floor":3},{"not_picked":["Heavy Blade","Warcry"],"picked":"Anger","floor":4},{"not_picked":["Reckless Charge","Inflame","Heavy Blade"],"picked":"SKIP","floor":5},{"not_picked":["Impervious","Armaments"],"picked":"Battle Trance","floor":6},{"not_picked":["Heavy Blade","Rage","Twin Strike"],"picked":"Disarm","floor":8},{"not_picked":["Warcry","Bloodletting","Heavy Blade","Flex"],"picked":"SKIP","floor":10},{"not_picked":["Warcry","Thunderclap","Anger"],"picked":"Shockwave","floor":11}],"player_experience":1602755,"relics_obtained":[{"floor":6,"key":"Question Card"},{"floor":8,"key":"Lantern"},{"floor":9,"key":"InkBottle"},{"floor":10,"key":"Dodecahedron"}],"event_choices":[{"damage_healed":0,"gold_gain":0,"player_choice":"0 cards matched","damage_taken":0,"max_hp_gain":0,"max_hp_loss":0,"event_name":"Match and Keep!","floor":13,"gold_loss":0,"cards_obtained":[]}],"is_beta":true,"boss_relics":[],"items_purged_floors":[],"is_endless":false,"potions_floor_spawned":[1,4,5,8,10],"killed_by":"The Guardian","ascension_level":20}