{"gold_per_floor":[113,124,142,160,160,160,192,34,34,50,85,101,101,116,116,190,190,210,210,223,223],"floor_reached":21,"playtime":741,"items_purged":["Strike_R"],"score":386,"play_id":"44924ea4-738e-4887-97fa-d322060409e3","local_time":"20191004110904","is_ascension_mode":true,"campfire_choices":[{"data":"Uppercut","floor":6,"key":"SMITH"},{"data":"Limit Break","floor":13,"key":"SMITH"},{"data":"Inflame","floor":15,"key":"SMITH"}],"neow_cost":"TEN_PERCENT_HP_LOSS","seed_source_timestamp":248283773250700,"circlet_count":0,"master_deck":["AscendersBane","Strike_R","Strike_R","Strike_R","Defend_R+1","Defend_R","Defend_R","Defend_R","Bash","Fiend Fire","Shrug It Off+1","Anger","Uppercut+1","Limit Break+1","Immolate","Inflame+1","Power Through","Limit Break","Warcry+1","Brutality"],"relics":["Burning Blood","MealTicket","War Paint","Bag of Preparation","Fusion Hammer"],"potions_floor_usage":[7,7,11],"damage_taken":[{"damage":7,"enemies":"Jaw Worm","floor":1,"turns":3},{"damage":0,"enemies":"Cultist","floor":2,"turns":3},{"damage":0,"enemies":"Small Slimes","floor":3,"turns":3},{"damage":9,"enemies":"Looter","floor":4,"turns":4},{"damage":21,"enemies":"3 Sentries","floor":7,"turns":10},{"damage":6,"enemies":"Large Slime","floor":10,"turns":4},{"damage":12,"enemies":"Lagavulin","floor":11,"turns":5},{"damage":19,"enemies":"Exordium Wildlife","floor":12,"turns":6},{"damage":0,"enemies":"Blue Slaver","floor":14,"turns":5},{"damage":14,"enemies":"The Guardian","floor":16,"turns":12},{"damage":40,"enemies":"3 Byrds","floor":18,"turns":7},{"damage":11,"enemies":"2 Thieves","floor":20,"turns":2},{"damage":25,"enemies":"Snecko","floor":21,"turns":4}],"seed_played":"-8981314240808988451","potions_obtained":[{"floor":2,"key":"Fire Potion"},{"floor":4,"key":"EssenceOfSteel"},{"floor":7,"key":"Swift Potion"},{"floor":11,"key":"EssenceOfSteel"},{"floor":20,"key":"PowerPotion"}],"is_trial":false,"path_per_floor":["M","M","M","M","?","R","E","$","T","M","E","M","R","M","R","B",null,"M","?","M","M"],"character_chosen":"IRONCLAD","items_purchased":["Inflame"],"campfire_rested":0,"item_purchase_floors":[8],"current_hp_per_floor":[67,68,68,65,65,65,50,65,65,65,59,46,46,52,52,44,62,28,28,23,0],"gold":223,"neow_bonus":"THREE_RARE_CARDS","is_prod":false,"is_daily":false,"chose_seed":false,"campfire_upgraded":3,"win_rate":0,"timestamp":1570212544,"path_taken":["M","M","M","M","?","R","E","$","T","M","E","?","R","M","R","BOSS","M","?","M","M"],"build_version":"2019-10-03","purchased_purges":1,"victory":false,"max_hp_per_floor":[68,68,68,68,68,68,68,68,68,68,68,68,68,68,68,68,68,68,68,68,68],"card_choices":[{"not_picked":["Impervious","Exhume"],"picked":"Fiend Fire","floor":0},{"not_picked":["Twin Strike","True Grit"],"picked":"Shrug It Off","floor":1},{"not_picked":["True Grit","Burning Pact"],"picked":"Anger","floor":2},{"not_picked":["Thunderclap","Blood for Blood"],"picked":"Uppercut","floor":3},{"not_picked":["Warcry","Cleave","Twin Strike"],"picked":"SKIP","floor":4},{"not_picked":["Infernal Blade","Pommel Strike"],"picked":"Immolate","floor":7},{"not_picked":["Entrench","Warcry","Rupture"],"picked":"SKIP","floor":10},{"not_picked":["Hemokinesis","Sever Soul"],"picked":"Power Through","floor":11},{"not_picked":["Entrench","Warcry","Thunderclap"],"picked":"SKIP","floor":12},{"not_picked":["True Grit","Clash","Iron Wave"],"picked":"SKIP","floor":14},{"not_picked":["Dark Embrace","Fiend Fire"],"picked":"Limit Break","floor":16},{"not_picked":["Anger","Thunderclap"],"picked":"Warcry+1","floor":18},{"not_picked":["Pommel Strike","Bloodletting+1","Clothesline"],"picked":"SKIP","floor":20}],"player_experience":1231501,"relics_obtained":[{"floor":7,"key":"MealTicket"},{"floor":9,"key":"War Paint"},{"floor":11,"key":"Bag of Preparation"}],"event_choices":[{"damage_healed":0,"gold_gain":0,"player_choice":"1 cards matched","damage_taken":0,"max_hp_gain":0,"max_hp_loss":0,"event_name":"Match and Keep!","floor":5,"gold_loss":0,"cards_obtained":["Limit Break"]},{"damage_healed":0,"gold_gain":0,"cards_transformed":["Strike_R"],"player_choice":"Transformed","damage_taken":0,"max_hp_gain":0,"max_hp_loss":0,"event_name":"Transmorgrifier","floor":19,"gold_loss":0,"cards_obtained":["Brutality"]}],"is_beta":true,"boss_relics":[{"not_picked":["SacredBark","SlaversCollar"],"picked":"Fusion Hammer"}],"items_purged_floors":[8],"is_endless":false,"potions_floor_spawned":[2,4,7,11,20],"killed_by":"Snecko","ascension_level":20}