{"gold_per_floor":[118,136,151,22,32,60,79,4,31,206,238,253,253,253],"floor_reached":14,"playtime":1234,"items_purged":["Strike_B"],"score":107,"play_id":"24a07aed-5619-4564-bead-71339ed05764","local_time":"20191015100653","is_ascension_mode":true,"campfire_choices":[],"neow_cost":"NONE","seed_source_timestamp":2543164967216295,"circlet_count":0,"master_deck":["Strike_B","Strike_B","Strike_B","Defend_B","Defend_B","Defend_B","Defend_B","Zap","Dualcast","Coolheaded","Fission","Coolheaded","Steam","Defragment","Gash","Reprogram","Conserve Battery","Defragment","Double Energy"],"relics":["Cracked Core","Pocketwatch","Juzu Bracelet","Strawberry"],"potions_floor_usage":[6,11,12],"damage_taken":[{"damage":1,"enemies":"Cultist","floor":1,"turns":3},{"damage":0,"enemies":"Small Slimes","floor":2,"turns":3},{"damage":3,"enemies":"2 Louse","floor":3,"turns":3},{"damage":6,"enemies":"Large Slime","floor":5,"turns":8},{"damage":49,"enemies":"Gremlin Nob","floor":6,"turns":6},{"damage":9,"enemies":"2 Fungi Beasts","floor":7,"turns":4},{"damage":3,"enemies":"Lagavulin","floor":11,"turns":10},{"damage":16,"enemies":"Lots of Slimes","floor":12,"turns":6},{"damage":4,"enemies":"Gremlin Gang","floor":14,"turns":1}],"seed_played":"4924182372198880483","potions_obtained":[{"floor":3,"key":"Dexterity Potion"},{"floor":6,"key":"DuplicationPotion"},{"floor":7,"key":"EssenceOfSteel"}],"is_trial":false,"path_per_floor":["M","M","M","$","M","E","M","$","T","?","E","M","?","M"],"character_chosen":"DEFECT","items_purchased":["Steam","Defragment"],"campfire_rested":0,"item_purchase_floors":[4,4],"current_hp_per_floor":[81,81,78,78,72,23,14,14,14,14,18,2,2,0],"gold":253,"neow_bonus":"TEN_PERCENT_HP_BONUS","is_prod":false,"is_daily":false,"chose_seed":false,"campfire_upgraded":0,"win_rate":0,"timestamp":1571130413,"path_taken":["M","M","?","$","M","E","M","?","T","?","E","M","?","M"],"build_version":"2019-09-09v2","purchased_purges":1,"victory":false,"max_hp_per_floor":[82,82,82,82,82,82,82,82,82,82,89,89,89,89],"card_choices":[{"not_picked":["Hello World","Streamline"],"picked":"Coolheaded","floor":1},{"not_picked":["Conserve Battery","Leap"],"picked":"Fission","floor":2},{"not_picked":["Hello World","Rebound"],"picked":"Coolheaded","floor":3},{"not_picked":["Rebound","Loop"],"picked":"Gash","floor":5},{"not_picked":["Stack","Rainbow"],"picked":"Reprogram","floor":6},{"not_picked":["Beam Cell","Turbo"],"picked":"Conserve Battery","floor":7},{"not_picked":["Sweeping Beam","Beam Cell"],"picked":"Defragment","floor":11},{"not_picked":["Static Discharge","Fusion"],"picked":"Double Energy","floor":12}],"player_experience":195361,"relics_obtained":[{"floor":6,"key":"Pocketwatch"},{"floor":9,"key":"Juzu Bracelet"},{"floor":11,"key":"Strawberry"}],"event_choices":[{"damage_healed":0,"gold_gain":175,"player_choice":"AGREE","damage_taken":0,"max_hp_gain":0,"max_hp_loss":0,"event_name":"Liars Game","floor":10,"gold_loss":0,"cards_obtained":["Doubt"]},{"cards_removed":["Doubt"],"damage_healed":0,"gold_gain":0,"player_choice":"Forget","damage_taken":0,"max_hp_gain":0,"max_hp_loss":0,"event_name":"Living Wall","floor":13,"gold_loss":0}],"is_beta":true,"boss_relics":[],"items_purged_floors":[8],"is_endless":false,"potions_floor_spawned":[3,6,7],"killed_by":"Gremlin Gang","ascension_level":1}