{"gold_per_floor":[110,260,260,271,289,289,52,52,79,79,104,29,29,29,29,107,107,120,120,20,39,50,83,83,110,110,144,160,160,160,170,170,247,247,260,260,260,274,34,63,75,87,99,60,85,100,118,135,135,135,135],"floor_reached":51,"playtime":2515,"items_purged":["Doubt","Regret"],"score":1547,"play_id":"be11060c-6606-4644-9af8-b4640696f1d4","local_time":"20190928183631","is_ascension_mode":true,"campfire_choices":[{"data":"Inflame","floor":6.0,"key":"SMITH"},{"data":"Twin Strike","floor":8.0,"key":"SMITH"},{"data":"Bash","floor":15.0,"key":"SMITH"},{"data":"Headbutt","floor":24.0,"key":"SMITH"},{"floor":29.0,"key":"REST"},{"floor":32.0,"key":"REST"},{"data":"Defend_R","floor":41.0,"key":"SMITH"},{"floor":49.0,"key":"REST"}],"neow_cost":"NONE","seed_source_timestamp":0,"circlet_count":0,"master_deck":["AscendersBane","Strike_R","Strike_R","Strike_R","Strike_R","Defend_R+1","Defend_R","Defend_R","Defend_R","Bash+1","Twin Strike+1","Headbutt+1","Inflame+1","Feed+1","Twin Strike+1","Clothesline+1","Pummel+1","Metallicize+1","Flame Barrier+1","Headbutt+1","Twin Strike+1","Uppercut+1","Pommel Strike+1","Whirlwind+1","Metallicize","Shrug It Off+1"],"special_seed":0,"relics":["Burning Blood","Strawberry","PreservedInsect","Red Skull","Ancient Tea Set","Pear","Regal Pillow","Molten Egg 2","Velvet Choker","Matryoshka","Toxic Egg 2","Happy Flower","Centennial Puzzle","Nunchaku","Dodecahedron","Cursed Key","Lee\u0027s Waffle","MawBank","Letter Opener"],"potions_floor_usage":[],"damage_taken":[{"damage":4.0,"enemies":"Jaw Worm","floor":1.0,"turns":4.0},{"damage":3.0,"enemies":"2 Louse","floor":4.0,"turns":2.0},{"damage":3.0,"enemies":"Cultist","floor":5.0,"turns":3.0},{"damage":0.0,"enemies":"Lagavulin","floor":11.0,"turns":4.0},{"damage":48.0,"enemies":"Slime Boss","floor":16.0,"turns":8.0},{"damage":2.0,"enemies":"Chosen","floor":18.0,"turns":3.0},{"damage":30.0,"enemies":"3 Byrds","floor":21.0,"turns":5.0},{"damage":24.0,"enemies":"Snecko","floor":22.0,"turns":6.0},{"damage":10.0,"enemies":"Gremlin Leader","floor":23.0,"turns":4.0},{"damage":18.0,"enemies":"Slavers","floor":25.0,"turns":3.0},{"damage":33.0,"enemies":"Gremlin Leader","floor":27.0,"turns":3.0},{"damage":12.0,"enemies":"Snake Plant","floor":28.0,"turns":2.0},{"damage":19.0,"enemies":"Chosen and Byrds","floor":31.0,"turns":4.0},{"damage":88.0,"enemies":"Automaton","floor":33.0,"turns":10.0},{"damage":18.0,"enemies":"3 Darklings","floor":35.0,"turns":6.0},{"damage":52.0,"enemies":"3 Shapes","floor":38.0,"turns":4.0},{"damage":51.0,"enemies":"Giant Head","floor":40.0,"turns":6.0},{"damage":39.0,"enemies":"Reptomancer","floor":45.0,"turns":4.0},{"damage":29.0,"enemies":"Writhing Mass","floor":46.0,"turns":5.0},{"damage":8.0,"enemies":"Maw","floor":47.0,"turns":4.0},{"damage":9.0,"enemies":"Transient","floor":48.0,"turns":6.0},{"damage":80,"enemies":"Time Eater","floor":50,"turns":12},{"damage":19,"enemies":"Donu and Deca","floor":51,"turns":1}],"seed_played":"1304335982188118227","potions_obtained":[{"floor":5.0,"key":"FearPotion"},{"floor":11.0,"key":"SpeedPotion"},{"floor":21.0,"key":"LiquidBronze"},{"floor":23.0,"key":"Swift Potion"},{"floor":25.0,"key":"Swift Potion"},{"floor":31.0,"key":"BloodPotion"},{"floor":33.0,"key":"Explosive Potion"},{"floor":35.0,"key":"Swift Potion"},{"floor":38.0,"key":"Explosive Potion"}],"is_trial":false,"path_per_floor":["M","?","?","M","M","R","$","R","T","T","E","?","?","?","R","B",null,"M","?","$","M","M","E","R","E","T","E","M","R","?","M","R","B",null,"M","?","?","M","$","E","R","T","T","$","E","M","M","M","R","B","B"],"character_chosen":"IRONCLAD","items_purchased":["PreservedInsect","Lee\u0027s Waffle","Twin Strike+1","Pommel Strike+1"],"campfire_rested":3,"item_purchase_floors":[7,39,39,44],"current_hp_per_floor":[77,77,77,80,82,82,82,82,82,82,92,92,92,87,87,45,80,88,88,88,68,54,50,50,42,42,15,9,56,56,47,95,13,87,75,75,75,29,119,74,74,74,74,74,41,18,16,42,92,18,0],"gold":135,"neow_bonus":"RANDOM_COMMON_RELIC","is_prod":false,"is_daily":false,"chose_seed":false,"campfire_upgraded":5,"win_rate":0,"timestamp":1569720991,"path_taken":["M","?","?","M","?","R","$","R","T","?","E","?","?","?","R","BOSS","M","?","$","M","M","E","R","E","T","E","?","R","?","?","R","BOSS","M","?","?","?","$","E","R","?","T","$","E","M","M","?","R","BOSS","BOSS"],"build_version":"2019-07-17","purchased_purges":2,"victory":false,"max_hp_per_floor":[82,82,82,82,82,82,82,82,82,82,92,92,92,92,92,92,92,96,96,96,100,104,104,104,108,108,108,108,108,108,112,112,112,112,112,112,112,112,119,119,119,119,119,119,119,119,119,119,119,119,119],"card_choices":[{"not_picked":["Combust","Carnage"],"picked":"Twin Strike","floor":1.0},{"not_picked":["Flex","Burning Pact"],"picked":"Headbutt","floor":4.0},{"not_picked":["Perfected Strike","True Grit"],"picked":"Inflame","floor":5.0},{"not_picked":["Armaments","Dark Embrace","Berserk"],"picked":"SKIP","floor":11.0},{"not_picked":["Impervious","Fiend Fire+1"],"picked":"Feed+1","floor":16.0},{"not_picked":["Ghostly Armor","Perfected Strike+1"],"picked":"Twin Strike+1","floor":18.0},{"not_picked":["Seeing Red","Anger+1"],"picked":"Clothesline+1","floor":21.0},{"not_picked":["Body Slam+1","Wild Strike+1","Armaments"],"picked":"SKIP","floor":22.0},{"not_picked":["Sentinel","Body Slam+1","Seeing Red"],"picked":"SKIP","floor":23.0},{"not_picked":["Clash+1","Seeing Red+1","Fire Breathing"],"picked":"SKIP","floor":25.0},{"not_picked":["Reckless Charge+1","Pommel Strike+1"],"picked":"Pummel+1","floor":27.0},{"not_picked":["Dropkick+1","Havoc+1"],"picked":"Metallicize","floor":28.0},{"not_picked":["Feel No Pain","Pommel Strike+1"],"picked":"Flame Barrier+1","floor":31.0},{"not_picked":["Flex+1","Searing Blow+1"],"picked":"Headbutt+1","floor":35.0},{"not_picked":["Flex+1","Second Wind+1","Warcry+1"],"picked":"SKIP","floor":38.0},{"not_picked":["Rupture","Warcry+1"],"picked":"Uppercut+1","floor":40.0},{"not_picked":["Clash+1","Iron Wave+1"],"picked":"Whirlwind+1","floor":45.0},{"not_picked":["Combust+1","Bloodletting+1","Intimidate+1"],"picked":"SKIP","floor":46.0},{"not_picked":["Clash+1","True Grit+1"],"picked":"Metallicize","floor":47.0},{"not_picked":["Cleave+1","Anger+1"],"picked":"Shrug It Off+1","floor":48.0}],"player_experience":362283,"relics_obtained":[{"floor":9.0,"key":"Red Skull"},{"floor":10.0,"key":"Ancient Tea Set"},{"floor":11.0,"key":"Pear"},{"floor":23.0,"key":"Toxic Egg 2"},{"floor":25.0,"key":"Happy Flower"},{"floor":26.0,"key":"Centennial Puzzle"},{"floor":26.0,"key":"Nunchaku"},{"floor":27.0,"key":"Dodecahedron"},{"floor":40.0,"key":"MawBank"},{"floor":45.0,"key":"Letter Opener"}],"event_choices":[{"damage_healed":0.0,"max_hp_gain":0.0,"max_hp_loss":0.0,"gold_gain":150.0,"event_name":"Liars Game","player_choice":"AGREE","floor":2.0,"gold_loss":0.0,"damage_taken":0.0,"cards_obtained":["Doubt"]},{"damage_healed":0.0,"max_hp_gain":0.0,"max_hp_loss":0.0,"gold_gain":0.0,"event_name":"Wheel of Change","player_choice":"Cursed","floor":3.0,"gold_loss":0.0,"damage_taken":0.0,"cards_obtained":["Decay"]},{"cards_removed":["Decay"],"damage_healed":0.0,"max_hp_gain":0.0,"max_hp_loss":0.0,"gold_gain":0.0,"event_name":"The Cleric","player_choice":"Card Removal","floor":12.0,"gold_loss":75.0,"damage_taken":0.0},{"damage_healed":0.0,"max_hp_gain":0.0,"max_hp_loss":0.0,"gold_gain":0.0,"event_name":"Big Fish","player_choice":"Box","floor":13.0,"gold_loss":0.0,"damage_taken":0.0,"relics_obtained":["Regal Pillow"],"cards_obtained":["Regret"]},{"damage_healed":0.0,"max_hp_gain":0.0,"max_hp_loss":0.0,"gold_gain":0.0,"event_name":"Scrap Ooze","player_choice":"Success","floor":14.0,"gold_loss":0.0,"damage_taken":5.0,"relics_obtained":["Molten Egg 2"]},{"damage_healed":0.0,"max_hp_gain":0.0,"max_hp_loss":0.0,"gold_gain":0.0,"event_name":"WeMeetAgain","player_choice":"Gave Potion","floor":19.0,"gold_loss":0.0,"damage_taken":0.0,"relics_obtained":["Matryoshka"]},{"cards_removed":["Strike_R"],"damage_healed":0.0,"max_hp_gain":0.0,"max_hp_loss":0.0,"gold_gain":0.0,"event_name":"Purifier","player_choice":"Purged","floor":30.0,"gold_loss":0.0,"damage_taken":0.0},{"damage_healed":0.0,"max_hp_gain":0.0,"max_hp_loss":0.0,"gold_gain":0.0,"event_name":"Tomb of Lord Red Mask","player_choice":"Ignored","floor":36.0,"gold_loss":0.0,"damage_taken":0.0},{"damage_healed":0.0,"max_hp_gain":0.0,"max_hp_loss":0.0,"gold_gain":0.0,"event_name":"Upgrade Shrine","player_choice":"Upgraded","floor":37.0,"gold_loss":0.0,"damage_taken":0.0,"cards_upgraded":["Metallicize"]}],"is_beta":false,"boss_relics":[{"not_picked":["Coffee Dripper","Black Star"],"picked":"Velvet Choker"},{"not_picked":["Eternal Feather","Calling Bell"],"picked":"Cursed Key"}],"items_purged_floors":[7,20],"is_endless":false,"potions_floor_spawned":[5,11,21,23,25,31,33,35,38],"killed_by":"Donu and Deca","ascension_level":20}