{"gold_per_floor":[115,127,36,47,100,100,133,145,181,226,257,279,291,338,350,362],"floor_reached":16,"playtime":653,"items_purged":[],"score":228,"play_id":"3619b134-7085-46c4-b2e6-9cb89a43f6c5","local_time":"20190921192143","is_ascension_mode":true,"campfire_choices":[{"data":"Pommel Strike","floor":6,"key":"SMITH"},{"data":"Bash","floor":8,"key":"SMITH"},{"data":"Shrug It Off","floor":13,"key":"SMITH"},{"data":"Havoc","floor":15,"key":"SMITH"}],"neow_cost":"NONE","seed_source_timestamp":127566622815100,"circlet_count":0,"master_deck":["Strike_R","Strike_R","Strike_R","Strike_R","Strike_R","Defend_R","Defend_R","Defend_R","Defend_R","Bash+1","Ghostly Armor","Wild Strike","Pommel Strike+1","Anger","Wild Strike","Corruption","Wild Strike+1","Flame Barrier","Shrug It Off+1","Havoc+1"],"relics":["Burning Blood","Strawberry","MawBank","Potion Belt","Molten Egg 2","Red Skull"],"potions_floor_usage":[7,14,16],"damage_taken":[{"damage":6,"enemies":"Cultist","floor":1,"turns":3},{"damage":18,"enemies":"Jaw Worm","floor":2,"turns":5},{"damage":2,"enemies":"Small Slimes","floor":4,"turns":4},{"damage":16,"enemies":"Gremlin Nob","floor":7,"turns":3},{"damage":20,"enemies":"3 Sentries","floor":10,"turns":7},{"damage":8,"enemies":"Blue Slaver","floor":11,"turns":3},{"damage":5,"enemies":"Gremlin Gang","floor":12,"turns":5},{"damage":0,"enemies":"Gremlin Nob","floor":14,"turns":2},{"damage":63,"enemies":"Slime Boss","floor":16,"turns":10}],"seed_played":"2087866418715648385","potions_obtained":[{"floor":4,"key":"SteroidPotion"},{"floor":11,"key":"Ancient Potion"},{"floor":12,"key":"FearPotion"},{"floor":14,"key":"GamblersBrew"}],"is_trial":false,"path_per_floor":["M","M","$","M","T","R","E","R","T","E","M","M","R","E","R","B"],"character_chosen":"IRONCLAD","items_purchased":["Pommel Strike","Anger"],"campfire_rested":0,"item_purchase_floors":[3,3],"current_hp_per_floor":[80,68,68,72,79,79,69,69,69,55,53,54,54,60,60,0],"gold":362,"neow_bonus":"TEN_PERCENT_HP_BONUS","is_prod":false,"is_daily":false,"chose_seed":false,"campfire_upgraded":4,"win_rate":0,"timestamp":1569086503,"path_taken":["M","?","?","M","?","R","E","R","T","E","M","?","R","E","R","BOSS"],"build_version":"2019-07-17","purchased_purges":0,"victory":false,"max_hp_per_floor":[88,88,88,88,95,95,95,95,95,95,95,95,95,95,95,95],"card_choices":[{"not_picked":["Heavy Blade","Blood for Blood"],"picked":"Ghostly Armor","floor":1},{"not_picked":["Headbutt","Warcry"],"picked":"Wild Strike","floor":2},{"not_picked":["Shrug It Off","Blood for Blood"],"picked":"Wild Strike","floor":4},{"not_picked":["Barricade","Anger"],"picked":"Corruption","floor":7},{"not_picked":["Clash","Juggernaut"],"picked":"Wild Strike","floor":10},{"not_picked":["Spot Weakness","Flex"],"picked":"Flame Barrier","floor":11},{"not_picked":["Uppercut+1","Flex"],"picked":"Shrug It Off","floor":12},{"not_picked":["Sever Soul+1","Double Tap"],"picked":"Havoc","floor":14}],"player_experience":213130,"relics_obtained":[{"floor":5,"key":"Strawberry"},{"floor":7,"key":"MawBank"},{"floor":9,"key":"Potion Belt"},{"floor":10,"key":"Molten Egg 2"},{"floor":14,"key":"Red Skull"}],"event_choices":[],"is_beta":false,"boss_relics":[],"items_purged_floors":[],"is_endless":false,"potions_floor_spawned":[4,11,12,14],"killed_by":"Slime Boss","ascension_level":8}