{"gold_per_floor":[12,31,51,51,71,71,110,110,136,136,180,180,204,244,244,244],"floor_reached":16,"playtime":346,"items_purged":[],"score":240,"play_id":"3a7b1580-7f31-44e8-a8b0-add96248e0a0","local_time":"20191019113113","is_ascension_mode":true,"campfire_choices":[{"data":"Inflame","floor":6,"key":"SMITH"},{"floor":10,"key":"REST"},{"floor":12,"key":"REST"},{"data":"Flame Barrier","floor":15,"key":"SMITH"}],"neow_cost":"NO_GOLD","seed_source_timestamp":399608761326100,"circlet_count":0,"master_deck":["AscendersBane","Strike_R","Strike_R","Strike_R","Strike_R","Defend_R","Defend_R","Defend_R","Bash","Inflame+1","Heavy Blade","Immolate","Flame Barrier+1"],"relics":["Burning Blood","Golden Idol","CeramicFish","Akabeko","White Beast Statue","Ginger"],"potions_floor_usage":[3,7,14,16,16],"damage_taken":[{"damage":11,"enemies":"Jaw Worm","floor":1,"turns":5},{"damage":4,"enemies":"2 Louse","floor":2,"turns":3},{"damage":0,"enemies":"Small Slimes","floor":3,"turns":4},{"damage":19,"enemies":"Blue Slaver","floor":5,"turns":4},{"damage":21,"enemies":"Lagavulin","floor":7,"turns":7},{"damage":37,"enemies":"Gremlin Nob","floor":11,"turns":4},{"damage":6,"enemies":"Looter","floor":13,"turns":3},{"damage":13,"enemies":"Lagavulin","floor":14,"turns":6},{"damage":23,"enemies":"Hexaghost","floor":16,"turns":8}],"seed_played":"-4577018783099156268","potions_obtained":[{"floor":1,"key":"SpeedPotion"},{"floor":2,"key":"Dexterity Potion"},{"floor":11,"key":"GamblersBrew"},{"floor":13,"key":"AttackPotion"},{"floor":14,"key":"Explosive Potion"}],"is_trial":false,"path_per_floor":["M","M","M","?","M","R","E","?","T","R","E","R","M","E","R","B"],"character_chosen":"IRONCLAD","items_purchased":[],"campfire_rested":2,"item_purchase_floors":[],"current_hp_per_floor":[63,65,71,45,32,32,17,17,17,39,8,30,30,23,23,0],"gold":244,"neow_bonus":"REMOVE_TWO","is_prod":false,"is_daily":false,"chose_seed":false,"campfire_upgraded":2,"win_rate":0,"timestamp":1571509873,"path_taken":["M","M","M","?","M","R","E","?","T","R","E","R","M","E","R","BOSS"],"build_version":"2019-10-18","purchased_purges":0,"victory":false,"max_hp_per_floor":[75,75,75,75,75,75,75,75,75,75,75,75,75,75,75,75],"card_choices":[{"not_picked":["Body Slam","Pommel Strike"],"picked":"Inflame","floor":1},{"not_picked":["Flex","Wild Strike"],"picked":"Heavy Blade","floor":2},{"not_picked":["Burning Pact","Clothesline"],"picked":"Immolate","floor":3},{"not_picked":["Havoc","Pommel Strike"],"picked":"Flame Barrier","floor":5},{"not_picked":["Iron Wave","Exhume","Rage"],"picked":"SKIP","floor":7},{"not_picked":["Searing Blow","Juggernaut","Clash"],"picked":"SKIP","floor":11},{"not_picked":["Pommel Strike","Infernal Blade","Burning Pact"],"picked":"SKIP","floor":13},{"not_picked":["Infernal Blade","Wild Strike","Pommel Strike"],"picked":"SKIP","floor":14}],"player_experience":1653927,"relics_obtained":[{"floor":7,"key":"CeramicFish"},{"floor":9,"key":"Akabeko"},{"floor":11,"key":"White Beast Statue"},{"floor":14,"key":"Ginger"}],"event_choices":[{"damage_healed":0,"gold_gain":0,"player_choice":"Take Damage","damage_taken":26,"relics_obtained":["Golden Idol"],"max_hp_gain":0,"max_hp_loss":0,"event_name":"Golden Idol","floor":4,"gold_loss":0},{"damage_healed":0,"gold_gain":0,"player_choice":"Ignored","damage_taken":0,"max_hp_gain":0,"max_hp_loss":0,"event_name":"Liars Game","floor":8,"gold_loss":0}],"is_beta":true,"boss_relics":[],"items_purged_floors":[],"is_endless":false,"potions_floor_spawned":[1,2,11,13,14],"killed_by":"Hexaghost","ascension_level":20}