{"gold_per_floor":[116,136,136,149,149,149,175,192,264,291,291,216,229,247,247,319,319,332,348,348,363,373,373,118,118,118,148,163,163],"floor_reached":29,"playtime":955,"items_purged":["Strike_R","Strike_R"],"score":554,"play_id":"974c3187-6ff8-4344-bc85-f35699c2b239","local_time":"20191014162007","is_ascension_mode":true,"campfire_choices":[{"data":"Spot Weakness","floor":6,"key":"SMITH"},{"data":"Armaments","floor":11,"key":"SMITH"},{"data":"Anger","floor":15,"key":"SMITH"},{"floor":23,"key":"REST"}],"neow_cost":"PERCENT_DAMAGE","seed_source_timestamp":342296175127100,"circlet_count":0,"master_deck":["AscendersBane","Strike_R","Defend_R","Defend_R","Defend_R","Bash","Anger+1","Spot Weakness+1","Sword Boomerang","Armaments+1","Immolate","Flame Barrier","Feel No Pain","Inflame","Limit Break","Battle Trance","Metallicize+1"],"relics":["Burning Blood","Turnip","StrikeDummy","Ancient Tea Set","Fusion Hammer","Pantograph","Potion Belt"],"potions_floor_usage":[7,10,13,16,25,27],"damage_taken":[{"damage":0,"enemies":"2 Louse","floor":1,"turns":4},{"damage":1,"enemies":"Cultist","floor":2,"turns":4},{"damage":4,"enemies":"Jaw Worm","floor":4,"turns":3},{"damage":25,"enemies":"Lagavulin","floor":7,"turns":6},{"damage":10,"enemies":"Gremlin Gang","floor":8,"turns":4},{"damage":8,"enemies":"Gremlin Nob","floor":10,"turns":3},{"damage":2,"enemies":"3 Louse","floor":13,"turns":2},{"damage":1,"enemies":"Looter","floor":14,"turns":4},{"damage":31,"enemies":"The Guardian","floor":16,"turns":12},{"damage":18,"enemies":"Chosen","floor":18,"turns":4},{"damage":14,"enemies":"Shell Parasite","floor":19,"turns":5},{"damage":27,"enemies":"Snake Plant","floor":21,"turns":3},{"damage":13,"enemies":"Centurion and Healer","floor":22,"turns":5},{"damage":0,"enemies":"Slavers","floor":25,"turns":1},{"damage":21,"enemies":"Book of Stabbing","floor":27,"turns":4},{"damage":19,"enemies":"3 Cultists","floor":28,"turns":4},{"damage":24,"enemies":"Snecko","floor":29,"turns":4}],"seed_played":"3205243597385040411","potions_obtained":[{"floor":2,"key":"PowerPotion"},{"floor":5,"key":"Ancient Potion"},{"floor":5,"key":"Strength Potion"},{"floor":7,"key":"Block Potion"},{"floor":10,"key":"Swift Potion"},{"floor":21,"key":"EssenceOfSteel"},{"floor":22,"key":"SmokeBomb"},{"floor":28,"key":"Strength Potion"}],"is_trial":false,"path_per_floor":["M","M","?","M","?","R","E","M","T","E","R","$","M","M","R","B",null,"M","M","?","M","M","R","$","E","T","E","M","M"],"character_chosen":"IRONCLAD","items_purchased":["Limit Break"],"campfire_rested":1,"item_purchase_floors":[24],"current_hp_per_floor":[56,61,61,63,63,63,44,40,40,38,38,38,42,47,47,22,62,50,42,42,21,14,36,36,42,42,27,14,0],"gold":163,"neow_bonus":"REMOVE_TWO","is_prod":false,"is_daily":false,"chose_seed":false,"campfire_upgraded":3,"win_rate":0,"timestamp":1571095207,"path_taken":["M","M","?","M","?","R","E","M","T","E","R","$","M","M","R","BOSS","M","?","?","M","M","R","$","E","T","E","M","?"],"build_version":"2019-10-14","purchased_purges":2,"victory":false,"max_hp_per_floor":[75,75,75,75,75,75,75,75,75,75,75,75,75,75,75,75,75,75,75,75,75,75,75,75,75,75,75,75,75],"card_choices":[{"not_picked":["Corruption","Clothesline"],"picked":"Anger","floor":1},{"not_picked":["Flex","Searing Blow"],"picked":"Spot Weakness","floor":2},{"not_picked":["Intimidate","Twin Strike"],"picked":"Sword Boomerang","floor":4},{"not_picked":["Dual Wield","Body Slam","Havoc"],"picked":"SKIP","floor":7},{"not_picked":["Armaments","Entrench","Pommel Strike"],"picked":"SKIP","floor":8},{"not_picked":["Entrench","Pommel Strike"],"picked":"Armaments","floor":8},{"not_picked":["Bludgeon","Clash","Hemokinesis"],"picked":"SKIP","floor":10},{"not_picked":["Anger","Armaments","Pommel Strike"],"picked":"SKIP","floor":13},{"not_picked":["Flex","Thunderclap","Perfected Strike"],"picked":"SKIP","floor":14},{"not_picked":["Fiend Fire","Juggernaut"],"picked":"Immolate","floor":16},{"not_picked":["True Grit","Shockwave"],"picked":"Flame Barrier","floor":18},{"not_picked":["Clash","Second Wind"],"picked":"Feel No Pain","floor":19},{"not_picked":["Thunderclap","Pummel"],"picked":"Inflame","floor":21},{"not_picked":["Intimidate","Flex","Perfected Strike+1"],"picked":"SKIP","floor":22},{"not_picked":["True Grit","Anger"],"picked":"Battle Trance","floor":27},{"not_picked":["Shockwave","Inflame"],"picked":"Metallicize+1","floor":28}],"player_experience":1568966,"relics_obtained":[{"floor":7,"key":"Turnip"},{"floor":9,"key":"StrikeDummy"},{"floor":10,"key":"Ancient Tea Set"},{"floor":26,"key":"Pantograph"},{"floor":27,"key":"Potion Belt"}],"event_choices":[{"cards_removed":["Strike_R"],"damage_healed":0,"gold_gain":0,"player_choice":"Forget","damage_taken":0,"max_hp_gain":0,"max_hp_loss":0,"event_name":"Living Wall","floor":3,"gold_loss":0},{"damage_healed":0,"gold_gain":0,"player_choice":"Got Potions","damage_taken":0,"max_hp_gain":0,"max_hp_loss":0,"event_name":"Lab","floor":5,"gold_loss":0},{"damage_healed":0,"gold_gain":0,"player_choice":"0 cards matched","damage_taken":0,"max_hp_gain":0,"max_hp_loss":0,"event_name":"Match and Keep!","floor":20,"gold_loss":0,"cards_obtained":[]}],"is_beta":true,"boss_relics":[{"not_picked":["Philosopher\u0027s Stone","Ectoplasm"],"picked":"Fusion Hammer"}],"items_purged_floors":[12,24],"is_endless":false,"potions_floor_spawned":[2,7,10,21,22,25,28],"killed_by":"Snecko","ascension_level":20}