{"gold_per_floor":[109,64,78,78,97,130,130,140,165,182,217,232,261,276,276,372,372,383,458,113,129,148,177,190,190,258,270,270,288,322,48,48,147,147,164,177,188,46,1045,1045,714,729,729,741,741,334,334,344,344,344],"floor_reached":51,"playtime":2676,"items_purged":["Normality","Normality"],"score":863,"play_id":"3b880701-a0d2-46a5-aae6-f60469091b4f","local_time":"20190925232509","is_ascension_mode":false,"campfire_choices":[{"data":"Anger","floor":7,"key":"SMITH"},{"data":"Flex","floor":15,"key":"SMITH"},{"data":"Pommel Strike","floor":25,"key":"SMITH"},{"data":"Perfected Strike","floor":28,"key":"SMITH"},{"data":"Bash","floor":32,"key":"SMITH"},{"data":"Clothesline","floor":40,"key":"SMITH"},{"data":"Pommel Strike","floor":47,"key":"SMITH"},{"data":"Anger","floor":49,"key":"SMITH"}],"neow_cost":"NONE","seed_source_timestamp":485734967514800,"circlet_count":0,"master_deck":["Strike_R+1","Strike_R+1","Strike_R","Strike_R","Strike_R","Defend_R","Defend_R","Defend_R","Defend_R","Bash+1","Anger+1","Shrug It Off","Thunderclap","Anger+1","Pommel Strike+1","Flex+1","Wild Strike","Twin Strike","Body Slam+1","Headbutt","Wild Strike+1","Pommel Strike+1","Perfected Strike+1","Clothesline+1","Clash","True Grit","Iron Wave+1","Iron Wave+1","Cleave","Regret","Thunderclap+1"],"relics":["Burning Blood","Whetstone","Thread and Needle","Darkstone Periapt","Ancient Tea Set","Potion Belt","Lantern","Cursed Key","Membership Card","Paper Frog","Omamori","Bottled Lightning","Regal Pillow","Orichalcum","Incense Burner","Lizard Tail","Medical Kit","Tiny Chest","Lee\u0027s Waffle","Blood Vial","Bag of Preparation","Juzu Bracelet","Mummified Hand","Pen Nib","Turnip","ClockworkSouvenir"],"potions_floor_usage":[13,18,23,27,30,30,33,37,50,50,50,50,50,50,50,50,50],"damage_taken":[{"damage":0,"enemies":"Cultist","floor":1,"turns":2},{"damage":3,"enemies":"Jaw Worm","floor":3,"turns":2},{"damage":1,"enemies":"2 Louse","floor":5,"turns":2},{"damage":16,"enemies":"Lagavulin","floor":6,"turns":5},{"damage":0,"enemies":"Blue Slaver","floor":8,"turns":3},{"damage":0,"enemies":"2 Fungi Beasts","floor":10,"turns":2},{"damage":13,"enemies":"3 Sentries","floor":11,"turns":6},{"damage":4,"enemies":"Lots of Slimes","floor":12,"turns":3},{"damage":2,"enemies":"Gremlin Nob","floor":13,"turns":3},{"damage":0,"enemies":"Looter","floor":14,"turns":2},{"damage":25,"enemies":"Slime Boss","floor":16,"turns":8},{"damage":3,"enemies":"2 Thieves","floor":18,"turns":3},{"damage":8,"enemies":"Shell Parasite","floor":21,"turns":2},{"damage":1,"enemies":"Centurion and Healer","floor":22,"turns":4},{"damage":28,"enemies":"Gremlin Leader","floor":23,"turns":4},{"damage":12,"enemies":"Snake Plant","floor":24,"turns":3},{"damage":8,"enemies":"3 Cultists","floor":27,"turns":4},{"damage":6,"enemies":"Centurion and Healer","floor":29,"turns":2},{"damage":16,"enemies":"Book of Stabbing","floor":30,"turns":3},{"damage":47,"enemies":"Automaton","floor":33,"turns":11},{"damage":45,"enemies":"3 Darklings","floor":35,"turns":10},{"damage":0,"enemies":"3 Shapes","floor":36,"turns":2},{"damage":0,"enemies":"Sphere and 2 Shapes","floor":37,"turns":3},{"damage":7,"enemies":"Spire Growth","floor":42,"turns":5},{"damage":2,"enemies":"Transient","floor":44,"turns":5},{"damage":0,"enemies":"Writhing Mass","floor":48,"turns":2},{"damage":28,"enemies":"Donu and Deca","floor":50,"turns":6}],"seed_played":"313817611267880251","potions_obtained":[{"floor":3,"key":"BloodPotion"},{"floor":5,"key":"FearPotion"},{"floor":10,"key":"LiquidBronze"},{"floor":12,"key":"Explosive Potion"},{"floor":13,"key":"BloodPotion"},{"floor":18,"key":"Regen Potion"},{"floor":22,"key":"AttackPotion"},{"floor":24,"key":"PowerPotion"},{"floor":30,"key":"SpeedPotion"},{"floor":33,"key":"Weak Potion"},{"floor":36,"key":"Swift Potion"},{"floor":37,"key":"PowerPotion"}],"is_trial":false,"path_per_floor":["M","$","M","T","M","E","R","M","T","M","E","M","E","M","R","B",null,"M","?","$","M","M","E","M","R","T","M","R","M","E","$","R","B",null,"M","M","M","$","?","R","$","M","T","M","T","$","R","M","R","B",null],"character_chosen":"IRONCLAD","items_purchased":["Shrug It Off","Membership Card","Paper Frog","Headbutt","Orichalcum","Incense Burner","Clash","True Grit","Medical Kit","Tiny Chest","Lee\u0027s Waffle","Blood Vial","Bag of Preparation","EntropicBrew","Pen Nib","Turnip","ClockworkSouvenir","EssenceOfSteel"],"campfire_rested":0,"item_purchase_floors":[2,20,20,20,31,31,31,31,38,38,41,41,41,41,46,46,46,46],"current_hp_per_floor":[80,80,80,80,80,70,70,76,76,80,73,75,79,80,80,61,80,80,72,72,70,75,53,47,47,47,65,65,65,64,64,64,23,80,41,47,53,53,59,59,93,92,98,99,105,105,105,105,105,105],"gold":344,"neow_bonus":"RANDOM_COMMON_RELIC","is_prod":false,"is_daily":false,"chose_seed":false,"campfire_upgraded":8,"win_rate":0,"timestamp":1569446709,"path_taken":["M","$","M","?","?","E","R","M","T","M","E","M","E","M","R","BOSS","M","?","$","M","M","E","M","R","T","M","R","M","E","$","R","BOSS","M","?","M","$","?","R","$","M","T","M","?","$","R","M","R","BOSS"],"build_version":"2019-07-17","purchased_purges":2,"victory":true,"max_hp_per_floor":[80,80,80,80,80,80,80,80,80,80,80,80,80,80,80,80,80,80,80,80,80,80,80,80,80,80,80,80,80,80,80,80,80,80,80,80,80,80,86,86,93,93,99,99,105,105,105,105,105,105],"card_choices":[{"not_picked":["Cleave","Havoc"],"picked":"Anger","floor":1},{"not_picked":["Combust","Pummel"],"picked":"Thunderclap","floor":3},{"not_picked":["Rupture","Warcry"],"picked":"Anger","floor":5},{"not_picked":["Power Through","Spot Weakness","Immolate"],"picked":"SKIP","floor":6},{"not_picked":["Cleave","Corruption"],"picked":"Pommel Strike","floor":8},{"not_picked":["Evolve","Havoc","Armaments"],"picked":"SKIP","floor":10},{"not_picked":["Warcry","Thunderclap"],"picked":"Flex","floor":11},{"not_picked":["Bloodletting","Intimidate"],"picked":"Wild Strike","floor":12},{"not_picked":["Impervious","Havoc","Metallicize"],"picked":"SKIP","floor":13},{"not_picked":["Carnage","Sword Boomerang"],"picked":"Twin Strike","floor":14},{"not_picked":["Armaments","Metallicize"],"picked":"Body Slam+1","floor":18},{"not_picked":["Heavy Blade","Second Wind"],"picked":"Wild Strike+1","floor":21},{"not_picked":["Anger","Heavy Blade+1"],"picked":"Pommel Strike","floor":22},{"not_picked":["Juggernaut","Intimidate","Twin Strike"],"picked":"SKIP","floor":23},{"not_picked":["Twin Strike","Havoc","Flame Barrier"],"picked":"SKIP","floor":24},{"not_picked":["Twin Strike","Havoc","Flame Barrier"],"picked":"SKIP","floor":24},{"not_picked":["Havoc","Sword Boomerang"],"picked":"Perfected Strike","floor":27},{"not_picked":["Clash","Warcry"],"picked":"Clothesline","floor":29},{"not_picked":["Sentinel+1","Evolve","Bludgeon"],"picked":"SKIP","floor":30},{"not_picked":["Shockwave","Anger"],"picked":"Iron Wave+1","floor":35},{"not_picked":["Warcry","Wild Strike+1"],"picked":"Iron Wave+1","floor":36},{"not_picked":["Havoc","True Grit"],"picked":"Cleave","floor":37},{"not_picked":["True Grit+1","Shockwave+1","Entrench+1"],"picked":"SKIP","floor":42},{"not_picked":["Demon Form","Headbutt","Disarm"],"picked":"SKIP","floor":44},{"not_picked":["Havoc+1","Fire Breathing+1"],"picked":"Thunderclap+1","floor":48}],"player_experience":253364,"relics_obtained":[{"floor":4,"key":"Thread and Needle"},{"floor":6,"key":"Darkstone Periapt"},{"floor":9,"key":"Ancient Tea Set"},{"floor":11,"key":"Potion Belt"},{"floor":13,"key":"Lantern"},{"floor":23,"key":"Omamori"},{"floor":26,"key":"Bottled Lightning"},{"floor":30,"key":"Regal Pillow"},{"floor":43,"key":"Juzu Bracelet"},{"floor":45,"key":"Mummified Hand"}],"event_choices":[{"damage_healed":0,"gold_gain":75,"player_choice":"Touch","damage_taken":8,"max_hp_gain":0,"max_hp_loss":0,"event_name":"FaceTrader","floor":19,"gold_loss":0},{"damage_healed":0,"gold_gain":999,"player_choice":"Gold","damage_taken":0,"max_hp_gain":0,"max_hp_loss":0,"event_name":"MindBloom","floor":39,"gold_loss":0,"cards_obtained":["Normality","Normality"]}],"is_beta":false,"boss_relics":[{"not_picked":["Sozu","Fusion Hammer"],"picked":"Cursed Key"},{"not_picked":["Runic Pyramid","Snecko Eye"],"picked":"Lizard Tail"}],"items_purged_floors":[41,46],"is_endless":false,"potions_floor_spawned":[3,5,10,12,13,18,22,24,30,33,36,37],"ascension_level":0}