{"gold_per_floor":[20,39,39,39,54,54,54,85,166,166,183,214,52,81,81,81],"floor_reached":16,"playtime":407,"items_purged":["Strike_R"],"score":236,"play_id":"8a0f2be0-4308-42ed-8467-29fc61a6b856","local_time":"20191014120827","is_ascension_mode":true,"campfire_choices":[{"data":"Sword Boomerang","floor":6,"key":"SMITH"},{"data":"Anger","floor":10,"key":"SMITH"},{"data":"Rage","floor":15,"key":"SMITH"}],"neow_cost":"NO_GOLD","seed_source_timestamp":327742281139500,"circlet_count":0,"master_deck":["AscendersBane","Strike_R","Strike_R","Strike_R","Strike_R","Defend_R+1","Defend_R","Defend_R","Defend_R","Bash+1","Wild Strike+1","Sword Boomerang+1","Anger+1","Rage+1","Metallicize+1"],"relics":["Burning Blood","Torii","Sundial","Frozen Egg 2","Question Card","Pear"],"potions_floor_usage":[14,14,16],"damage_taken":[{"damage":1,"enemies":"Small Slimes","floor":1,"turns":4},{"damage":0,"enemies":"2 Louse","floor":2,"turns":3},{"damage":2,"enemies":"Jaw Worm","floor":5,"turns":3},{"damage":35,"enemies":"3 Sentries","floor":8,"turns":9},{"damage":8,"enemies":"Lots of Slimes","floor":11,"turns":5},{"damage":28,"enemies":"Gremlin Nob","floor":12,"turns":4},{"damage":7,"enemies":"Lagavulin","floor":14,"turns":5},{"damage":34,"enemies":"The Guardian","floor":16,"turns":11}],"seed_played":"-1645034359063368513","potions_obtained":[{"floor":2,"key":"Dexterity Potion"},{"floor":12,"key":"FearPotion"},{"floor":14,"key":"EssenceOfSteel"}],"is_trial":false,"path_per_floor":["M","M","?","?","M","R","?","E","T","R","M","E","$","E","R","B"],"character_chosen":"IRONCLAD","items_purchased":["Regen Potion"],"campfire_rested":0,"item_purchase_floors":[13],"current_hp_per_floor":[73,75,52,52,56,56,61,32,32,32,30,8,8,31,31,0],"gold":81,"neow_bonus":"ONE_RARE_RELIC","is_prod":false,"is_daily":false,"chose_seed":false,"campfire_upgraded":3,"win_rate":0,"timestamp":1571080107,"path_taken":["M","M","?","?","M","R","?","E","T","R","M","E","?","E","R","BOSS"],"build_version":"2019-10-11","purchased_purges":1,"victory":false,"max_hp_per_floor":[75,75,75,75,75,75,80,80,80,80,80,80,80,90,90,90],"card_choices":[{"not_picked":["Flex","Havoc"],"picked":"Wild Strike","floor":1},{"not_picked":["Infernal Blade","Havoc","Twin Strike"],"picked":"SKIP","floor":2},{"not_picked":["Sentinel","Cleave"],"picked":"Sword Boomerang","floor":5},{"not_picked":["Twin Strike","Fire Breathing"],"picked":"Anger","floor":8},{"not_picked":["Second Wind","Hemokinesis"],"picked":"Rage","floor":11},{"not_picked":["Whirlwind","Exhume","Rampage"],"picked":"SKIP","floor":12},{"not_picked":["Sword Boomerang","Berserk+1","Rampage"],"picked":"Metallicize+1","floor":14}],"player_experience":1562715,"relics_obtained":[{"floor":8,"key":"Sundial"},{"floor":9,"key":"Frozen Egg 2"},{"floor":12,"key":"Question Card"},{"floor":14,"key":"Pear"}],"event_choices":[{"damage_healed":0,"gold_gain":0,"player_choice":"Entered Light","damage_taken":23,"max_hp_gain":0,"max_hp_loss":0,"event_name":"Shining Light","floor":3,"gold_loss":0,"cards_upgraded":["Defend_R","Bash"]},{"damage_healed":0,"gold_gain":0,"player_choice":"Grow","damage_taken":0,"max_hp_gain":0,"max_hp_loss":0,"event_name":"Living Wall","floor":4,"gold_loss":0,"cards_upgraded":["Wild Strike"]},{"damage_healed":0,"gold_gain":0,"player_choice":"Donut","damage_taken":0,"max_hp_gain":5,"max_hp_loss":0,"event_name":"Big Fish","floor":7,"gold_loss":0}],"is_beta":true,"boss_relics":[],"items_purged_floors":[13],"is_endless":false,"potions_floor_spawned":[2,12,14],"killed_by":"The Guardian","ascension_level":20}