{"gold_per_floor":[118,118,130,140,156,156,168,168,168,227,227,262,327,18,18,119,119,105,124,124,142,13,48,48],"floor_reached":24,"playtime":1612,"items_purged":[],"score":294,"play_id":"6b3e6fa6-83d4-475c-a05e-2e1bc541c499","local_time":"20190630190123","is_ascension_mode":true,"campfire_choices":[{"floor":6.0,"key":"REST"},{"data":"Caltrops","floor":8.0,"key":"SMITH"},{"floor":11.0,"key":"REST"},{"floor":15.0,"key":"REST"}],"neow_cost":"NONE","seed_source_timestamp":464832158039563,"circlet_count":0,"master_deck":["Defend_G","Defend_G","Defend_G","Defend_G","Defend_G","Strike_G","Strike_G","Strike_G","Survivor","Neutralize","Deadly Poison","Dodge and Roll","Caltrops+1","Crippling Poison","Prepared","Dodge and Roll","Deadly Poison","Tools of the Trade","PiercingWail","After Image","Footwork"],"special_seed":0,"relics":["Eternal Feather","Bottled Flame","Tiny Chest","Mango","Gremlin Horn","Lantern","Velvet Choker","PreservedInsect"],"potions_floor_usage":[],"damage_taken":[{"damage":4.0,"enemies":"Jaw Worm","floor":1.0,"turns":5.0},{"damage":1.0,"enemies":"2 Louse","floor":3.0,"turns":3.0},{"damage":0.0,"enemies":"Cultist","floor":4.0,"turns":4.0},{"damage":29.0,"enemies":"Large Slime","floor":5.0,"turns":8.0},{"damage":11.0,"enemies":"Exordium Thugs","floor":7.0,"turns":7.0},{"damage":26.0,"enemies":"3 Sentries","floor":10.0,"turns":12.0},{"damage":28.0,"enemies":"Lagavulin","floor":12.0,"turns":7.0},{"damage":33.0,"enemies":"Gremlin Nob","floor":13.0,"turns":5.0},{"damage":46.0,"enemies":"Slime Boss","floor":16.0,"turns":17.0},{"damage":10.0,"enemies":"2 Thieves","floor":18.0,"turns":4.0},{"damage":21.0,"enemies":"Spheric Guardian","floor":19.0,"turns":5.0},{"damage":21.0,"enemies":"Snake Plant","floor":21.0,"turns":5.0},{"damage":1.0,"enemies":"Book of Stabbing","floor":23.0,"turns":7.0},{"damage":14,"enemies":"3 Cultists","floor":24,"turns":4}],"seed_played":"5397880767553846729","potions_obtained":[{"floor":3.0,"key":"Swift Potion"},{"floor":7.0,"key":"Weak Potion"},{"floor":10.0,"key":"Explosive Potion"},{"floor":12.0,"key":"FearPotion"},{"floor":19.0,"key":"Poison Potion"},{"floor":21.0,"key":"SkillPotion"}],"is_trial":false,"path_per_floor":["M","?","M","M","M","R","M","R","T","E","R","E","?","$","R","B",null,"M","M","?","M","$","E","M"],"character_chosen":"THE_SILENT","items_purchased":["Regen Potion","Lantern","GhostInAJar","Footwork","Poison Potion"],"campfire_rested":3,"item_purchase_floors":[14,14,14,22,22],"current_hp_per_floor":[59,52,51,51,22,52,41,50,50,24,54,40,7,7,41,10,66,56,35,35,14,14,13,0],"gold":48,"neow_bonus":"BOSS_RELIC","is_prod":false,"is_daily":false,"chose_seed":false,"campfire_upgraded":1,"win_rate":0,"timestamp":1561946483,"path_taken":["M","?","M","M","M","R","M","R","T","E","R","E","?","?","R","BOSS","M","M","?","?","$","E","M"],"build_version":"2019-01-23","purchased_purges":0,"victory":false,"max_hp_per_floor":[70,70,70,70,70,70,70,70,70,70,70,84,84,84,84,84,84,84,84,84,84,84,84,84],"card_choices":[{"not_picked":["Flying Knee","Accuracy"],"picked":"Deadly Poison","floor":1.0},{"not_picked":["Reflex","Quick Slash"],"picked":"Dodge and Roll","floor":3.0},{"not_picked":["Sucker Punch","Predator"],"picked":"Caltrops","floor":4.0},{"not_picked":["Cloak And Dagger","Concentrate"],"picked":"Crippling Poison","floor":5.0},{"not_picked":["Unload","Poisoned Stab","Leg Sweep"],"picked":"SKIP","floor":7.0},{"not_picked":["Dagger Throw","Acrobatics"],"picked":"Prepared","floor":10.0},{"not_picked":["Dash","Grand Finale"],"picked":"Dodge and Roll","floor":12.0},{"not_picked":["Poisoned Stab","Calculated Gamble"],"picked":"Deadly Poison","floor":13.0},{"not_picked":["Burst","Phantasmal Killer"],"picked":"Tools of the Trade","floor":16.0},{"not_picked":["Cloak And Dagger","Endless Agony"],"picked":"PiercingWail","floor":18.0},{"not_picked":["All Out Attack","Heel Hook","Sucker Punch"],"picked":"SKIP","floor":19.0},{"not_picked":["Infinite Blades","Outmaneuver","Riddle With Holes+1"],"picked":"SKIP","floor":21.0},{"not_picked":["Cloak And Dagger","Caltrops","Underhanded Strike"],"picked":"SKIP","floor":23.0}],"player_experience":101859,"relics_obtained":[{"floor":9.0,"key":"Bottled Flame"},{"floor":10.0,"key":"Tiny Chest"},{"floor":12.0,"key":"Mango"},{"floor":13.0,"key":"Gremlin Horn"},{"floor":23.0,"key":"PreservedInsect"}],"event_choices":[{"cards_removed":["Strike_G"],"damage_healed":0.0,"max_hp_gain":0.0,"max_hp_loss":0.0,"gold_gain":0.0,"event_name":"Golden Wing","player_choice":"Card Removal","floor":2.0,"gold_loss":0.0,"damage_taken":7.0},{"damage_healed":0.0,"max_hp_gain":0.0,"max_hp_loss":0.0,"gold_gain":0.0,"event_name":"Dead Adventurer","player_choice":"Searched \u00272\u0027 times","floor":13.0,"gold_loss":0.0,"damage_taken":0.0},{"damage_healed":0.0,"max_hp_gain":0.0,"max_hp_loss":0.0,"gold_gain":0.0,"cards_transformed":["Strike_G"],"event_name":"Transmorgrifier","player_choice":"Transformed","floor":20.0,"gold_loss":0.0,"damage_taken":0.0,"cards_obtained":["After Image"]}],"is_beta":false,"boss_relics":[{"not_picked":["WristBlade","White Beast Statue"],"picked":"Velvet Choker"}],"items_purged_floors":[],"is_endless":false,"potions_floor_spawned":[3,7,10,12,19,21],"killed_by":"3 Cultists","ascension_level":6}