{"gold_per_floor":[113,129,147,322,79,173,223,74,74,104,156,431,469,469,469,469],"floor_reached":16,"playtime":1090,"items_purged":["Doubt","Strike_G"],"score":112,"play_id":"6f5d95f5-5e7d-4fa7-8699-c97f938465dc","local_time":"20190625190111","is_ascension_mode":true,"campfire_choices":[{"floor":15,"key":"REST"}],"neow_cost":"TEN_PERCENT_HP_LOSS","seed_source_timestamp":35800296197035,"circlet_count":0,"master_deck":["Defend_G","Defend_G","Defend_G","Defend_G","Defend_G","Strike_G","Strike_G","Survivor","Neutralize","HandOfGreed","Backflip","Acrobatics","Regret","Tools of the Trade"],"relics":["Ring of the Snake","Matryoshka","Oddly Smooth Stone","Peace Pipe","Golden Idol"],"potions_floor_usage":[13,16,16],"damage_taken":[{"damage":9,"enemies":"Cultist","floor":1,"turns":6},{"damage":0,"enemies":"2 Louse","floor":2,"turns":3},{"damage":0,"enemies":"Small Slimes","floor":3,"turns":6},{"damage":34,"enemies":"3 Sentries","floor":6,"turns":14},{"damage":11,"enemies":"Exordium Thugs","floor":7,"turns":7},{"damage":3,"enemies":"2 Fungi Beasts","floor":11,"turns":3},{"damage":2,"enemies":"Looter","floor":13,"turns":4},{"damage":23,"enemies":"Hexaghost","floor":16,"turns":16}],"seed_played":"4490311445562700888","potions_obtained":[{"floor":6,"key":"AttackPotion"},{"floor":13,"key":"Energy Potion"}],"is_trial":false,"path_per_floor":["M","M","M","?","$","E","M","$","T","?","M","?","M","?","R","B"],"character_chosen":"THE_SILENT","items_purchased":["HandOfGreed","Swift Potion"],"campfire_rested":1,"item_purchase_floors":[5,8],"current_hp_per_floor":[54,54,54,54,54,20,9,9,9,9,6,6,4,4,21,0],"gold":469,"neow_bonus":"REMOVE_TWO","is_prod":false,"is_daily":false,"chose_seed":false,"campfire_upgraded":0,"win_rate":0,"timestamp":1561514471,"path_taken":["M","M","M","?","$","E","M","$","T","?","M","?","?","?","R","BOSS"],"build_version":"2019-01-23","purchased_purges":2,"victory":false,"max_hp_per_floor":[63,63,63,63,63,63,63,63,63,63,63,63,63,58,58,58],"card_choices":[{"not_picked":["Underhanded Strike","Cloak And Dagger","Blade Dance"],"picked":"SKIP","floor":1},{"not_picked":["Endless Agony","Bouncing Flask","Choke"],"picked":"SKIP","floor":2},{"not_picked":["Distraction","Heel Hook","Sucker Punch"],"picked":"SKIP","floor":3},{"not_picked":["Cloak And Dagger","Underhanded Strike","Infinite Blades"],"picked":"SKIP","floor":6},{"not_picked":["Tactician","Underhanded Strike"],"picked":"Backflip","floor":7},{"not_picked":["Blade Dance","Cloak And Dagger"],"picked":"Acrobatics","floor":11},{"not_picked":["Backstab","Bouncing Flask"],"picked":"Tools of the Trade","floor":13}],"player_experience":64612,"relics_obtained":[{"floor":6,"key":"Matryoshka"},{"floor":9,"key":"Oddly Smooth Stone"},{"floor":9,"key":"Peace Pipe"}],"event_choices":[{"damage_healed":0,"gold_gain":175,"player_choice":"AGREE","damage_taken":0,"max_hp_gain":0,"max_hp_loss":0,"event_name":"Liars Game","floor":4,"gold_loss":0,"cards_obtained":["Doubt"]},{"damage_healed":0,"gold_gain":30,"player_choice":"Searched \u00271\u0027 times","damage_taken":0,"max_hp_gain":0,"max_hp_loss":0,"event_name":"Dead Adventurer","floor":10,"gold_loss":0},{"damage_healed":0,"gold_gain":275,"player_choice":"Desecrate","damage_taken":0,"max_hp_gain":0,"max_hp_loss":0,"event_name":"Golden Shrine","floor":12,"gold_loss":0,"cards_obtained":["Regret"]},{"damage_healed":0,"gold_gain":0,"player_choice":"Lose Max HP","damage_taken":0,"relics_obtained":["Golden Idol"],"max_hp_gain":0,"max_hp_loss":5,"event_name":"Golden Idol","floor":14,"gold_loss":0}],"is_beta":false,"boss_relics":[],"items_purged_floors":[5,8],"is_endless":false,"potions_floor_spawned":[6,13],"killed_by":"Hexaghost","ascension_level":2}