{"gold_per_floor":[118,134,149,163,163,197,177,211,211,225,225,54,70,95,95,174,174,193,193,207,132,151,177,177,192,217,249,281,79,79,79,79,157,157,175,28,28,44,59,86,86,118,118,131,166,194,209,221,221,221,221],"floor_reached":52,"playtime":2384,"items_purged":["Strike_R","Warcry+1"],"score":2354,"play_id":"5e627be8-9ec2-4a4a-9018-87de910c737f","local_time":"20191019123321","is_ascension_mode":true,"campfire_choices":[{"data":"Apotheosis","floor":11,"key":"SMITH"},{"floor":15,"key":"REST"},{"floor":24,"key":"REST"},{"floor":32,"key":"REST"},{"floor":41,"key":"REST"},{"floor":49,"key":"REST"}],"neow_cost":"TEN_PERCENT_HP_LOSS","seed_source_timestamp":401291679252300,"circlet_count":0,"master_deck":["AscendersBane","Strike_R","Strike_R","Strike_R","Strike_R","Defend_R","Defend_R","Defend_R","Defend_R","Bash","Apotheosis+1","Shrug It Off","Wild Strike","Seeing Red","Combust+1","Impervious","Shrug It Off+1","Shockwave+1","Feed","Evolve","Dual Wield+1","Discovery+1","Dark Embrace","Entrench+1","Corruption","Shrug It Off+1","Body Slam","Body Slam"],"relics":["Burning Blood","Bottled Lightning","Toxic Egg 2","Incense Burner","Strange Spoon","Pear","Snecko Eye","Letter Opener","PreservedInsect","Strawberry","WingedGreaves","Lantern","Sozu","Bronze Scales","Oddly Smooth Stone","Blue Candle","Bottled Tornado","Vajra"],"potions_floor_usage":[4,6,14,16,28,40],"damage_taken":[{"damage":0,"enemies":"Cultist","floor":1,"turns":4},{"damage":4,"enemies":"Jaw Worm","floor":2,"turns":4},{"damage":2,"enemies":"2 Louse","floor":3,"turns":4},{"damage":11,"enemies":"Lots of Slimes","floor":4,"turns":5},{"damage":15,"enemies":"3 Sentries","floor":6,"turns":5},{"damage":7,"enemies":"Lagavulin","floor":8,"turns":7},{"damage":4,"enemies":"Large Slime","floor":10,"turns":4},{"damage":14,"enemies":"Red Slaver","floor":13,"turns":3},{"damage":18,"enemies":"Gremlin Nob","floor":14,"turns":4},{"damage":6,"enemies":"Slime Boss","floor":16,"turns":6},{"damage":15,"enemies":"Shell Parasite","floor":18,"turns":4},{"damage":3,"enemies":"Spheric Guardian","floor":20,"turns":4},{"damage":29,"enemies":"Cultist and Chosen","floor":22,"turns":11},{"damage":10,"enemies":"Gremlin Leader","floor":23,"turns":5},{"damage":15,"enemies":"Snecko","floor":25,"turns":6},{"damage":23,"enemies":"Book of Stabbing","floor":27,"turns":4},{"damage":19,"enemies":"Gremlin Leader","floor":28,"turns":7},{"damage":68,"enemies":"Automaton","floor":33,"turns":14},{"damage":0,"enemies":"Orb Walker","floor":35,"turns":3},{"damage":3,"enemies":"3 Darklings","floor":38,"turns":4},{"damage":0,"enemies":"Sphere and 2 Shapes","floor":39,"turns":5},{"damage":38,"enemies":"Nemesis","floor":40,"turns":7},{"damage":4,"enemies":"Reptomancer","floor":42,"turns":5},{"damage":6,"enemies":"Writhing Mass","floor":44,"turns":7},{"damage":6,"enemies":"Nemesis","floor":45,"turns":3},{"damage":22,"enemies":"Reptomancer","floor":46,"turns":6},{"damage":0,"enemies":"Spire Growth","floor":47,"turns":3},{"damage":0,"enemies":"Maw","floor":48,"turns":6},{"damage":34,"enemies":"Donu and Deca","floor":50,"turns":7},{"damage":27,"enemies":"Time Eater","floor":51,"turns":5}],"seed_played":"-2151807951395380740","potions_obtained":[{"floor":1,"key":"Strength Potion"},{"floor":3,"key":"Fire Potion"},{"floor":7,"key":"HeartOfIron"},{"floor":13,"key":"Fire Potion"},{"floor":18,"key":"ElixirPotion"},{"floor":20,"key":"FairyPotion"},{"floor":25,"key":"DistilledChaos"},{"floor":33,"key":"Regen Potion"}],"is_trial":false,"path_per_floor":["M","M","M","M","?","E","?","E","T","M","R","$","M","E","R","B",null,"M","?","M","$","M","E","R","M","T","E","E","$","?","?","R","B",null,"M","$","?","M","M","E","R","E","T","M","E","E","M","M","R","B","B",null],"character_chosen":"IRONCLAD","items_purchased":["Strange Spoon","Discovery+1","Corruption","Shrug It Off+1"],"campfire_rested":5,"item_purchase_floors":[12,29,36,36],"current_hp_per_floor":[68,68,68,63,68,59,59,58,58,60,60,60,52,50,74,74,81,76,76,79,79,60,60,88,79,86,69,56,56,25,25,57,37,90,100,100,100,103,121,98,123,127,127,127,127,115,121,131,135,111,90],"gold":221,"neow_bonus":"RANDOM_COLORLESS_2","is_prod":false,"is_daily":false,"chose_seed":false,"campfire_upgraded":1,"win_rate":0,"timestamp":1571513601,"path_taken":["M","M","?","M","?","E","?","E","T","M","R","$","M","E","R","BOSS","M","?","?","$","M","E","R","M","T","E","E","$","?","?","R","BOSS","M","?","?","M","M","E","R","E","T","?","E","E","M","M","R","BOSS","BOSS"],"build_version":"2019-10-18","purchased_purges":2,"victory":true,"max_hp_per_floor":[68,68,68,68,73,73,73,73,73,73,73,73,73,83,83,83,83,87,87,87,87,91,95,95,95,102,102,102,102,107,107,107,107,107,111,111,111,111,123,123,123,127,127,127,127,131,131,135,135,139,139],"card_choices":[{"not_picked":["Mayhem","HandOfGreed"],"picked":"Apotheosis","floor":0},{"not_picked":["Body Slam","Heavy Blade"],"picked":"Shrug It Off","floor":1},{"not_picked":["Iron Wave","Bloodletting"],"picked":"Wild Strike","floor":2},{"not_picked":["Iron Wave","Dropkick"],"picked":"Seeing Red","floor":3},{"not_picked":["Bloodletting","True Grit"],"picked":"Combust","floor":4},{"not_picked":["Dark Embrace","Iron Wave"],"picked":"Impervious","floor":6},{"not_picked":["Sword Boomerang","Clash","Combust"],"picked":"SKIP","floor":8},{"not_picked":["Twin Strike","Bloodletting+1"],"picked":"Warcry+1","floor":10},{"not_picked":["Flex+1","Fire Breathing"],"picked":"Shrug It Off+1","floor":13},{"not_picked":["Inflame","Limit Break+1"],"picked":"Shockwave+1","floor":14},{"not_picked":["Fiend Fire","Demon Form"],"picked":"Feed","floor":16},{"not_picked":["Clothesline","Reckless Charge","Perfected Strike"],"picked":"SKIP","floor":18},{"not_picked":["Armaments+1","Seeing Red+1","Flex+1"],"picked":"SKIP","floor":20},{"not_picked":["Flex+1","Wild Strike","Reckless Charge"],"picked":"SKIP","floor":22},{"not_picked":["Anger","Clothesline","Uppercut"],"picked":"SKIP","floor":23},{"not_picked":["Sword Boomerang","Heavy Blade+1"],"picked":"Evolve","floor":25},{"not_picked":["Anger","Clothesline"],"picked":"Dual Wield+1","floor":27},{"not_picked":["Warcry+1","Carnage","Body Slam+1"],"picked":"SKIP","floor":28},{"not_picked":["Offering+1","Feed"],"picked":"Dark Embrace","floor":33},{"not_picked":["Heavy Blade+1","Headbutt"],"picked":"Entrench+1","floor":35},{"not_picked":["Shockwave+1","Perfected Strike","Clothesline"],"picked":"SKIP","floor":38},{"not_picked":["Havoc+1","Heavy Blade+1","Perfected Strike+1"],"picked":"SKIP","floor":39},{"not_picked":["Sword Boomerang","Seeing Red+1","Pommel Strike"],"picked":"SKIP","floor":40},{"not_picked":["Anger","Bludgeon","Armaments+1"],"picked":"SKIP","floor":42},{"not_picked":["Shockwave+1","True Grit+1"],"picked":"Body Slam","floor":44},{"not_picked":["Headbutt","Anger","Pommel Strike"],"picked":"SKIP","floor":45},{"not_picked":["Whirlwind+1","Shrug It Off+1"],"picked":"Body Slam","floor":46},{"not_picked":["Heavy Blade","Perfected Strike","Havoc+1"],"picked":"SKIP","floor":47},{"not_picked":["Feed","Twin Strike+1","Carnage"],"picked":"SKIP","floor":48}],"player_experience":1655259,"relics_obtained":[{"floor":6,"key":"Bottled Lightning"},{"floor":8,"key":"Toxic Egg 2"},{"floor":9,"key":"Incense Burner"},{"floor":14,"key":"Pear"},{"floor":23,"key":"PreservedInsect"},{"floor":26,"key":"Strawberry"},{"floor":27,"key":"WingedGreaves"},{"floor":28,"key":"Lantern"},{"floor":40,"key":"Bronze Scales"},{"floor":42,"key":"Oddly Smooth Stone"},{"floor":43,"key":"Blue Candle"},{"floor":45,"key":"Bottled Tornado"},{"floor":46,"key":"Vajra"}],"event_choices":[{"damage_healed":0,"gold_gain":0,"player_choice":"Donut","damage_taken":0,"max_hp_gain":5,"max_hp_loss":0,"event_name":"Big Fish","floor":5,"gold_loss":0},{"damage_healed":0,"gold_gain":0,"player_choice":"Bought 1 Potion","damage_taken":0,"max_hp_gain":0,"max_hp_loss":0,"event_name":"The Woman in Blue","floor":7,"gold_loss":0},{"damage_healed":0,"gold_gain":0,"player_choice":"Gave Potion","damage_taken":0,"relics_obtained":["Letter Opener"],"max_hp_gain":0,"max_hp_loss":0,"event_name":"WeMeetAgain","floor":19,"gold_loss":0},{"damage_healed":0,"gold_gain":0,"player_choice":"Shed Blood","damage_taken":36,"max_hp_gain":5,"max_hp_loss":0,"event_name":"Forgotten Altar","floor":30,"gold_loss":0},{"damage_healed":0,"gold_gain":0,"player_choice":"Upgraded","damage_taken":0,"max_hp_gain":0,"max_hp_loss":0,"event_name":"Upgrade Shrine","floor":31,"gold_loss":0,"cards_upgraded":["Combust"]},{"damage_healed":0,"gold_gain":0,"player_choice":"0 cards matched","damage_taken":0,"max_hp_gain":0,"max_hp_loss":0,"event_name":"Match and Keep!","floor":37,"gold_loss":0,"cards_obtained":[]}],"is_beta":true,"boss_relics":[{"not_picked":["Philosopher\u0027s Stone","Mark of Pain"],"picked":"Snecko Eye"},{"not_picked":["SlaversCollar","Astrolabe"],"picked":"Sozu"}],"items_purged_floors":[21,29],"is_endless":false,"potions_floor_spawned":[1,3,13,18,20,25,33,38,42,44,45],"ascension_level":20}