{"gold_per_floor":[109,121,133,133,148,148,182,19,19,19,19],"floor_reached":11,"playtime":303,"items_purged":["Strike_R"],"score":146,"play_id":"0282fe2d-455f-4436-8128-55521e8ac8e5","local_time":"20191019091430","is_ascension_mode":true,"campfire_choices":[{"data":"Bash","floor":6,"key":"SMITH"}],"neow_cost":"NONE","seed_source_timestamp":391448012154700,"circlet_count":0,"master_deck":["AscendersBane","Strike_R","Strike_R","Strike_R","Defend_R","Defend_R","Defend_R","Defend_R","Bash+1","Clash","Evolve","Anger","Headbutt","Inflame","Ghostly Armor+1"],"relics":["Burning Blood","Golden Idol","Toxic Egg 2","Bronze Scales"],"potions_floor_usage":[11],"damage_taken":[{"damage":7,"enemies":"Jaw Worm","floor":1,"turns":3},{"damage":12,"enemies":"Small Slimes","floor":2,"turns":4},{"damage":1,"enemies":"Cultist","floor":3,"turns":3},{"damage":11,"enemies":"Blue Slaver","floor":5,"turns":4},{"damage":42,"enemies":"Lagavulin","floor":7,"turns":6},{"damage":31,"enemies":"Gremlin Nob","floor":11,"turns":3}],"seed_played":"-4236266315913369806","potions_obtained":[{"floor":2,"key":"Swift Potion"}],"is_trial":false,"path_per_floor":["M","M","M","?","M","R","E","$","T","?","E"],"character_chosen":"IRONCLAD","items_purchased":["Ghostly Armor+1"],"campfire_rested":0,"item_purchase_floors":[8],"current_hp_per_floor":[67,61,66,66,61,61,25,25,25,25,0],"gold":19,"neow_bonus":"TRANSFORM_CARD","is_prod":false,"is_daily":false,"chose_seed":false,"campfire_upgraded":1,"win_rate":0,"timestamp":1571501670,"path_taken":["M","M","M","?","M","R","E","$","T","?","E"],"build_version":"2019-10-18","purchased_purges":1,"victory":false,"max_hp_per_floor":[75,75,75,68,68,68,68,68,68,68,68],"card_choices":[{"not_picked":["Shrug It Off","Clash"],"picked":"Evolve","floor":1},{"not_picked":["Pommel Strike","Headbutt"],"picked":"Anger","floor":2},{"not_picked":["Body Slam","Cleave"],"picked":"Headbutt","floor":3},{"not_picked":["Twin Strike","Heavy Blade","Barricade"],"picked":"SKIP","floor":5},{"not_picked":["Juggernaut","Flex"],"picked":"Inflame","floor":7}],"player_experience":1649037,"relics_obtained":[{"floor":7,"key":"Toxic Egg 2"},{"floor":9,"key":"Bronze Scales"}],"event_choices":[{"damage_healed":0,"gold_gain":0,"player_choice":"Lose Max HP","damage_taken":0,"relics_obtained":["Golden Idol"],"max_hp_gain":0,"max_hp_loss":7,"event_name":"Golden Idol","floor":4,"gold_loss":0},{"damage_healed":0,"gold_gain":0,"player_choice":"Ignored","damage_taken":0,"max_hp_gain":0,"max_hp_loss":0,"event_name":"Shining Light","floor":10,"gold_loss":0}],"is_beta":true,"boss_relics":[],"items_purged_floors":[8],"is_endless":false,"potions_floor_spawned":[2],"killed_by":"Gremlin Nob","ascension_level":20}