{"gold_per_floor":[119,131,148,148,167,193,193,223,223,223,234,222,242,100,100,202,202,216,216,229,246,146,146,246,246,322,322,341,358,373,387,387,482,482,500,117,137,12,112,137,137,137,137,155,173,173],"floor_reached":46,"playtime":5924,"items_purged":["Strike_R","Sever Soul","Anger"],"score":516,"play_id":"a55894ef-7a81-47c9-9a66-f7d0261d0dec","local_time":"20190616081715","is_ascension_mode":false,"campfire_choices":[{"data":"Armaments","floor":10.0,"key":"SMITH"},{"floor":15.0,"key":"REST"},{"data":"Armaments","floor":23.0,"key":"SMITH"},{"data":"Metallicize","floor":32.0,"key":"SMITH"},{"data":"Feed","floor":41,"key":"SMITH"}],"neow_cost":"NONE","seed_source_timestamp":270447542491412,"circlet_count":0,"master_deck":["Defend_R","Defend_R","Defend_R","Defend_R","Bash","Headbutt","Armaments+1","Metallicize+1","Cleave","Armaments+1","Battle Trance","Inflame","Inflame","Battle Trance","Fiend Fire","Bite","Bite","Bite","Bite","Bite","Combust","Battle Trance","RitualDagger+1","Rage","Ghostly Armor+1","Feed+1","Pommel Strike+1","Fire Breathing","Shrug It Off+1","Iron Wave","Battle Trance"],"special_seed":0,"relics":["Burning Blood","Dream Catcher","Darkstone Periapt","Letter Opener","Bottled Lightning","Coffee Dripper","StoneCalendar","Pear","Sundial","Eternal Feather","Ice Cream","Mango","Regal Pillow","Gremlin Horn"],"potions_floor_usage":[46,46],"damage_taken":[{"damage":5.0,"enemies":"Cultist","floor":1.0,"turns":5.0},{"damage":6.0,"enemies":"Jaw Worm","floor":2.0,"turns":4.0},{"damage":5.0,"enemies":"Small Slimes","floor":3.0,"turns":3.0},{"damage":3.0,"enemies":"3 Louse","floor":5.0,"turns":3.0},{"damage":38.0,"enemies":"Lagavulin","floor":6.0,"turns":10.0},{"damage":17.0,"enemies":"3 Sentries","floor":8.0,"turns":8.0},{"damage":1.0,"enemies":"Large Slime","floor":11.0,"turns":6.0},{"damage":1.0,"enemies":"Exordium Thugs","floor":12.0,"turns":4.0},{"damage":0.0,"enemies":"3 Louse","floor":13.0,"turns":4.0},{"damage":31.0,"enemies":"Slime Boss","floor":16.0,"turns":10.0},{"damage":0.0,"enemies":"Chosen","floor":18.0,"turns":4.0},{"damage":16.0,"enemies":"Spheric Guardian","floor":20.0,"turns":4.0},{"damage":40.0,"enemies":"3 Cultists","floor":21.0,"turns":7.0},{"damage":13.0,"enemies":"Colosseum Slavers","floor":24.0,"turns":4.0},{"damage":37.0,"enemies":"Colosseum Nobs","floor":24.0,"turns":4.0},{"damage":14.0,"enemies":"Centurion and Healer","floor":28.0,"turns":5.0},{"damage":13.0,"enemies":"Cultist and Chosen","floor":29.0,"turns":5.0},{"damage":18.0,"enemies":"Sentry and Sphere","floor":30.0,"turns":5.0},{"damage":12.0,"enemies":"3 Cultists","floor":31.0,"turns":5.0},{"damage":31.0,"enemies":"Automaton","floor":33.0,"turns":8.0},{"damage":9.0,"enemies":"3 Shapes","floor":35.0,"turns":3.0},{"damage":23.0,"enemies":"Orb Walker","floor":37.0,"turns":5.0},{"damage":11.0,"enemies":"Mind Bloom Boss Battle","floor":39.0,"turns":7.0},{"damage":79,"enemies":"Reptomancer","floor":40,"turns":7},{"damage":13,"enemies":"Transient","floor":44,"turns":5},{"damage":31,"enemies":"Jaw Worm Horde","floor":45,"turns":4},{"damage":48,"enemies":"Nemesis","floor":46,"turns":5}],"seed_played":"1685239477395447842","potions_obtained":[{"floor":2.0,"key":"AttackPotion"},{"floor":3.0,"key":"Weak Potion"},{"floor":5.0,"key":"Weak Potion"},{"floor":8.0,"key":"SneckoOil"},{"floor":18.0,"key":"Energy Potion"},{"floor":20.0,"key":"SkillPotion"},{"floor":29.0,"key":"EssenceOfSteel"},{"floor":30.0,"key":"EssenceOfSteel"},{"floor":35.0,"key":"SpeedPotion"}],"is_trial":false,"path_per_floor":["M","M","M","?","M","E","?","E","T","R","M","M","M","$","R","B",null,"M","?","M","M","$","R","?","?","T","?","M","M","M","M","R","B",null,"M","$","M","$","?","E","R","?","T","M","M","E"],"character_chosen":"IRONCLAD","items_purchased":["Inflame","Ice Cream","Fire Breathing"],"campfire_rested":1,"item_purchase_floors":[14,36,36],"current_hp_per_floor":[88,88,88,88,88,56,56,45,45,45,50,55,61,61,87,62,88,88,61,59,39,39,39,35,29,29,29,34,39,44,53,53,54,71,71,71,61,61,88,31,49,49,49,53,37,0],"gold":173,"neow_bonus":"TEN_PERCENT_HP_BONUS","is_prod":false,"is_daily":false,"chose_seed":false,"campfire_upgraded":4,"win_rate":0.0,"timestamp":1560698235,"path_taken":["M","M","?","?","?","E","?","E","T","R","M","M","?","$","R","BOSS","M","?","M","M","$","R","?","?","T","?","?","M","M","M","R","BOSS","M","$","M","$","?","E","R","?","T","M","M","E"],"build_version":"2019-01-23","purchased_purges":3,"victory":false,"max_hp_per_floor":[88,88,88,88,88,88,88,88,88,88,88,88,88,88,88,88,88,88,61,61,61,61,61,71,71,71,71,71,71,71,71,71,71,71,74,74,74,74,88,88,88,88,88,88,88,88],"card_choices":[{"not_picked":["Cleave","Ghostly Armor"],"picked":"Headbutt","floor":1.0},{"not_picked":["Uppercut","Rupture"],"picked":"Sever Soul","floor":2.0},{"not_picked":["Headbutt","True Grit"],"picked":"Armaments","floor":3.0},{"not_picked":["Combust","Perfected Strike"],"picked":"Metallicize","floor":5.0},{"not_picked":["Carnage","Clash"],"picked":"Anger","floor":6.0},{"not_picked":["Power Through","Clash"],"picked":"Burning Pact","floor":8.0},{"not_picked":["Headbutt","Seeing Red"],"picked":"Armaments","floor":11.0},{"not_picked":["Hemokinesis","Heavy Blade"],"picked":"Battle Trance","floor":12.0},{"not_picked":["Entrench","Thunderclap"],"picked":"Inflame","floor":13.0},{"not_picked":["Twin Strike","Second Wind"],"picked":"Battle Trance","floor":15.0},{"not_picked":["Brutality","Offering"],"picked":"Fiend Fire","floor":16.0},{"not_picked":["Perfected Strike","Bloodletting+1","Hemokinesis"],"picked":"SKIP","floor":18.0},{"not_picked":["Anger+1","Flex","Heavy Blade"],"picked":"SKIP","floor":20.0},{"not_picked":["Twin Strike","Carnage"],"picked":"Combust","floor":21.0},{"not_picked":["Cleave","Reckless Charge+1"],"picked":"Battle Trance","floor":24.0},{"not_picked":["Dropkick","Hemokinesis"],"picked":"Rage","floor":28.0},{"not_picked":["Rage","Heavy Blade"],"picked":"Ghostly Armor+1","floor":29.0},{"not_picked":["Warcry","Body Slam","Cleave"],"picked":"SKIP","floor":30.0},{"not_picked":["Double Tap","Heavy Blade","Rupture"],"picked":"SKIP","floor":31.0},{"not_picked":["Dark Embrace","Limit Break"],"picked":"Feed","floor":33.0},{"not_picked":["Anger+1","Uppercut+1"],"picked":"Pommel Strike+1","floor":35.0},{"not_picked":["Clash","Anger","Combust"],"picked":"SKIP","floor":37.0},{"not_picked":["Cleave+1","Offering"],"picked":"Shrug It Off+1","floor":40},{"not_picked":["Clash+1","Thunderclap","Flame Barrier+1"],"picked":"SKIP","floor":44},{"not_picked":["Body Slam+1","Clothesline"],"picked":"Battle Trance","floor":45}],"player_experience":7052,"relics_obtained":[{"floor":6.0,"key":"Darkstone Periapt"},{"floor":8.0,"key":"Letter Opener"},{"floor":9.0,"key":"Bottled Lightning"},{"floor":24.0,"key":"StoneCalendar"},{"floor":24.0,"key":"Pear"},{"floor":26.0,"key":"Sundial"},{"floor":39,"key":"Mango"},{"floor":40,"key":"Regal Pillow"},{"floor":43,"key":"Gremlin Horn"}],"event_choices":[{"damage_healed":0.0,"max_hp_gain":0.0,"max_hp_loss":0.0,"gold_gain":0.0,"event_name":"WeMeetAgain","player_choice":"Gave Potion","floor":4.0,"gold_loss":0.0,"damage_taken":0.0,"relics_obtained":["Dream Catcher"]},{"damage_healed":0.0,"max_hp_gain":0.0,"max_hp_loss":0.0,"gold_gain":0.0,"cards_transformed":["Strike_R"],"event_name":"Transmorgrifier","player_choice":"Transformed","floor":7.0,"gold_loss":0.0,"damage_taken":0.0,"cards_obtained":["Cleave"]},{"damage_healed":0.0,"max_hp_gain":0.0,"max_hp_loss":27.0,"gold_gain":0.0,"event_name":"Vampires","player_choice":"Became a vampire","floor":19.0,"gold_loss":0.0,"damage_taken":0.0,"cards_obtained":["Bite","Bite","Bite","Bite","Bite"]},{"damage_healed":0.0,"max_hp_gain":0.0,"max_hp_loss":0.0,"gold_gain":0.0,"event_name":"Colosseum","player_choice":"Fight","floor":24.0,"gold_loss":0.0,"damage_taken":0.0},{"damage_healed":0.0,"max_hp_gain":0.0,"max_hp_loss":0.0,"gold_gain":0.0,"event_name":"Colosseum","player_choice":"Fought Nobs","floor":24.0,"gold_loss":0.0,"damage_taken":0.0},{"damage_healed":0.0,"max_hp_gain":0.0,"max_hp_loss":0.0,"gold_gain":0.0,"event_name":"Nest","player_choice":"Joined the Cult","floor":25.0,"gold_loss":0.0,"damage_taken":6.0,"cards_obtained":["RitualDagger"]},{"damage_healed":0.0,"max_hp_gain":0.0,"max_hp_loss":0.0,"gold_gain":0.0,"event_name":"Upgrade Shrine","player_choice":"Upgraded","floor":27.0,"gold_loss":0.0,"damage_taken":0.0,"cards_upgraded":["RitualDagger"]},{"damage_healed":0.0,"max_hp_gain":0.0,"max_hp_loss":0.0,"gold_gain":0.0,"event_name":"MindBloom","player_choice":"Fight","floor":39.0,"gold_loss":0.0,"damage_taken":0.0},{"cards_removed":["Burning Pact"],"damage_healed":0,"gold_gain":0,"player_choice":"Took Card","damage_taken":0,"max_hp_gain":0,"max_hp_loss":0,"event_name":"NoteForYourself","floor":42,"gold_loss":0,"cards_obtained":["Iron Wave"]}],"is_beta":false,"boss_relics":[{"not_picked":["Runic Pyramid","Philosopher\u0027s Stone"],"picked":"Coffee Dripper"},{"not_picked":["Runic Dome","Astrolabe"],"picked":"Eternal Feather"}],"items_purged_floors":[14,22,38],"is_endless":false,"potions_floor_spawned":[2,3,5,8,16,18,20,29,30,31,35,37,40],"killed_by":"Nemesis","ascension_level":0}