{"gold_per_floor":[111,111,123,133,153,153,179,179,247,30,30,62,62,93,93,193,193,213,230,246,261,147,147,166,166,166,166],"floor_reached":27,"playtime":3050,"items_purged":["Strike_B"],"score":291,"play_id":"19ed3f43-5e46-4ff6-a253-d20bc35c4ad3","local_time":"20191013142512","is_ascension_mode":true,"campfire_choices":[{"floor":6,"key":"REST"},{"data":"Auto Shields","floor":8,"key":"SMITH"},{"data":"Coolheaded","floor":15,"key":"SMITH"},{"data":"Capacitor","floor":23,"key":"SMITH"}],"neow_cost":"NONE","seed_source_timestamp":2384052289325578,"circlet_count":0,"master_deck":["Strike_B","Strike_B","Strike_B","Defend_B","Defend_B","Defend_B","Defend_B","Zap","Dualcast","Loop","Genetic Algorithm","Zap","Machine Learning","Loop","Reprogram","Coolheaded+1","Auto Shields+1","Heatsinks","Coolheaded","Core Surge","Conserve Battery","White Noise","Electrodynamics","Hologram+1","Coolheaded","Beam Cell","Barrage","Capacitor+1","Capacitor"],"relics":["FrozenCore","Mango","Kunai","InkBottle","Girya","Regal Pillow"],"potions_floor_usage":[16,16,21,25,25,27],"damage_taken":[{"damage":0,"enemies":"2 Louse","floor":1,"turns":2},{"damage":9,"enemies":"Cultist","floor":3,"turns":4},{"damage":8,"enemies":"Small Slimes","floor":4,"turns":3},{"damage":27,"enemies":"Exordium Thugs","floor":5,"turns":5},{"damage":33,"enemies":"3 Sentries","floor":7,"turns":8},{"damage":6,"enemies":"Gremlin Nob","floor":12,"turns":4},{"damage":12,"enemies":"3 Sentries","floor":14,"turns":8},{"damage":80,"enemies":"Hexaghost","floor":16,"turns":18},{"damage":4,"enemies":"Spheric Guardian","floor":18,"turns":8},{"damage":3,"enemies":"Shell Parasite","floor":19,"turns":13},{"damage":18,"enemies":"Snecko","floor":20,"turns":9},{"damage":32,"enemies":"3 Cultists","floor":21,"turns":6},{"damage":16,"enemies":"Centurion and Healer","floor":24,"turns":8},{"damage":21,"enemies":"Gremlin Leader","floor":25,"turns":4},{"damage":6,"enemies":"Cultist and Chosen","floor":27,"turns":3}],"seed_played":"-4575228324768178409","potions_obtained":[{"floor":1,"key":"Weak Potion"},{"floor":5,"key":"SmokeBomb"},{"floor":14,"key":"Weak Potion"},{"floor":16,"key":"Weak Potion"},{"floor":20,"key":"Ancient Potion"},{"floor":21,"key":"Block Potion"},{"floor":24,"key":"PowerPotion"}],"is_trial":false,"path_per_floor":["M","?","M","M","M","R","E","R","T","$","T","E","?","E","R","B",null,"M","M","M","M","$","R","M","E","T","M"],"character_chosen":"DEFECT","items_purchased":["Heatsinks","Coolheaded","Core Surge","Capacitor"],"campfire_rested":1,"item_purchase_floors":[10,10,10,22],"current_hp_per_floor":[75,75,66,58,31,53,34,34,34,34,34,28,99,87,87,7,99,95,92,74,42,42,42,26,5,5,0],"gold":166,"neow_bonus":"ONE_RANDOM_RARE_CARD","is_prod":false,"is_daily":false,"chose_seed":false,"campfire_upgraded":3,"win_rate":0,"timestamp":1570973112,"path_taken":["M","?","M","M","?","R","E","R","T","$","?","E","?","E","R","BOSS","M","M","M","M","$","R","M","E","T","M"],"build_version":"2019-09-09v2","purchased_purges":1,"victory":false,"max_hp_per_floor":[75,75,75,75,75,75,89,89,89,89,89,89,99,99,99,99,99,99,99,99,99,99,99,99,99,99,99],"card_choices":[{"not_picked":["Coolheaded","Hologram"],"picked":"Loop","floor":1},{"not_picked":["Doom and Gloom","Cold Snap"],"picked":"Loop","floor":3},{"not_picked":["Beam Cell","Capacitor"],"picked":"Reprogram","floor":4},{"not_picked":["Scrape","Ball Lightning"],"picked":"Coolheaded","floor":5},{"not_picked":["Reinforced Body","Gash"],"picked":"Auto Shields","floor":7},{"not_picked":["Compile Driver","Undo"],"picked":"Conserve Battery","floor":12},{"not_picked":["Double Energy","Meteor Strike"],"picked":"White Noise","floor":14},{"not_picked":["Hyperbeam","Meteor Strike"],"picked":"Electrodynamics","floor":16},{"not_picked":["Conserve Battery","Leap"],"picked":"Hologram+1","floor":18},{"not_picked":["Hologram","Cold Snap+1"],"picked":"Coolheaded","floor":19},{"not_picked":["Sunder+1","Undo"],"picked":"Beam Cell","floor":20},{"not_picked":["Conserve Battery","Reboot"],"picked":"Barrage","floor":21},{"not_picked":["Barrage","Leap"],"picked":"Capacitor","floor":24}],"player_experience":152231,"relics_obtained":[{"floor":7,"key":"Mango"},{"floor":11,"key":"Kunai"},{"floor":12,"key":"InkBottle"},{"floor":14,"key":"Girya"},{"floor":26,"key":"Regal Pillow"}],"event_choices":[{"damage_healed":0,"gold_gain":0,"player_choice":"3 cards matched","damage_taken":0,"max_hp_gain":0,"max_hp_loss":0,"event_name":"Match and Keep!","floor":2,"gold_loss":0,"cards_obtained":["Genetic Algorithm","Zap","Machine Learning"]},{"damage_healed":0,"gold_gain":0,"player_choice":"3 cards matched","damage_taken":0,"max_hp_gain":0,"max_hp_loss":0,"event_name":"Match and Keep!","floor":2,"gold_loss":0,"cards_obtained":["Genetic Algorithm","Zap","Machine Learning"]},{"cards_removed":["Reboot"],"damage_healed":61,"gold_gain":0,"player_choice":"Offered Rare","damage_taken":0,"max_hp_gain":10,"max_hp_loss":0,"event_name":"Bonfire Elementals","floor":13,"gold_loss":0}],"is_beta":true,"boss_relics":[{"not_picked":["Velvet Choker","Coffee Dripper"],"picked":"FrozenCore"}],"items_purged_floors":[22],"is_endless":false,"potions_floor_spawned":[1,5,14,16,20,21,24],"killed_by":"Cultist and Chosen","ascension_level":1}