{"gold_per_floor":[119,134,148,223,234,234,260,280,280,280,294,294,144,144,144,246,296,311,311,311,327,327,327,354,389,389,13,30,45,45,45,45,45],"floor_reached":33,"playtime":2151,"items_purged":[],"score":278,"play_id":"69ef1ed5-1b5a-4159-8fbd-efc51eb8de03","local_time":"20191011121834","is_ascension_mode":true,"campfire_choices":[{"data":"Ghostly Armor","floor":6,"key":"SMITH"},{"floor":10,"key":"REST"},{"data":"Perfected Strike","floor":15,"key":"SMITH"},{"data":"Fire Breathing","floor":23,"key":"SMITH"},{"data":"Immolate","floor":30,"key":"SMITH"},{"floor":32,"key":"REST"}],"neow_cost":"NONE","seed_source_timestamp":2204560209771701,"circlet_count":0,"master_deck":["Strike_R+1","Strike_R","Strike_R","Strike_R","Strike_R","Defend_R","Defend_R","Defend_R","Bash","Twin Strike","Twin Strike","Ghostly Armor+1","Rage","Uppercut","Twin Strike","Cleave+1","Perfected Strike+1","Fire Breathing+1","Pommel Strike","Immolate","Reckless Charge","Heavy Blade+1","Blood for Blood","Shockwave","Reaper","Wild Strike+1","Inflame","Rage","Immolate+1"],"relics":["Burning Blood","Darkstone Periapt","Question Card","Pantograph","Tiny House","Meat on the Bone","Red Mask","Regal Pillow","Membership Card","Oddly Smooth Stone","White Beast Statue","Gremlin Horn"],"potions_floor_usage":[7,16,25,33,33],"damage_taken":[{"damage":5,"enemies":"2 Louse","floor":1,"turns":3},{"damage":1,"enemies":"Jaw Worm","floor":2,"turns":4},{"damage":0,"enemies":"Cultist","floor":3,"turns":2},{"damage":17,"enemies":"Large Slime","floor":5,"turns":7},{"damage":32,"enemies":"Lagavulin","floor":7,"turns":9},{"damage":19,"enemies":"Gremlin Gang","floor":8,"turns":6},{"damage":8,"enemies":"2 Fungi Beasts","floor":11,"turns":4},{"damage":46,"enemies":"Hexaghost","floor":16,"turns":9},{"damage":0,"enemies":"Chosen","floor":18,"turns":4},{"damage":19,"enemies":"Shell Parasite","floor":21,"turns":6},{"damage":55,"enemies":"Book of Stabbing","floor":24,"turns":6},{"damage":19,"enemies":"Masked Bandits","floor":25,"turns":3},{"damage":23,"enemies":"Snake Plant","floor":28,"turns":4},{"damage":18,"enemies":"3 Cultists","floor":29,"turns":5},{"damage":111,"enemies":"Champ","floor":33,"turns":11}],"seed_played":"-344660809308127857","potions_obtained":[{"floor":2,"key":"GamblersBrew"},{"floor":5,"key":"Weak Potion"},{"floor":8,"key":"Regen Potion"},{"floor":11,"key":"AttackPotion"},{"floor":16,"key":"Poison Potion"},{"floor":17,"key":"FearPotion"},{"floor":18,"key":"Energy Potion"},{"floor":21,"key":"AttackPotion"},{"floor":28,"key":"Strength Potion"},{"floor":29,"key":"Regen Potion"}],"is_trial":false,"path_per_floor":["M","M","M","?","M","R","E","M","T","R","M","?","$","T","R","B",null,"M","?","?","M","?","R","E","?","T","$","M","M","R","T","R","B"],"character_chosen":"IRONCLAD","items_purchased":["Perfected Strike","Fire Breathing","Pommel Strike","Membership Card","Inflame","Oddly Smooth Stone","White Beast Statue"],"campfire_rested":2,"item_purchase_floors":[13,13,13,27,27,27,27],"current_hp_per_floor":[80,80,80,69,58,58,32,19,19,43,41,41,41,41,41,26,85,85,85,85,72,72,72,23,28,28,28,23,23,23,23,63,0],"gold":45,"neow_bonus":"UPGRADE_CARD","is_prod":false,"is_daily":false,"chose_seed":false,"campfire_upgraded":4,"win_rate":0,"timestamp":1570792714,"path_taken":["M","M","M","?","M","R","E","M","T","R","M","?","$","?","R","BOSS","M","?","?","?","?","R","E","?","T","?","M","?","R","?","R","BOSS"],"build_version":"2019-09-09v2","purchased_purges":0,"victory":false,"max_hp_per_floor":[80,80,80,80,80,80,80,80,80,80,80,80,80,80,80,80,85,85,85,85,85,85,85,85,85,85,85,85,85,85,85,85,85],"card_choices":[{"not_picked":["Headbutt","Thunderclap"],"picked":"Twin Strike","floor":1},{"not_picked":["Clothesline","Armaments"],"picked":"Twin Strike","floor":2},{"not_picked":["Sword Boomerang","Flex"],"picked":"Feel No Pain","floor":3},{"not_picked":["Offering","Sword Boomerang"],"picked":"Ghostly Armor","floor":5},{"not_picked":["Rampage","Clash"],"picked":"Rage","floor":7},{"not_picked":["Burning Pact","Corruption"],"picked":"Uppercut","floor":8},{"not_picked":["Hemokinesis","Infernal Blade","Sever Soul"],"picked":"Twin Strike","floor":11},{"not_picked":["Bludgeon","Impervious","Fiend Fire"],"picked":"Immolate","floor":16},{"not_picked":["Flex","Armaments","Blood for Blood"],"picked":"Reckless Charge","floor":17},{"not_picked":["Evolve","Spot Weakness","Clothesline"],"picked":"Heavy Blade+1","floor":18},{"not_picked":["Heavy Blade+1","Shockwave","Blood for Blood"],"picked":"Combust","floor":21},{"not_picked":["True Grit","Heavy Blade","Seeing Red"],"picked":"Reaper","floor":24},{"not_picked":["Armaments","Headbutt","Fire Breathing"],"picked":"Wild Strike+1","floor":25},{"not_picked":["Iron Wave","Thunderclap","Headbutt"],"picked":"Rage","floor":28},{"not_picked":["Uppercut","Armaments","Whirlwind+1"],"picked":"Immolate","floor":29}],"player_experience":103012,"relics_obtained":[{"floor":7,"key":"Darkstone Periapt"},{"floor":9,"key":"Question Card"},{"floor":14,"key":"Pantograph"},{"floor":24,"key":"Meat on the Bone"},{"floor":25,"key":"Red Mask"},{"floor":26,"key":"Regal Pillow"},{"floor":31,"key":"Gremlin Horn"}],"event_choices":[{"damage_healed":0,"gold_gain":75,"player_choice":"Gather Gold","damage_taken":11,"max_hp_gain":0,"max_hp_loss":0,"event_name":"World of Goop","floor":4,"gold_loss":0},{"damage_healed":0,"gold_gain":0,"cards_transformed":["Feel No Pain"],"player_choice":"Change","damage_taken":0,"max_hp_gain":0,"max_hp_loss":0,"event_name":"Living Wall","floor":12,"gold_loss":0,"cards_obtained":["Cleave"]},{"damage_healed":0,"gold_gain":0,"player_choice":"Ignored","damage_taken":0,"max_hp_gain":0,"max_hp_loss":0,"event_name":"Vampires","floor":19,"gold_loss":0},{"damage_healed":0,"gold_gain":0,"player_choice":"Bought 0 Potions","damage_taken":0,"max_hp_gain":0,"max_hp_loss":0,"event_name":"The Woman in Blue","floor":20,"gold_loss":0},{"damage_healed":0,"gold_gain":0,"cards_transformed":["Defend_R","Combust"],"player_choice":"Became Test Subject","damage_taken":0,"max_hp_gain":0,"max_hp_loss":0,"event_name":"Drug Dealer","floor":22,"gold_loss":0,"cards_obtained":["Blood for Blood","Shockwave"]},{"damage_healed":0,"gold_gain":0,"player_choice":"Fought Bandits","damage_taken":0,"max_hp_gain":0,"max_hp_loss":0,"event_name":"Masked Bandits","floor":25,"gold_loss":0}],"is_beta":true,"boss_relics":[{"not_picked":["Ectoplasm","Empty Cage"],"picked":"Tiny House"}],"items_purged_floors":[],"is_endless":false,"potions_floor_spawned":[2,5,8,11,16,18,21,28,29],"killed_by":"Champ","ascension_level":1}