{"gold_per_floor":[114,89,101,176,176,176,26,54,54,54,67,125,138,149,149,149],"floor_reached":16,"playtime":656,"items_purged":[],"score":130,"play_id":"64a9a7e4-7afe-4172-a6ed-c1d8318860f5","local_time":"20190927054314","is_ascension_mode":true,"campfire_choices":[{"data":"Cloak And Dagger","floor":6,"key":"SMITH"},{"data":"Accuracy","floor":10,"key":"SMITH"},{"data":"Backflip","floor":15,"key":"SMITH"}],"neow_cost":"NONE","seed_source_timestamp":596849811741500,"circlet_count":0,"master_deck":["Strike_G","Strike_G","Strike_G","Strike_G","Strike_G","Defend_G","Defend_G","Defend_G","Defend_G","Defend_G","Survivor","Neutralize","Dagger Spray","Cloak And Dagger+1","Slice","Accuracy+1","Masterful Stab","Backflip+1"],"relics":["Ring of the Snake","PreservedInsect","Happy Flower","Dodecahedron","Centennial Puzzle"],"potions_floor_usage":[12],"damage_taken":[{"damage":7,"enemies":"Small Slimes","floor":1,"turns":5},{"damage":0,"enemies":"2 Louse","floor":3,"turns":2},{"damage":14,"enemies":"3 Sentries","floor":8,"turns":8},{"damage":0,"enemies":"Jaw Worm","floor":11,"turns":3},{"damage":4,"enemies":"Gremlin Nob","floor":12,"turns":3},{"damage":7,"enemies":"Large Slime","floor":13,"turns":5},{"damage":0,"enemies":"Red Slaver","floor":14,"turns":3},{"damage":32,"enemies":"The Guardian","floor":16,"turns":6}],"seed_played":"-2178286374936602539","potions_obtained":[{"floor":8,"key":"Strength Potion"},{"floor":11,"key":"LiquidBronze"}],"is_trial":false,"path_per_floor":["M","$","M","?","?","R","$","E","T","R","M","?","M","M","R","B"],"character_chosen":"THE_SILENT","items_purchased":["Cloak And Dagger","PreservedInsect"],"campfire_rested":0,"item_purchase_floors":[2,7],"current_hp_per_floor":[63,63,63,52,57,57,57,43,43,43,43,39,32,32,32,0],"gold":149,"neow_bonus":"TEN_PERCENT_HP_BONUS","is_prod":false,"is_daily":false,"chose_seed":false,"campfire_upgraded":3,"win_rate":0,"timestamp":1569555794,"path_taken":["M","$","M","?","?","R","$","E","T","R","M","?","M","M","R","BOSS"],"build_version":"2019-07-17","purchased_purges":0,"victory":false,"max_hp_per_floor":[77,77,77,77,82,82,82,82,82,82,82,82,82,82,82,82],"card_choices":[{"not_picked":["Blade Dance","Outmaneuver"],"picked":"Dagger Spray","floor":1},{"not_picked":["Flying Knee","Blade Dance"],"picked":"Slice","floor":3},{"not_picked":["Riddle With Holes","Outmaneuver"],"picked":"Accuracy","floor":8},{"not_picked":["Setup","Acrobatics"],"picked":"Masterful Stab","floor":11},{"not_picked":["Tools of the Trade","Prepared"],"picked":"Backflip","floor":12},{"not_picked":["Deadly Poison","Eviscerate","Flying Knee"],"picked":"SKIP","floor":13},{"not_picked":["Flying Knee","Dagger Spray","Quick Slash"],"picked":"SKIP","floor":14}],"player_experience":262773,"relics_obtained":[{"floor":8,"key":"Happy Flower"},{"floor":9,"key":"Dodecahedron"},{"floor":12,"key":"Centennial Puzzle"}],"event_choices":[{"damage_healed":0,"gold_gain":75,"player_choice":"Gather Gold","damage_taken":11,"max_hp_gain":0,"max_hp_loss":0,"event_name":"World of Goop","floor":4,"gold_loss":0},{"damage_healed":0,"gold_gain":0,"player_choice":"Donut","damage_taken":0,"max_hp_gain":5,"max_hp_loss":0,"event_name":"Big Fish","floor":5,"gold_loss":0},{"damage_healed":0,"gold_gain":0,"player_choice":"Searched \u00271\u0027 times","damage_taken":0,"max_hp_gain":0,"max_hp_loss":0,"event_name":"Dead Adventurer","floor":12,"gold_loss":0}],"is_beta":false,"boss_relics":[],"items_purged_floors":[],"is_endless":false,"potions_floor_spawned":[8,11],"killed_by":"The Guardian","ascension_level":6}