{"gold_per_floor":[118,193,213,213,233,233,233,264,336,360,330],"floor_reached":11,"playtime":638,"items_purged":[],"score":77,"play_id":"fe8c1037-a053-4ced-8492-4c855697c98c","local_time":"20191015094600","is_ascension_mode":true,"campfire_choices":[{"data":"Hologram","floor":6,"key":"SMITH"}],"neow_cost":"NONE","seed_source_timestamp":2542516973734997,"circlet_count":0,"master_deck":["Strike_B","Strike_B","Strike_B","Strike_B","Defend_B","Defend_B","Defend_B","Defend_B","Zap","Dualcast","Chill","Steam","Hologram+1","Gash","Gash"],"relics":["Philosopher\u0027s Stone","Golden Idol","Smiling Mask","Ancient Tea Set","White Beast Statue"],"potions_floor_usage":[8,8,11],"damage_taken":[{"damage":4,"enemies":"Jaw Worm","floor":1,"turns":4},{"damage":0,"enemies":"2 Louse","floor":3,"turns":2},{"damage":0,"enemies":"Small Slimes","floor":5,"turns":5},{"damage":17,"enemies":"3 Sentries","floor":8,"turns":9},{"damage":7,"enemies":"3 Louse","floor":10,"turns":4},{"damage":6,"enemies":"Looter","floor":11,"turns":2}],"seed_played":"5859914993608249051","potions_obtained":[{"floor":1,"key":"Fire Potion"},{"floor":5,"key":"Fire Potion"},{"floor":10,"key":"PowerPotion"}],"is_trial":false,"path_per_floor":["M","?","M","?","M","R","?","E","T","M","M"],"character_chosen":"DEFECT","items_purchased":[],"campfire_rested":0,"item_purchase_floors":[],"current_hp_per_floor":[71,60,60,42,42,42,30,13,13,6,0],"gold":330,"neow_bonus":"BOSS_RELIC","is_prod":false,"is_daily":false,"chose_seed":false,"campfire_upgraded":1,"win_rate":0,"timestamp":1571129160,"path_taken":["M","?","M","?","M","R","?","E","T","M","M"],"build_version":"2019-09-09v2","purchased_purges":0,"victory":false,"max_hp_per_floor":[75,75,75,75,75,75,75,75,75,75,75],"card_choices":[{"not_picked":["Tempest","Leap"],"picked":"Chill","floor":1},{"not_picked":["Cold Snap","BootSequence"],"picked":"Steam","floor":3},{"not_picked":["Leap","Streamline"],"picked":"Hologram","floor":5},{"not_picked":["Steam","Leap"],"picked":"Gash","floor":8},{"not_picked":["Beam Cell","Sunder"],"picked":"Gash","floor":10}],"player_experience":194723,"relics_obtained":[{"floor":8,"key":"Ancient Tea Set"},{"floor":9,"key":"White Beast Statue"}],"event_choices":[{"damage_healed":0,"gold_gain":75,"player_choice":"Gather Gold","damage_taken":11,"max_hp_gain":0,"max_hp_loss":0,"event_name":"World of Goop","floor":2,"gold_loss":0},{"damage_healed":0,"gold_gain":0,"player_choice":"Take Damage","damage_taken":18,"relics_obtained":["Golden Idol"],"max_hp_gain":0,"max_hp_loss":0,"event_name":"Golden Idol","floor":4,"gold_loss":0},{"damage_healed":0,"gold_gain":0,"player_choice":"Success","damage_taken":12,"relics_obtained":["Smiling Mask"],"max_hp_gain":0,"max_hp_loss":0,"event_name":"Scrap Ooze","floor":7,"gold_loss":0}],"is_beta":true,"boss_relics":[],"items_purged_floors":[],"is_endless":false,"potions_floor_spawned":[1,5,10],"killed_by":"Looter","ascension_level":1}