{"gold_per_floor":[112,112,123,78,78,78,138,170,170,170,170,200,217,57,57,135,135,148,148,163,163,163,163,43,43,70,83,113,113,123,143,143,217,217,235,10,30,48,61,94,94,106,174,174,186,186,221,233,233,233,233],"floor_reached":52,"playtime":2270,"items_purged":["Strike_R","Demon Form"],"score":1905,"play_id":"70d1a9c4-8946-4963-b4c5-9212dc7c0024","local_time":"20191004201536","is_ascension_mode":true,"campfire_choices":[{"data":"Bash","floor":6.0,"key":"SMITH"},{"data":"Fire Breathing","floor":10,"key":"SMITH"},{"data":"Evolve","floor":15,"key":"SMITH"},{"data":"Flame Barrier","floor":23,"key":"SMITH"},{"data":"Intimidate","floor":29,"key":"SMITH"},{"data":"Fire Breathing","floor":32,"key":"SMITH"},{"floor":41,"key":"REST"},{"data":"Body Slam","floor":44,"key":"SMITH"},{"data":"Offering","floor":46,"key":"SMITH"},{"data":"Power Through","floor":49,"key":"SMITH"}],"neow_cost":"NONE","seed_source_timestamp":279518469938400,"circlet_count":0,"master_deck":["AscendersBane","Defend_R","Defend_R+1","Defend_R","Defend_R","Power Through","Second Wind","Fire Breathing+1","Battle Trance","Evolve+1","Power Through","Fire Breathing+1","Flame Barrier+1","Intimidate+1","Body Slam+1","Power Through+1","Metallicize","Body Slam","Feel No Pain","Offering+1","Havoc+1","Second Wind+1","Flame Barrier+1","Body Slam","Metallicize","Deep Breath","Shrug It Off","Battle Trance","Power Through"],"special_seed":0,"relics":["Burning Blood","NeowsBlessing","Bronze Scales","Omamori","Eternal Feather","Ginger","Philosopher\u0027s Stone","NlothsMask","The Courier","Astrolabe","Blue Candle","Darkstone Periapt","Potion Belt"],"potions_floor_usage":[12,33,40,50],"damage_taken":[{"damage":1.0,"enemies":"Small Slimes","floor":1.0,"turns":2.0},{"damage":0.0,"enemies":"Jaw Worm","floor":3.0,"turns":1.0},{"damage":0.0,"enemies":"3 Sentries","floor":7.0,"turns":2.0},{"damage":50,"enemies":"Gremlin Nob","floor":8,"turns":5},{"damage":10,"enemies":"Lagavulin","floor":12,"turns":5},{"damage":0,"enemies":"Cultist","floor":13,"turns":3},{"damage":33,"enemies":"The Guardian","floor":16,"turns":10},{"damage":18,"enemies":"Spheric Guardian","floor":18,"turns":4},{"damage":0,"enemies":"3 Byrds","floor":20,"turns":3},{"damage":5,"enemies":"Shelled Parasite and Fungi","floor":27,"turns":5},{"damage":39,"enemies":"Slavers","floor":28,"turns":4},{"damage":23,"enemies":"Snake Plant","floor":30,"turns":4},{"damage":5,"enemies":"Chosen and Byrds","floor":31,"turns":4},{"damage":22,"enemies":"Automaton","floor":33,"turns":9},{"damage":7,"enemies":"Orb Walker","floor":35,"turns":5},{"damage":18,"enemies":"3 Darklings","floor":37,"turns":5},{"damage":29,"enemies":"Spire Growth","floor":38,"turns":5},{"damage":6,"enemies":"4 Shapes","floor":39,"turns":3},{"damage":16,"enemies":"Giant Head","floor":40,"turns":7},{"damage":19,"enemies":"3 Darklings","floor":42,"turns":6},{"damage":6,"enemies":"Maw","floor":45,"turns":5},{"damage":41,"enemies":"Nemesis","floor":47,"turns":7},{"damage":2,"enemies":"4 Shapes","floor":48,"turns":3},{"damage":81,"enemies":"Awakened One","floor":50,"turns":12},{"damage":29,"enemies":"Donu and Deca","floor":51,"turns":7}],"seed_played":"6120405473376347860","potions_obtained":[{"floor":1.0,"key":"FairyPotion"},{"floor":8,"key":"PowerPotion"},{"floor":13,"key":"Strength Potion"},{"floor":27,"key":"PowerPotion"},{"floor":35,"key":"PowerPotion"},{"floor":48,"key":"BloodPotion"}],"is_trial":false,"path_per_floor":["M","?","M","$","?","R","?","E","T","R","?","E","M","$","R","B",null,"M","?","M","?","?","R","$","?","T","M","E","R","M","M","R","B",null,"M","$","M","M","M","E","R","M","T","R","M","R","E","M","R","B","B",null],"character_chosen":"IRONCLAD","items_purchased":["Fire Breathing","Fire Breathing","Power Through","Metallicize","Metallicize","Deep Breath"],"campfire_rested":1,"item_purchase_floors":[4,14,24,24,36,36],"current_hp_per_floor":[73,50,56,56,61,61,67,23,23,32,32,28,34,34,43,16,64,52,52,58,58,58,67,67,67,67,68,35,47,30,31,43,27,67,66,66,54,31,31,21,60,47,47,62,62,77,42,46,61,30,7],"gold":233,"neow_bonus":"THREE_ENEMY_KILL","is_prod":false,"is_daily":false,"chose_seed":false,"campfire_upgraded":9,"win_rate":0,"timestamp":1570245336,"path_taken":["M","?","M","?","?","R","?","E","T","R","?","E","M","$","R","BOSS","M","?","M","?","?","R","$","?","T","?","E","R","M","M","R","BOSS","M","$","M","M","M","E","R","?","T","R","M","R","E","M","R","BOSS","BOSS"],"build_version":"2019-10-04","purchased_purges":2,"victory":true,"max_hp_per_floor":[75,75,75,75,80,80,80,80,80,80,80,80,80,80,80,80,80,80,80,80,80,80,80,80,80,80,80,80,80,80,80,80,80,80,80,80,80,80,80,80,80,80,80,80,80,80,80,80,80,80,80],"card_choices":[{"not_picked":["Shrug It Off","Cleave"],"picked":"Power Through","floor":1.0},{"not_picked":["Armaments","True Grit"],"picked":"Second Wind","floor":3.0},{"not_picked":["Fire Breathing","Perfected Strike"],"picked":"Battle Trance","floor":7.0},{"not_picked":["Dual Wield","Thunderclap"],"picked":"Evolve","floor":8},{"not_picked":["Wild Strike","Anger"],"picked":"Uppercut","floor":12},{"not_picked":["Rage","Armaments"],"picked":"Power Through","floor":13},{"not_picked":["Iron Wave","Heavy Blade"],"picked":"Flame Barrier","floor":18},{"not_picked":["Perfected Strike","Heavy Blade"],"picked":"Body Slam","floor":20},{"not_picked":["Combust","Heavy Blade","Armaments"],"picked":"SKIP","floor":27},{"not_picked":["Corruption","Rage"],"picked":"Body Slam","floor":28},{"not_picked":["Brutality","Heavy Blade","Searing Blow"],"picked":"SKIP","floor":30},{"not_picked":["Searing Blow","Heavy Blade"],"picked":"Feel No Pain","floor":31},{"not_picked":["Demon Form","Impervious"],"picked":"Offering","floor":33},{"not_picked":["Shrug It Off","Twin Strike"],"picked":"Body Slam","floor":35},{"not_picked":["Pommel Strike","Sword Boomerang"],"picked":"Shrug It Off","floor":37},{"not_picked":["Clothesline","Shrug It Off"],"picked":"Battle Trance","floor":38},{"not_picked":["Sword Boomerang","Cleave","Dropkick"],"picked":"SKIP","floor":39},{"not_picked":["Armaments","Wild Strike","Anger"],"picked":"SKIP","floor":40},{"not_picked":["Rampage","Inflame","Iron Wave"],"picked":"SKIP","floor":42},{"not_picked":["Sentinel","Sword Boomerang","True Grit"],"picked":"SKIP","floor":45},{"not_picked":["Reaper","Clothesline","Pummel+1"],"picked":"SKIP","floor":47},{"not_picked":["Flex","Iron Wave"],"picked":"Power Through","floor":48}],"player_experience":1256717,"relics_obtained":[{"floor":8,"key":"Omamori"},{"floor":9,"key":"Eternal Feather"},{"floor":12,"key":"Ginger"},{"floor":28,"key":"The Courier"},{"floor":40,"key":"Blue Candle"},{"floor":43,"key":"Darkstone Periapt"},{"floor":47,"key":"Potion Belt"}],"event_choices":[{"damage_healed":0.0,"max_hp_gain":0.0,"max_hp_loss":0.0,"gold_gain":0.0,"event_name":"Shining Light","player_choice":"Entered Light","floor":2.0,"gold_loss":0.0,"damage_taken":23.0,"cards_upgraded":["Defend_R","Strike_R"]},{"damage_healed":0.0,"max_hp_gain":5.0,"max_hp_loss":0.0,"gold_gain":0.0,"event_name":"Big Fish","player_choice":"Donut","floor":5.0,"gold_loss":0.0,"damage_taken":0.0},{"damage_healed":0.0,"max_hp_gain":0.0,"max_hp_loss":0.0,"gold_gain":0.0,"event_name":"Dead Adventurer","player_choice":"Searched \u00272\u0027 times","floor":7.0,"gold_loss":0.0,"damage_taken":0.0,"relics_obtained":["Bronze Scales"]},{"cards_removed":["Strike_R"],"damage_healed":0,"gold_gain":0,"player_choice":"Offered Basic","damage_taken":0,"max_hp_gain":0,"max_hp_loss":0,"event_name":"Bonfire Elementals","floor":11,"gold_loss":0},{"damage_healed":0,"gold_gain":0,"cards_transformed":["Strike_R","Strike_R"],"player_choice":"Became Test Subject","damage_taken":0,"max_hp_gain":0,"max_hp_loss":0,"event_name":"Drug Dealer","floor":19,"gold_loss":0,"cards_obtained":["Intimidate","Demon Form"]},{"damage_healed":0,"gold_gain":0,"player_choice":"Ignored","damage_taken":0,"max_hp_gain":0,"max_hp_loss":0,"event_name":"Ghosts","floor":21,"gold_loss":0},{"damage_healed":0,"gold_gain":0,"player_choice":"Ignored","damage_taken":0,"max_hp_gain":0,"max_hp_loss":0,"event_name":"Vampires","floor":22,"gold_loss":0},{"damage_healed":0,"gold_gain":0,"player_choice":"Trade","damage_taken":0,"relics_obtained":["NlothsMask"],"max_hp_gain":0,"max_hp_loss":0,"event_name":"FaceTrader","floor":25,"gold_loss":0}],"is_beta":true,"boss_relics":[{"not_picked":["Empty Cage","Ectoplasm"],"picked":"Philosopher\u0027s Stone"},{"not_picked":["Snecko Eye","Velvet Choker"],"picked":"Astrolabe"}],"items_purged_floors":[14,36],"is_endless":false,"potions_floor_spawned":[1,8,13,20,27,35,37,48],"ascension_level":20}