{"gold_per_floor":[116,27,39,50,70,70,102,102,127,127,146,180,105,119,119,190,240,212,212,232,246,246,246,246,246,246,246],"floor_reached":27,"playtime":826,"items_purged":[],"score":446,"play_id":"12700edd-cb66-428f-bd3e-6c7f51b2cab3","local_time":"20191018172322","is_ascension_mode":true,"campfire_choices":[{"data":"Sever Soul","floor":6.0,"key":"SMITH"},{"data":"Wild Strike","floor":8.0,"key":"SMITH"},{"floor":10.0,"key":"REST"},{"floor":15.0,"key":"REST"},{"floor":23,"key":"REST"},{"data":"Juggernaut","floor":25,"key":"SMITH"}],"neow_cost":"NONE","seed_source_timestamp":333834150432400,"circlet_count":0,"master_deck":["AscendersBane","Strike_R","Strike_R+1","Strike_R","Strike_R","Defend_R","Defend_R","Defend_R","Defend_R","Bash","Deep Breath","Feel No Pain","Sever Soul+1","Metallicize","Wild Strike+1","Rampage","Juggernaut+1","Flame Barrier","Ghostly Armor","Evolve","RitualDagger"],"special_seed":0,"relics":["Burning Blood","Bottled Tornado","Oddly Smooth Stone","Pen Nib","Tiny House","StrikeDummy"],"potions_floor_usage":[20,21],"damage_taken":[{"damage":4.0,"enemies":"2 Louse","floor":1.0,"turns":4.0},{"damage":13.0,"enemies":"Jaw Worm","floor":3.0,"turns":8.0},{"damage":5.0,"enemies":"Small Slimes","floor":4.0,"turns":3.0},{"damage":19.0,"enemies":"Looter","floor":5.0,"turns":4.0},{"damage":29.0,"enemies":"Gremlin Nob","floor":7.0,"turns":4.0},{"damage":9.0,"enemies":"2 Fungi Beasts","floor":11.0,"turns":3.0},{"damage":28.0,"enemies":"Lagavulin","floor":12.0,"turns":7.0},{"damage":7.0,"enemies":"Large Slime","floor":14.0,"turns":5.0},{"damage":38.0,"enemies":"The Guardian","floor":16.0,"turns":12.0},{"damage":26,"enemies":"2 Thieves","floor":18,"turns":4},{"damage":3,"enemies":"3 Byrds","floor":20,"turns":5},{"damage":16,"enemies":"Centurion and Healer","floor":21,"turns":6},{"damage":36,"enemies":"Masked Bandits","floor":27,"turns":3}],"seed_played":"3429355629227622058","potions_obtained":[{"floor":1.0,"key":"Explosive Potion"},{"floor":5.0,"key":"Swift Potion"},{"floor":16.0,"key":"Explosive Potion"},{"floor":17,"key":"LiquidMemories"}],"is_trial":false,"path_per_floor":["M","$","M","M","M","R","E","R","T","R","M","E","?","M","R","B",null,"M","?","M","M","?","R","?","R","T","?"],"character_chosen":"IRONCLAD","items_purchased":["Feel No Pain"],"campfire_rested":3,"item_purchase_floors":[2],"current_hp_per_floor":[70,70,63,64,51,51,28,28,28,50,47,25,25,24,46,14,65,45,22,25,15,9,34,34,34,34,0],"gold":246,"neow_bonus":"RANDOM_COLORLESS","is_prod":false,"is_daily":false,"chose_seed":false,"campfire_upgraded":3,"win_rate":0,"timestamp":1571444602,"path_taken":["M","$","M","M","M","R","E","R","T","R","M","E","?","M","R","BOSS","M","?","M","M","?","R","?","R","T","?"],"build_version":"2019-10-17","purchased_purges":0,"victory":false,"max_hp_per_floor":[75,75,75,75,75,75,75,75,75,75,75,75,75,75,75,75,80,80,85,85,85,85,85,85,85,85,85],"card_choices":[{"not_picked":["Blind","Madness"],"picked":"Deep Breath","floor":0.0},{"not_picked":["Body Slam","Infernal Blade","Fire Breathing"],"picked":"SKIP","floor":1.0},{"not_picked":["Metallicize","True Grit"],"picked":"Sever Soul","floor":3.0},{"not_picked":["Pommel Strike","Thunderclap"],"picked":"Metallicize","floor":4.0},{"not_picked":["Blood for Blood","Clash","Armaments"],"picked":"SKIP","floor":5.0},{"not_picked":["Entrench","Inflame"],"picked":"Wild Strike","floor":7.0},{"not_picked":["Pommel Strike","Clash"],"picked":"Rampage","floor":11.0},{"not_picked":["Blood for Blood","Reckless Charge","Flex"],"picked":"SKIP","floor":12.0},{"not_picked":["Thunderclap","Clothesline","Iron Wave"],"picked":"SKIP","floor":14.0},{"not_picked":["Impervious","Berserk"],"picked":"Juggernaut","floor":16.0},{"not_picked":["Shockwave","Iron Wave"],"picked":"Flame Barrier","floor":17},{"not_picked":["Clothesline","Pommel Strike"],"picked":"Ghostly Armor","floor":18},{"not_picked":["Cleave","Sword Boomerang"],"picked":"Evolve","floor":20},{"not_picked":["Sword Boomerang","Anger","Perfected Strike+1"],"picked":"SKIP","floor":21}],"player_experience":1643633,"relics_obtained":[{"floor":7.0,"key":"Bottled Tornado"},{"floor":9.0,"key":"Oddly Smooth Stone"},{"floor":12.0,"key":"Pen Nib"},{"floor":26,"key":"StrikeDummy"}],"event_choices":[{"cards_removed":["Strike_R"],"damage_healed":0.0,"max_hp_gain":0.0,"max_hp_loss":0.0,"gold_gain":0.0,"event_name":"The Cleric","player_choice":"Card Removal","floor":13.0,"gold_loss":75.0,"damage_taken":0.0},{"damage_healed":0,"gold_gain":0,"player_choice":"Shed Blood","damage_taken":28,"max_hp_gain":5,"max_hp_loss":0,"event_name":"Forgotten Altar","floor":19,"gold_loss":0},{"damage_healed":0,"gold_gain":0,"player_choice":"Joined the Cult","damage_taken":6,"max_hp_gain":0,"max_hp_loss":0,"event_name":"Nest","floor":22,"gold_loss":0,"cards_obtained":["RitualDagger"]},{"damage_healed":0,"gold_gain":0,"player_choice":"Ignored","damage_taken":0,"max_hp_gain":0,"max_hp_loss":0,"event_name":"Ghosts","floor":24,"gold_loss":0},{"damage_healed":0,"gold_gain":0,"player_choice":"Fought Bandits","damage_taken":0,"max_hp_gain":0,"max_hp_loss":0,"event_name":"Masked Bandits","floor":27,"gold_loss":0}],"is_beta":true,"boss_relics":[{"not_picked":["Coffee Dripper","Pandora\u0027s Box"],"picked":"Tiny House"}],"items_purged_floors":[],"is_endless":false,"potions_floor_spawned":[1,5,7,16],"killed_by":"Masked Bandits","ascension_level":20}