{"gold_per_floor":[114,289,307,307,8,8,34,34,57,76,90,90,40,58,58,162,162,172,172,183,198,198,198],"floor_reached":23,"playtime":1290,"items_purged":["Doubt"],"score":220,"play_id":"76030d08-c09d-4c8f-ba2a-e54101a32960","local_time":"20190921180551","is_ascension_mode":true,"campfire_choices":[{"data":"Bane","floor":6,"key":"SMITH"},{"data":"Neutralize","floor":8,"key":"SMITH"},{"data":"Survivor","floor":12,"key":"SMITH"},{"data":"Slice","floor":15,"key":"SMITH"}],"neow_cost":"NONE","seed_source_timestamp":122375318122900,"circlet_count":0,"master_deck":["Strike_G+1","Strike_G+1","Strike_G+1","Strike_G+1","Strike_G+1","Defend_G+1","Defend_G+1","Defend_G+1","Defend_G+1","Defend_G+1","Survivor+1","Neutralize+1","Distraction","Bane+1","Poisoned Stab","Flying Knee","Crippling Poison","Poisoned Stab","Slice+1","After Image","Dodge and Roll+1","Dodge and Roll","Flying Knee+1"],"relics":["Ring of the Snake","Regal Pillow","Kunai","Bag of Marbles","Smiling Mask","Sozu"],"potions_floor_usage":[7,21,23],"damage_taken":[{"damage":16,"enemies":"Jaw Worm","floor":1,"turns":7},{"damage":2,"enemies":"Small Slimes","floor":3,"turns":7},{"damage":19,"enemies":"3 Sentries","floor":7,"turns":10},{"damage":0,"enemies":"Cultist","floor":10,"turns":3},{"damage":0,"enemies":"Red Slaver","floor":11,"turns":1},{"damage":3,"enemies":"Blue Slaver","floor":14,"turns":3},{"damage":22,"enemies":"Hexaghost","floor":16,"turns":10},{"damage":9,"enemies":"2 Thieves","floor":18,"turns":4},{"damage":1,"enemies":"Chosen","floor":20,"turns":6},{"damage":4,"enemies":"3 Cultists","floor":21,"turns":8},{"damage":76,"enemies":"Gremlin Leader","floor":23,"turns":7}],"seed_played":"1105878040963689318","potions_obtained":[{"floor":1,"key":"Fire Potion"},{"floor":10,"key":"Block Potion"},{"floor":14,"key":"Ancient Potion"}],"is_trial":false,"path_per_floor":["M","?","M","?","$","R","E","R","T","M","M","R","$","M","R","B",null,"M","?","M","M","?","E"],"character_chosen":"THE_SILENT","items_purchased":["Kunai","Poisoned Stab"],"campfire_rested":0,"item_purchase_floors":[5,5],"current_hp_per_floor":[61,61,59,59,59,59,40,40,40,40,40,40,40,37,37,15,77,68,68,67,63,63,0],"gold":198,"neow_bonus":"TEN_PERCENT_HP_BONUS","is_prod":false,"is_daily":false,"chose_seed":false,"campfire_upgraded":4,"win_rate":0,"timestamp":1569081951,"path_taken":["M","?","M","?","$","R","E","R","T","?","M","R","?","M","R","BOSS","M","?","?","M","?","E"],"build_version":"2019-07-17","purchased_purges":1,"victory":false,"max_hp_per_floor":[77,77,77,77,77,77,77,77,77,77,77,77,77,77,77,77,77,77,77,77,77,77,77],"card_choices":[{"not_picked":["Outmaneuver","Crippling Poison"],"picked":"Distraction","floor":1},{"not_picked":["Quick Slash","Deadly Poison"],"picked":"Bane","floor":3},{"not_picked":["Envenom","Backflip"],"picked":"Flying Knee","floor":7},{"not_picked":["Dash","Distraction"],"picked":"Crippling Poison","floor":10},{"not_picked":["Quick Slash","Cloak And Dagger"],"picked":"Poisoned Stab","floor":11},{"not_picked":["Backflip","Dagger Spray"],"picked":"Slice","floor":14},{"not_picked":["Burst","Malaise"],"picked":"After Image","floor":16},{"not_picked":["Blade Dance+1","Deflect+1"],"picked":"Dodge and Roll","floor":18},{"not_picked":["Eviscerate+1","Cloak And Dagger"],"picked":"Dodge and Roll","floor":20},{"not_picked":["Tools of the Trade","Heel Hook"],"picked":"Flying Knee+1","floor":21}],"player_experience":207981,"relics_obtained":[{"floor":4,"key":"Regal Pillow"},{"floor":7,"key":"Bag of Marbles"},{"floor":9,"key":"Smiling Mask"}],"event_choices":[{"damage_healed":0,"gold_gain":175,"player_choice":"AGREE","damage_taken":0,"max_hp_gain":0,"max_hp_loss":0,"event_name":"Liars Game","floor":2,"gold_loss":0,"cards_obtained":["Doubt"]},{"damage_healed":0,"gold_gain":0,"player_choice":"Relic","damage_taken":0,"max_hp_gain":0,"max_hp_loss":0,"event_name":"Wheel of Change","floor":4,"gold_loss":0},{"damage_healed":0,"gold_gain":0,"player_choice":"Upgraded","damage_taken":0,"max_hp_gain":0,"max_hp_loss":0,"event_name":"Upgrade Shrine","floor":19,"gold_loss":0,"cards_upgraded":["Dodge and Roll"]},{"damage_healed":0,"gold_gain":0,"player_choice":"Simplicity","damage_taken":0,"max_hp_gain":0,"max_hp_loss":0,"event_name":"Back to Basics","floor":22,"gold_loss":0,"cards_upgraded":["Strike_G","Strike_G","Strike_G","Strike_G","Strike_G","Defend_G","Defend_G","Defend_G","Defend_G","Defend_G"]}],"is_beta":false,"boss_relics":[{"not_picked":["Coffee Dripper","Ring of the Serpent"],"picked":"Sozu"}],"items_purged_floors":[13],"is_endless":false,"potions_floor_spawned":[1,10,14,21],"killed_by":"Gremlin Leader","ascension_level":3}