{"gold_per_floor":[114,114,133,151,151,179,179,208,208,208,221,232,11,22,22,100,100,89,104,117,132,142,142,142,142,224,240,240,240,253,281,281,355,355,365,98,98,118,133,133,133,133,133,143,177,277,277,289,289,289,289,289,29,64,64],"floor_reached":55,"playtime":3290,"items_purged":["Strike_R"],"score":1149,"play_id":"ba0f2be7-89ec-4ff0-8dd0-e117e4eec692","local_time":"20190913193259","is_ascension_mode":true,"campfire_choices":[{"data":"Iron Wave","floor":7.0,"key":"SMITH"},{"data":"Shrug It Off","floor":15.0,"key":"SMITH"},{"data":"True Grit","floor":23.0,"key":"SMITH"},{"floor":25.0,"key":"REST"},{"data":"Demon Form","floor":29.0,"key":"SMITH"},{"floor":32.0,"key":"REST"},{"data":"Shrug It Off","floor":40.0,"key":"SMITH"},{"floor":42.0,"key":"REST"},{"floor":47.0,"key":"RECALL"},{"data":"Defend_R","floor":49.0,"key":"SMITH"},{"floor":52,"key":"REST"}],"neow_cost":"NONE","seed_source_timestamp":0,"circlet_count":0,"master_deck":["AscendersBane","Strike_R","Strike_R","Strike_R","Strike_R","Defend_R+1","Defend_R","Defend_R+1","Defend_R","Bash+1","Iron Wave+1","Iron Wave+1","Metallicize+1","Headbutt","Flame Barrier+1","Shrug It Off+1","Demon Form+1","Shrug It Off+1","True Grit+1","Iron Wave+1","Clothesline+1","Pummel+1","Immolate+1","Pommel Strike+1","Decay","Pommel Strike+1","Corruption+1","Pommel Strike+1"],"special_seed":0,"relics":["Burning Blood","Self Forming Clay","Sundial","Bottled Flame","Gremlin Horn","War Paint","Philosopher\u0027s Stone","Molten Egg 2","Singing Bowl","Busted Crown","Bag of Marbles","Pear","Du-Vu Doll","Pantograph","Dodecahedron"],"potions_floor_usage":[],"damage_taken":[{"damage":3.0,"enemies":"Jaw Worm","floor":1.0,"turns":5.0},{"damage":3.0,"enemies":"2 Louse","floor":3.0,"turns":3.0},{"damage":0.0,"enemies":"Small Slimes","floor":4.0,"turns":4.0},{"damage":15.0,"enemies":"Lagavulin","floor":6.0,"turns":6.0},{"damage":14.0,"enemies":"Gremlin Nob","floor":8.0,"turns":4.0},{"damage":4.0,"enemies":"Looter","floor":11.0,"turns":3.0},{"damage":0.0,"enemies":"Lots of Slimes","floor":12.0,"turns":3.0},{"damage":0.0,"enemies":"Exordium Thugs","floor":14.0,"turns":4.0},{"damage":43.0,"enemies":"Slime Boss","floor":16.0,"turns":20.0},{"damage":5.0,"enemies":"2 Thieves","floor":18.0,"turns":4.0},{"damage":2.0,"enemies":"3 Byrds","floor":19.0,"turns":1.0},{"damage":3.0,"enemies":"Centurion and Healer","floor":20.0,"turns":6.0},{"damage":14.0,"enemies":"Snecko","floor":21.0,"turns":6.0},{"damage":17.0,"enemies":"Snake Plant","floor":22.0,"turns":5.0},{"damage":9.0,"enemies":"Centurion and Healer","floor":27.0,"turns":8.0},{"damage":10.0,"enemies":"Chosen and Byrds","floor":30.0,"turns":6.0},{"damage":18.0,"enemies":"Book of Stabbing","floor":31.0,"turns":6.0},{"damage":23.0,"enemies":"Collector","floor":33.0,"turns":9.0},{"damage":1.0,"enemies":"3 Shapes","floor":35.0,"turns":2.0},{"damage":3.0,"enemies":"Orb Walker","floor":38.0,"turns":4.0},{"damage":39.0,"enemies":"Transient","floor":39.0,"turns":5.0},{"damage":8.0,"enemies":"Spire Growth","floor":44.0,"turns":5.0},{"damage":7.0,"enemies":"Giant Head","floor":45.0,"turns":7.0},{"damage":16.0,"enemies":"Mind Bloom Boss Battle","floor":46.0,"turns":7.0},{"damage":2.0,"enemies":"3 Darklings","floor":48.0,"turns":3.0},{"damage":48.0,"enemies":"Time Eater","floor":50.0,"turns":10.0},{"damage":72,"enemies":"Shield and Spear","floor":54,"turns":6},{"damage":66,"enemies":"The Heart","floor":55,"turns":5}],"seed_played":"-6137268565355001476","potions_obtained":[{"floor":0.0,"key":"GamblersBrew"},{"floor":0.0,"key":"PowerPotion"},{"floor":1.0,"key":"SneckoOil"},{"floor":6.0,"key":"SteroidPotion"},{"floor":8.0,"key":"SteroidPotion"},{"floor":12.0,"key":"Explosive Potion"},{"floor":18.0,"key":"Block Potion"},{"floor":19.0,"key":"Block Potion"},{"floor":27.0,"key":"PowerPotion"},{"floor":30.0,"key":"Energy Potion"},{"floor":31.0,"key":"Fire Potion"},{"floor":33.0,"key":"EssenceOfSteel"},{"floor":38.0,"key":"Ancient Potion"},{"floor":44.0,"key":"SpeedPotion"},{"floor":46.0,"key":"Dexterity Potion"}],"is_trial":false,"path_per_floor":["M","?","M","M","?","E","R","E","T","T","M","M","$","M","R","B",null,"M","M","M","M","M","R","?","R","T","M","?","R","M","E","R","B",null,"M","$","?","M","M","R","?","R","T","M","E","?","R","M","R","B",null,"R","$","E","B"],"character_chosen":"IRONCLAD","items_purchased":["Flame Barrier","War Paint","Pommel Strike+1","Bag of Marbles","Pantograph"],"campfire_rested":4,"item_purchase_floors":[13,13,36,36,53],"current_hp_per_floor":[75,59,62,68,68,59,59,51,51,51,53,59,59,65,65,28,67,68,72,75,67,56,56,41,66,66,63,63,63,59,47,72,55,78,85,85,85,87,56,56,58,85,85,85,94,84,84,90,90,48,91,105,105,41,0],"gold":64,"neow_bonus":"THREE_SMALL_POTIONS","is_prod":false,"is_daily":false,"chose_seed":false,"campfire_upgraded":6,"win_rate":0,"timestamp":1568428379,"path_taken":["M","?","M","M","?","E","R","E","T","?","M","M","$","M","R","BOSS","M","M","M","M","M","R","?","R","T","M","?","R","M","E","R","BOSS","M","$","?","?","M","R","?","R","T","M","E","?","R","M","R","BOSS","R","$","E","BOSS"],"build_version":"2019-07-17","purchased_purges":1,"victory":false,"max_hp_per_floor":[80,80,80,80,80,80,80,80,80,80,80,80,80,80,80,80,80,80,80,80,80,80,80,85,85,85,85,85,85,85,85,85,85,85,87,87,87,87,89,89,91,91,91,93,103,103,103,105,105,105,105,105,105,107,107],"card_choices":[{"not_picked":["Twin Strike","Clash"],"picked":"Iron Wave","floor":1.0},{"not_picked":["Corruption","Twin Strike"],"picked":"Iron Wave","floor":3.0},{"not_picked":["Sword Boomerang","Infernal Blade"],"picked":"Metallicize","floor":4.0},{"not_picked":["Fire Breathing","Warcry"],"picked":"Headbutt","floor":6.0},{"not_picked":["Cleave","Heavy Blade","Thunderclap"],"picked":"SKIP","floor":8.0},{"not_picked":["Dark Embrace","Cleave","Headbutt"],"picked":"SKIP","floor":11.0},{"not_picked":["Cleave","Heavy Blade","Anger"],"picked":"SKIP","floor":12.0},{"not_picked":["Heavy Blade","Evolve"],"picked":"Shrug It Off","floor":14.0},{"not_picked":["Barricade","Reaper"],"picked":"Demon Form","floor":16.0},{"not_picked":["Iron Wave","Headbutt"],"picked":"Shrug It Off","floor":18.0},{"not_picked":["Hemokinesis","Warcry","Clash"],"picked":"SKIP","floor":19.0},{"not_picked":["Shrug It Off","Shockwave"],"picked":"True Grit","floor":20.0},{"not_picked":["Havoc","Uppercut","Armaments"],"picked":"SKIP","floor":21.0},{"not_picked":["Iron Wave","Perfected Strike","Reckless Charge+1"],"picked":"SKIP","floor":22.0},{"not_picked":["Twin Strike+1","Anger+1"],"picked":"Iron Wave+1","floor":27.0},{"not_picked":["Burning Pact","Infernal Blade"],"picked":"Clothesline+1","floor":30.0},{"not_picked":["Wild Strike+1","Headbutt+1"],"picked":"Pummel+1","floor":31.0},{"not_picked":["Limit Break","Dark Embrace"],"picked":"Immolate+1","floor":33.0},{"not_picked":["Infernal Blade"],"picked":"Singing Bowl","floor":35.0},{"not_picked":[],"picked":"Pommel Strike+1","floor":38.0},{"not_picked":["Havoc"],"picked":"Singing Bowl","floor":39.0},{"not_picked":["Dramatic Entrance+1"],"picked":"Singing Bowl","floor":41.0},{"not_picked":["Shockwave"],"picked":"Singing Bowl","floor":44.0},{"not_picked":[],"picked":"Corruption+1","floor":45.0},{"not_picked":[],"picked":"Pommel Strike+1","floor":46.0},{"not_picked":["Fire Breathing"],"picked":"Singing Bowl","floor":48.0},{"not_picked":["Uppercut+1"],"picked":"Singing Bowl","floor":54}],"player_experience":304256,"relics_obtained":[{"floor":6.0,"key":"Self Forming Clay"},{"floor":8.0,"key":"Sundial"},{"floor":9.0,"key":"Bottled Flame"},{"floor":10.0,"key":"Gremlin Horn"},{"floor":26.0,"key":"Molten Egg 2"},{"floor":31.0,"key":"Singing Bowl"},{"floor":45.0,"key":"Pear"},{"floor":46.0,"key":"Du-Vu Doll"},{"floor":54,"key":"Dodecahedron"}],"event_choices":[{"damage_healed":0.0,"max_hp_gain":0.0,"max_hp_loss":0.0,"gold_gain":0.0,"event_name":"Shining Light","player_choice":"Entered Light","floor":2.0,"gold_loss":0.0,"damage_taken":16.0,"cards_upgraded":["Bash","Iron Wave"]},{"damage_healed":0.0,"max_hp_gain":0.0,"max_hp_loss":0.0,"gold_gain":0.0,"event_name":"Living Wall","player_choice":"Grow","floor":5.0,"gold_loss":0.0,"damage_taken":0.0,"cards_upgraded":["Metallicize"]},{"damage_healed":0.0,"max_hp_gain":5.0,"max_hp_loss":0.0,"gold_gain":0.0,"event_name":"Forgotten Altar","player_choice":"Shed Blood","floor":24.0,"gold_loss":0.0,"damage_taken":20.0},{"damage_healed":0.0,"max_hp_gain":0.0,"max_hp_loss":0.0,"gold_gain":0.0,"event_name":"Cursed Tome","player_choice":"Ignored","floor":28.0,"gold_loss":0.0,"damage_taken":0.0},{"damage_healed":0.0,"max_hp_gain":0.0,"max_hp_loss":0.0,"gold_gain":0.0,"event_name":"Wheel of Change","player_choice":"Cursed","floor":37.0,"gold_loss":0.0,"damage_taken":0.0,"cards_obtained":["Decay"]},{"damage_healed":0.0,"max_hp_gain":0.0,"max_hp_loss":0.0,"gold_gain":0.0,"event_name":"SensoryStone","player_choice":"Memory 1","floor":41.0,"gold_loss":0.0,"damage_taken":0.0},{"damage_healed":0.0,"max_hp_gain":0.0,"max_hp_loss":0.0,"gold_gain":0.0,"event_name":"MindBloom","player_choice":"Fight","floor":46.0,"gold_loss":0.0,"damage_taken":0.0}],"is_beta":false,"boss_relics":[{"not_picked":["Mark of Pain","Ectoplasm"],"picked":"Philosopher\u0027s Stone"},{"not_picked":["Pandora\u0027s Box","Runic Cube"],"picked":"Busted Crown"}],"items_purged_floors":[36],"is_endless":false,"potions_floor_spawned":[1,6,8,12,18,19,27,30,31,33,38,44,46],"killed_by":"The Heart","ascension_level":13}