{"gold_per_floor":[116,133,144,157,170,203,203,203,203,203,224,260,280,301,301,427,427,410,3,18,18,18,18,39,39,93,129,129,129,150,175,175,301,301,322,322,655,184,199,199,210,210,235,253,253,286,300,333,333,333,333,333,29,57,57],"floor_reached":55,"playtime":4469,"items_purged":["Strike_R","Strike_R"],"score":1332,"play_id":"de425267-9c1a-41cc-a412-bcf0822d0195","local_time":"20190908190641","is_ascension_mode":true,"campfire_choices":[{"data":"Armaments","floor":7.0,"key":"SMITH"},{"floor":15.0,"key":"REST"},{"data":"Metallicize","floor":23.0,"key":"SMITH"},{"data":"Metallicize","floor":25.0,"key":"SMITH"},{"data":"Flame Barrier","floor":28.0,"key":"SMITH"},{"floor":32.0,"key":"DIG"},{"data":"Apotheosis","floor":40.0,"key":"SMITH"},{"floor":42.0,"key":"DIG"},{"floor":45.0,"key":"RECALL"},{"floor":49.0,"key":"DIG"},{"floor":52.0,"key":"REST"}],"neow_cost":"NONE","seed_source_timestamp":0,"circlet_count":0,"master_deck":["AscendersBane","Strike_R","Defend_R","Defend_R","Defend_R","Defend_R","Bash","Headbutt","Armaments+1","Battle Trance","Shrug It Off","Metallicize+1","Flame Barrier+1","Whirlwind","Demon Form","Metallicize+1","Burning Pact","Warcry","Demon Form","Impervious","True Grit","Warcry+1","Apotheosis+1","Shrug It Off","Metallicize","Sentinel+1","Sentinel+1"],"special_seed":0,"relics":["Burning Blood","Thread and Needle","Sundial","Pen Nib","Mark of Pain","Letter Opener","Blood Vial","Shovel","Self Forming Clay","FossilizedHelix","Philosopher\u0027s Stone","Gremlin Horn","Prayer Wheel","Toxic Egg 2","Lantern","Dodecahedron","Mercury Hourglass"],"potions_floor_usage":[],"damage_taken":[{"damage":6.0,"enemies":"Cultist","floor":1.0,"turns":4.0},{"damage":1.0,"enemies":"2 Louse","floor":2.0,"turns":2.0},{"damage":0.0,"enemies":"Small Slimes","floor":3.0,"turns":3.0},{"damage":14.0,"enemies":"Blue Slaver","floor":4.0,"turns":5.0},{"damage":28.0,"enemies":"Exordium Thugs","floor":5.0,"turns":7.0},{"damage":28.0,"enemies":"3 Sentries","floor":6.0,"turns":9.0},{"damage":0.0,"enemies":"Lagavulin","floor":8.0,"turns":1.0},{"damage":2.0,"enemies":"Looter","floor":11.0,"turns":4.0},{"damage":11.0,"enemies":"Gremlin Nob","floor":12.0,"turns":4.0},{"damage":3.0,"enemies":"2 Fungi Beasts","floor":13.0,"turns":3.0},{"damage":5.0,"enemies":"Lots of Slimes","floor":14.0,"turns":6.0},{"damage":11.0,"enemies":"Slime Boss","floor":16.0,"turns":15.0},{"damage":13.0,"enemies":"2 Thieves","floor":18.0,"turns":4.0},{"damage":0.0,"enemies":"3 Byrds","floor":20.0,"turns":5.0},{"damage":11.0,"enemies":"Snake Plant","floor":24.0,"turns":8.0},{"damage":35.0,"enemies":"Book of Stabbing","floor":27.0,"turns":10.0},{"damage":3.0,"enemies":"Sentry and Sphere","floor":30.0,"turns":11.0},{"damage":2.0,"enemies":"Snecko","floor":31.0,"turns":9.0},{"damage":0.0,"enemies":"Champ","floor":33.0,"turns":13.0},{"damage":2.0,"enemies":"3 Darklings","floor":35.0,"turns":4.0},{"damage":6.0,"enemies":"Orb Walker","floor":39.0,"turns":6.0},{"damage":5.0,"enemies":"Jaw Worm Horde","floor":41.0,"turns":4.0},{"damage":0.0,"enemies":"Spire Growth","floor":44.0,"turns":6.0},{"damage":0.0,"enemies":"Reptomancer","floor":46.0,"turns":7.0},{"damage":0.0,"enemies":"Maw","floor":47.0,"turns":6.0},{"damage":0.0,"enemies":"Nemesis","floor":48.0,"turns":9.0},{"damage":66.0,"enemies":"Awakened One","floor":50.0,"turns":14.0},{"damage":0.0,"enemies":"Shield and Spear","floor":54.0,"turns":4.0},{"damage":76,"enemies":"The Heart","floor":55,"turns":6}],"seed_played":"-1879804598651291660","potions_obtained":[{"floor":0.0,"key":"EntropicBrew"},{"floor":0.0,"key":"SmokeBomb"},{"floor":0.0,"key":"FairyPotion"},{"floor":4.0,"key":"Block Potion"},{"floor":11.0,"key":"SpeedPotion"},{"floor":12.0,"key":"GamblersBrew"},{"floor":16.0,"key":"Explosive Potion"},{"floor":20.0,"key":"Strength Potion"},{"floor":27.0,"key":"Strength Potion"},{"floor":39.0,"key":"AttackPotion"},{"floor":44.0,"key":"Dexterity Potion"},{"floor":47.0,"key":"FearPotion"},{"floor":48.0,"key":"LiquidBronze"}],"is_trial":false,"path_per_floor":["M","M","M","M","M","E","R","E","T","?","M","E","M","M","R","B",null,"M","$","M","?","?","R","M","R","T","E","R","T","M","M","R","B",null,"M","?","?","$","M","R","M","R","T","M","R","E","M","E","R","B",null,"R","$","E","B"],"character_chosen":"IRONCLAD","items_purchased":["Burning Pact","Letter Opener","Apotheosis","Shrug It Off","Metallicize","AttackPotion","Dodecahedron","Swift Potion"],"campfire_rested":2,"item_purchase_floors":[19,19,38,38,38,38,53,53],"current_hp_per_floor":[72,77,80,72,50,28,28,34,34,34,38,33,36,37,59,54,69,62,62,68,68,68,68,63,63,63,36,36,36,41,47,47,55,69,74,74,74,74,74,74,74,74,74,74,74,74,74,74,74,14,59,74,74,74,0],"gold":57,"neow_bonus":"THREE_SMALL_POTIONS","is_prod":false,"is_daily":false,"chose_seed":false,"campfire_upgraded":5,"win_rate":0,"timestamp":1567994801,"path_taken":["M","M","M","?","M","E","R","E","T","?","M","E","M","M","R","BOSS","M","$","M","?","?","R","M","R","T","E","R","?","?","M","R","BOSS","M","?","?","$","M","R","M","R","T","M","R","E","M","E","R","BOSS","R","$","E","BOSS"],"build_version":"2019-07-17","purchased_purges":2,"victory":false,"max_hp_per_floor":[80,80,80,80,80,80,80,80,80,74,74,74,74,74,74,74,74,74,74,74,74,74,74,74,74,74,74,74,74,74,74,74,74,74,74,74,74,74,74,74,74,74,74,74,74,74,74,74,74,74,74,74,74,74,74],"card_choices":[{"not_picked":["Heavy Blade","Sentinel"],"picked":"Headbutt","floor":1.0},{"not_picked":["Heavy Blade","Pummel","Shockwave"],"picked":"SKIP","floor":2.0},{"not_picked":["Battle Trance","Corruption"],"picked":"Armaments","floor":3.0},{"not_picked":["Flex","Anger"],"picked":"Battle Trance","floor":4.0},{"not_picked":["Rampage","Clothesline","Warcry"],"picked":"SKIP","floor":5.0},{"not_picked":["Havoc","Flex","Sword Boomerang"],"picked":"SKIP","floor":6.0},{"not_picked":["Iron Wave","Power Through"],"picked":"Shrug It Off","floor":11.0},{"not_picked":["Clothesline","Evolve"],"picked":"Metallicize","floor":12.0},{"not_picked":["Barricade","Pummel"],"picked":"Flame Barrier","floor":13.0},{"not_picked":["Iron Wave","Disarm"],"picked":"Whirlwind","floor":14.0},{"not_picked":["Feed","Immolate"],"picked":"Demon Form","floor":16.0},{"not_picked":["Sword Boomerang","Anger"],"picked":"Metallicize","floor":18.0},{"not_picked":["Heavy Blade","Wild Strike","Fire Breathing+1"],"picked":"SKIP","floor":20.0},{"not_picked":["Anger","Twin Strike"],"picked":"Impervious","floor":24.0},{"not_picked":["Thunderclap","Twin Strike+1","Seeing Red"],"picked":"SKIP","floor":27.0},{"not_picked":["Clash","Anger"],"picked":"True Grit","floor":30.0},{"not_picked":["Flex","Pommel Strike","Seeing Red+1"],"picked":"SKIP","floor":31.0},{"not_picked":["Havoc+1","Armaments"],"picked":"Warcry+1","floor":35.0},{"not_picked":["Spot Weakness","Dual Wield+1","Burning Pact"],"picked":"SKIP","floor":39.0},{"not_picked":["Twin Strike+1","Rage+1","Perfected Strike+1"],"picked":"SKIP","floor":41.0},{"not_picked":["Dual Wield+1","Perfected Strike+1","Sword Boomerang+1"],"picked":"SKIP","floor":44.0},{"not_picked":["Battle Trance","Reaper"],"picked":"Sentinel+1","floor":46.0},{"not_picked":["Seeing Red","Disarm","Cleave"],"picked":"SKIP","floor":47.0},{"not_picked":["Uppercut+1","Corruption","Sentinel"],"picked":"SKIP","floor":47.0},{"not_picked":["True Grit","Exhume"],"picked":"Sentinel+1","floor":48.0},{"not_picked":["Shockwave+1","Anger","Heavy Blade"],"picked":"SKIP","floor":54.0}],"player_experience":289548,"relics_obtained":[{"floor":6.0,"key":"Thread and Needle"},{"floor":9.0,"key":"Sundial"},{"floor":12.0,"key":"Pen Nib"},{"floor":26.0,"key":"Blood Vial"},{"floor":27.0,"key":"Shovel"},{"floor":29.0,"key":"Self Forming Clay"},{"floor":32.0,"key":"FossilizedHelix"},{"floor":42.0,"key":"Gremlin Horn"},{"floor":46.0,"key":"Prayer Wheel"},{"floor":48.0,"key":"Toxic Egg 2"},{"floor":49.0,"key":"Lantern"},{"floor":54.0,"key":"Mercury Hourglass"}],"event_choices":[{"damage_healed":0.0,"max_hp_gain":0.0,"max_hp_loss":6.0,"gold_gain":0.0,"event_name":"Golden Idol","player_choice":"Lose Max HP","floor":10.0,"gold_loss":0.0,"damage_taken":0.0,"relics_obtained":["Golden Idol"]},{"damage_healed":0.0,"max_hp_gain":0.0,"max_hp_loss":0.0,"gold_gain":0.0,"cards_transformed":["Strike_R","Strike_R"],"event_name":"Drug Dealer","player_choice":"Became Test Subject","floor":21.0,"gold_loss":0.0,"damage_taken":0.0,"cards_obtained":["Warcry","Demon Form"]},{"damage_healed":0.0,"max_hp_gain":0.0,"max_hp_loss":0.0,"gold_gain":0.0,"event_name":"The Mausoleum","player_choice":"Ignored","floor":22.0,"gold_loss":0.0,"damage_taken":0.0},{"damage_healed":0.0,"max_hp_gain":0.0,"max_hp_loss":0.0,"gold_gain":0.0,"event_name":"Tomb of Lord Red Mask","player_choice":"Ignored","floor":36.0,"gold_loss":0.0,"damage_taken":0.0},{"damage_healed":0.0,"max_hp_gain":0.0,"max_hp_loss":0.0,"gold_gain":333.0,"event_name":"The Moai Head","player_choice":"Gave Idol","floor":37.0,"relics_lost":["Golden Idol"],"gold_loss":0.0,"damage_taken":0.0}],"is_beta":false,"boss_relics":[{"not_picked":["Eternal Feather","Pandora\u0027s Box"],"picked":"Mark of Pain"},{"not_picked":["Lizard Tail","Empty Cage"],"picked":"Philosopher\u0027s Stone"}],"items_purged_floors":[19,38],"is_endless":false,"potions_floor_spawned":[4,8,11,12,16,20,27,39,44,47,48],"killed_by":"The Heart","ascension_level":10}