{"gold_per_floor":[114,127,41,59,59,59,73,73,123,123,156,231,231,271,271,271],"floor_reached":16,"playtime":1896,"items_purged":[],"score":108,"play_id":"7a77d872-87bb-4ee3-8ec6-83a951785313","local_time":"20190910182309","is_ascension_mode":false,"campfire_choices":[{"data":"Slice","floor":6,"key":"SMITH"},{"data":"Deflect","floor":8,"key":"SMITH"},{"data":"Backstab","floor":10,"key":"SMITH"},{"floor":15,"key":"REST"}],"neow_cost":"NONE","seed_source_timestamp":1507875166587900,"circlet_count":0,"master_deck":["Strike_G","Strike_G+1","Strike_G","Strike_G","Strike_G","Defend_G","Defend_G","Defend_G","Defend_G","Defend_G","Survivor","Neutralize","Underhanded Strike","Backstab+1","Expertise","Slice+1","Deflect","Deflect+1","Masterful Stab+1","Flying Knee"],"relics":["Ring of the Snake","Golden Idol","Bag of Marbles","Regal Pillow","Whetstone"],"potions_floor_usage":[14,16,16],"damage_taken":[{"damage":1,"enemies":"2 Louse","floor":1,"turns":4},{"damage":1,"enemies":"Jaw Worm","floor":2,"turns":7},{"damage":0,"enemies":"Small Slimes","floor":4,"turns":2},{"damage":2,"enemies":"Blue Slaver","floor":7,"turns":4},{"damage":22,"enemies":"Gremlin Nob","floor":11,"turns":5},{"damage":22,"enemies":"Lagavulin","floor":14,"turns":5},{"damage":64,"enemies":"The Guardian","floor":16,"turns":11}],"seed_played":"-8213017060047070098","potions_obtained":[{"floor":2,"key":"Swift Potion"},{"floor":11,"key":"SkillPotion"},{"floor":14,"key":"PowerPotion"}],"is_trial":false,"path_per_floor":["M","M","$","M","?","R","M","R","T","R","E","?","?","E","R","B"],"character_chosen":"THE_SILENT","items_purchased":["Expertise","Slice"],"campfire_rested":1,"item_purchase_floors":[3,3],"current_hp_per_floor":[76,75,75,75,56,56,54,54,54,54,32,21,46,24,62,0],"gold":271,"neow_bonus":"TEN_PERCENT_HP_BONUS","is_prod":false,"is_daily":false,"chose_seed":false,"campfire_upgraded":3,"win_rate":0.0,"timestamp":1568132589,"path_taken":["M","M","$","M","?","R","M","R","T","R","E","?","?","E","R","BOSS"],"build_version":"2019-07-17","purchased_purges":0,"victory":false,"max_hp_per_floor":[77,77,77,77,77,77,77,77,77,77,77,77,77,77,77,77],"card_choices":[{"not_picked":["Acrobatics","Dodge and Roll"],"picked":"Underhanded Strike","floor":1},{"not_picked":["Slice","Acrobatics"],"picked":"Backstab","floor":2},{"not_picked":["Sucker Punch","Dagger Throw"],"picked":"Deflect","floor":4},{"not_picked":["Underhanded Strike","Sucker Punch"],"picked":"Deflect","floor":7},{"not_picked":["Underhanded Strike","Well Laid Plans"],"picked":"Masterful Stab","floor":11},{"not_picked":["Underhanded Strike","Tools of the Trade"],"picked":"Flying Knee","floor":14}],"player_experience":20966,"relics_obtained":[{"floor":9,"key":"Bag of Marbles"},{"floor":11,"key":"Regal Pillow"},{"floor":14,"key":"Whetstone"}],"event_choices":[{"damage_healed":0,"gold_gain":0,"player_choice":"Take Damage","damage_taken":19,"relics_obtained":["Golden Idol"],"max_hp_gain":0,"max_hp_loss":0,"event_name":"Golden Idol","floor":5,"gold_loss":0},{"damage_healed":0,"gold_gain":75,"player_choice":"Gather Gold","damage_taken":11,"max_hp_gain":0,"max_hp_loss":0,"event_name":"World of Goop","floor":12,"gold_loss":0},{"damage_healed":25,"gold_gain":0,"player_choice":"Banana","damage_taken":0,"max_hp_gain":0,"max_hp_loss":0,"event_name":"Big Fish","floor":13,"gold_loss":0}],"is_beta":false,"boss_relics":[],"items_purged_floors":[],"is_endless":false,"potions_floor_spawned":[2,11,14],"killed_by":"The Guardian","ascension_level":0}