{"gold_per_floor":[115,128,128,53,53,85,96,127,150,150,178,194,194,221,221,297,297,308,323,12,31,31,31,63,63,63,73,102,102,115,115,115,192,192,205,79,91,13,32,63,63,63,111,111,140,37,62,74,74,74,74],"floor_reached":52,"playtime":2331,"items_purged":["Pain","Strike_R","Strike_R","Strike_R"],"score":2017,"play_id":"25d86014-25ca-4902-a94d-6585d81f93f9","local_time":"20191004163933","is_ascension_mode":true,"campfire_choices":[{"data":"Combust","floor":10.0,"key":"SMITH"},{"data":"Disarm","floor":15.0,"key":"SMITH"},{"floor":23,"key":"REST"},{"data":"Disarm","floor":25,"key":"SMITH"},{"data":"Battle Trance","floor":29,"key":"SMITH"},{"data":"Disarm","floor":32,"key":"SMITH"},{"floor":41,"key":"REST"},{"floor":44,"key":"REST"},{"floor":49,"key":"REST"}],"neow_cost":"NONE","seed_source_timestamp":266460046723700,"circlet_count":0,"master_deck":["AscendersBane","Strike_R+1","Defend_R","Defend_R","Defend_R","Defend_R","Bash","Disarm+1","Combust+1","Feed+1","Power Through","Disarm+1","Battle Trance+1","Second Wind","Fiend Fire+1","Spot Weakness+1","Power Through","Disarm+1","Headbutt","Power Through","Uppercut+1","Disarm+1","Juggernaut","Evolve","Battle Trance","Burning Pact","Feel No Pain","Searing Blow","Metallicize","Burning Pact+1","Fiend Fire"],"special_seed":0,"relics":["Burning Blood","Ancient Tea Set","WarpedTongs","Gremlin Horn","Bag of Preparation","Pen Nib","Whetstone","Paper Frog","Odd Mushroom","Mark of Pain","Smiling Mask","Champion Belt","Strawberry","Sundial","Fusion Hammer","Bottled Tornado","Blood Vial","Bird Faced Urn","Meat on the Bone"],"potions_floor_usage":[27,33,37,39,40,50],"damage_taken":[{"damage":8.0,"enemies":"2 Louse","floor":1.0,"turns":4.0},{"damage":0.0,"enemies":"Cultist","floor":2.0,"turns":4.0},{"damage":34.0,"enemies":"Lagavulin","floor":6.0,"turns":7.0},{"damage":0.0,"enemies":"Small Slimes","floor":7.0,"turns":4.0},{"damage":28.0,"enemies":"3 Sentries","floor":8.0,"turns":6.0},{"damage":29.0,"enemies":"Gremlin Nob","floor":11.0,"turns":4.0},{"damage":0.0,"enemies":"Blue Slaver","floor":12.0,"turns":5.0},{"damage":8.0,"enemies":"The Mushroom Lair","floor":14.0,"turns":4.0},{"damage":5.0,"enemies":"The Guardian","floor":16.0,"turns":11.0},{"damage":27,"enemies":"2 Thieves","floor":18,"turns":5},{"damage":4,"enemies":"Chosen","floor":19,"turns":5},{"damage":4,"enemies":"Centurion and Healer","floor":21,"turns":5},{"damage":24,"enemies":"Book of Stabbing","floor":24,"turns":6},{"damage":8,"enemies":"Cultist and Chosen","floor":27,"turns":6},{"damage":22,"enemies":"Slavers","floor":28,"turns":8},{"damage":0,"enemies":"Snake Plant","floor":30,"turns":4},{"damage":70,"enemies":"Collector","floor":33,"turns":11},{"damage":13,"enemies":"3 Darklings","floor":35,"turns":7},{"damage":1,"enemies":"Orb Walker","floor":37,"turns":3},{"damage":11,"enemies":"Maw","floor":39,"turns":8},{"damage":63,"enemies":"Reptomancer","floor":40,"turns":5},{"damage":12,"enemies":"Nemesis","floor":45,"turns":5},{"damage":65,"enemies":"Reptomancer","floor":47,"turns":5},{"damage":21,"enemies":"3 Darklings","floor":48,"turns":6},{"damage":4,"enemies":"Time Eater","floor":50,"turns":9},{"damage":22,"enemies":"Donu and Deca","floor":51,"turns":7}],"seed_played":"-2603962369316007692","potions_obtained":[{"floor":1.0,"key":"DuplicationPotion"},{"floor":2.0,"key":"EssenceOfSteel"},{"floor":11.0,"key":"Swift Potion"},{"floor":12.0,"key":"AttackPotion"},{"floor":16.0,"key":"Energy Potion"},{"floor":24,"key":"Ancient Potion"},{"floor":27,"key":"Block Potion"},{"floor":28,"key":"LiquidBronze"},{"floor":33,"key":"BloodPotion"},{"floor":35,"key":"Ancient Potion"},{"floor":37,"key":"ElixirPotion"},{"floor":39,"key":"AttackPotion"}],"is_trial":false,"path_per_floor":["M","M","?","$","T","E","M","E","T","R","E","M","?","?","R","B",null,"M","M","$","M","?","R","E","R","T","M","E","R","M","?","R","B",null,"M","$","M","$","M","E","R","?","T","R","E","$","E","M","R","B","B",null],"character_chosen":"IRONCLAD","items_purchased":["Power Through","Disarm","Headbutt","Battle Trance","Feel No Pain","BloodPotion"],"campfire_rested":4,"item_purchase_floors":[20,20,20,36,38,46],"current_hp_per_floor":[66,72,72,72,72,44,53,35,35,35,16,26,26,28,28,29,78,61,63,63,69,69,99,85,85,85,87,78,78,88,88,88,24,97,94,94,124,124,119,62,99,99,99,125,119,119,68,75,112,124,117],"gold":74,"neow_bonus":"RANDOM_COMMON_RELIC","is_prod":false,"is_daily":false,"chose_seed":false,"campfire_upgraded":5,"win_rate":0,"timestamp":1570232373,"path_taken":["M","M","?","$","?","E","M","E","T","R","E","M","?","?","R","BOSS","M","M","$","M","?","R","E","R","T","?","E","R","M","?","R","BOSS","M","?","M","$","M","E","R","?","T","R","E","$","E","M","R","BOSS","BOSS"],"build_version":"2019-10-03","purchased_purges":4,"victory":true,"max_hp_per_floor":[75,75,75,75,75,75,78,82,82,82,86,90,90,94,94,94,94,98,98,98,102,102,102,106,106,106,110,117,117,121,121,121,121,121,125,125,125,125,125,125,125,125,125,125,125,125,125,125,125,125,129],"card_choices":[{"not_picked":["True Grit","Ghostly Armor"],"picked":"Disarm","floor":1.0},{"not_picked":["Searing Blow","Rupture"],"picked":"Combust","floor":2.0},{"not_picked":["Flex","Body Slam"],"picked":"Feed","floor":6.0},{"not_picked":["Warcry","Fire Breathing","Cleave"],"picked":"SKIP","floor":7.0},{"not_picked":["Perfected Strike","Spot Weakness"],"picked":"Power Through","floor":8.0},{"not_picked":["Bloodletting","Uppercut"],"picked":"Disarm","floor":11.0},{"not_picked":["Dual Wield","Anger"],"picked":"Battle Trance","floor":12.0},{"not_picked":["Iron Wave","Armaments"],"picked":"Second Wind","floor":14.0},{"not_picked":["Bludgeon","Impervious"],"picked":"Fiend Fire","floor":16.0},{"not_picked":["Clash","Perfected Strike","Iron Wave"],"picked":"SKIP","floor":18},{"not_picked":["Clash","Disarm"],"picked":"Spot Weakness+1","floor":19},{"not_picked":["Wild Strike","Pommel Strike"],"picked":"Power Through","floor":21},{"not_picked":["Ghostly Armor","Pommel Strike"],"picked":"Uppercut+1","floor":24},{"not_picked":["Cleave","Clash","Combust"],"picked":"SKIP","floor":27},{"not_picked":["Bludgeon","Corruption","Clothesline"],"picked":"SKIP","floor":28},{"not_picked":["Thunderclap+1","Sever Soul"],"picked":"Disarm","floor":30},{"not_picked":["Reaper","Fiend Fire"],"picked":"Juggernaut","floor":33},{"not_picked":["Searing Blow","Warcry"],"picked":"Evolve","floor":35},{"not_picked":["True Grit","Warcry"],"picked":"Burning Pact","floor":37},{"not_picked":["Sever Soul+1","Wild Strike","Uppercut"],"picked":"SKIP","floor":39},{"not_picked":["Cleave+1","Uppercut","Infernal Blade+1"],"picked":"SKIP","floor":40},{"not_picked":["Anger","Clothesline"],"picked":"Metallicize","floor":45},{"not_picked":["Blood for Blood","Shrug It Off"],"picked":"Burning Pact+1","floor":47},{"not_picked":["Metallicize","Anger"],"picked":"Fiend Fire","floor":48}],"player_experience":1248545,"relics_obtained":[{"floor":5.0,"key":"Gremlin Horn"},{"floor":6.0,"key":"Bag of Preparation"},{"floor":8.0,"key":"Pen Nib"},{"floor":9.0,"key":"Whetstone"},{"floor":11.0,"key":"Paper Frog"},{"floor":14.0,"key":"Odd Mushroom"},{"floor":24,"key":"Smiling Mask"},{"floor":26,"key":"Champion Belt"},{"floor":28,"key":"Strawberry"},{"floor":40,"key":"Bottled Tornado"},{"floor":43,"key":"Blood Vial"},{"floor":45,"key":"Bird Faced Urn"},{"floor":47,"key":"Meat on the Bone"}],"event_choices":[{"damage_healed":0.0,"max_hp_gain":0.0,"max_hp_loss":0.0,"gold_gain":0.0,"event_name":"Accursed Blacksmith","player_choice":"Rummage","floor":3.0,"gold_loss":0.0,"damage_taken":0.0,"relics_obtained":["WarpedTongs"],"cards_obtained":["Pain"]},{"damage_healed":0.0,"max_hp_gain":0.0,"max_hp_loss":0.0,"gold_gain":0.0,"event_name":"Living Wall","player_choice":"Grow","floor":13.0,"gold_loss":0.0,"damage_taken":0.0,"cards_upgraded":["Disarm"]},{"damage_healed":0.0,"max_hp_gain":0.0,"max_hp_loss":0.0,"gold_gain":0.0,"event_name":"Mushrooms","player_choice":"Fought Mushrooms","floor":14.0,"gold_loss":0.0,"damage_taken":0.0},{"damage_healed":0,"gold_gain":0,"player_choice":"Upgraded","damage_taken":0,"max_hp_gain":0,"max_hp_loss":0,"event_name":"Upgrade Shrine","floor":22,"gold_loss":0,"cards_upgraded":["Fiend Fire"]},{"damage_healed":0,"gold_gain":0,"player_choice":"Gave Potion","damage_taken":0,"relics_obtained":["Sundial"],"max_hp_gain":0,"max_hp_loss":0,"event_name":"WeMeetAgain","floor":31,"gold_loss":0},{"damage_healed":0,"gold_gain":0,"cards_transformed":["Strike_R"],"player_choice":"Transformed","damage_taken":0,"max_hp_gain":0,"max_hp_loss":0,"event_name":"Transmorgrifier","floor":42,"gold_loss":0,"cards_obtained":["Searing Blow"]}],"is_beta":true,"boss_relics":[{"not_picked":["Empty Cage","Coffee Dripper"],"picked":"Mark of Pain"},{"not_picked":["Busted Crown","Runic Dome"],"picked":"Fusion Hammer"}],"items_purged_floors":[4,20,36,46],"is_endless":false,"potions_floor_spawned":[1,2,11,12,16,24,27,28,33,35,37,39],"ascension_level":20}