{"gold_per_floor":[121,133,157,169,181,193,205,217,229,241,272,302,314,343,355,367],"floor_reached":16,"playtime":500,"items_purged":[],"score":180,"play_id":"c5f9b3f5-f569-4825-b400-d194e5b5f351","local_time":"20191019042558","is_ascension_mode":true,"campfire_choices":[{"data":"Uppercut","floor":6.0,"key":"SMITH"},{"data":"Bash","floor":8.0,"key":"SMITH"},{"data":"Defend_R","floor":10.0,"key":"SMITH"},{"data":"Entrench","floor":15,"key":"SMITH"}],"neow_cost":"NONE","seed_source_timestamp":182199359478100,"circlet_count":0,"master_deck":["AscendersBane","Strike_R","Strike_R","Strike_R","Strike_R","Defend_R+1","Defend_R","Defend_R","Defend_R","Bash+1","Uppercut+1","Entrench+1","Shockwave","Double Tap"],"special_seed":0,"relics":["Burning Blood","MawBank","Frozen Egg 2","Centennial Puzzle"],"potions_floor_usage":[],"damage_taken":[{"damage":12.0,"enemies":"Small Slimes","floor":1.0,"turns":6.0},{"damage":2.0,"enemies":"2 Louse","floor":3.0,"turns":3.0},{"damage":4.0,"enemies":"Jaw Worm","floor":11.0,"turns":3.0},{"damage":37.0,"enemies":"Gremlin Gang","floor":12.0,"turns":6.0},{"damage":2,"enemies":"2 Fungi Beasts","floor":14,"turns":4},{"damage":19,"enemies":"The Guardian","floor":16,"turns":5}],"seed_played":"-5360526712189129991","potions_obtained":[{"floor":11.0,"key":"GamblersBrew"},{"floor":14,"key":"Ancient Potion"}],"is_trial":false,"path_per_floor":["M","?","M","?","T","R","$","R","T","R","M","M","?","M","R","B"],"character_chosen":"IRONCLAD","items_purchased":[],"campfire_rested":0,"item_purchase_floors":[],"current_hp_per_floor":[62,62,66,59,59,59,59,59,59,59,61,30,30,34,34,15],"gold":367,"neow_bonus":"RANDOM_COMMON_RELIC","is_prod":false,"is_daily":false,"chose_seed":false,"campfire_upgraded":4,"win_rate":0,"timestamp":1571473558,"path_taken":["M","?","M","?","?","R","$","R","T","R","M","?","?","M","R","BOSS"],"build_version":"2019-07-17","purchased_purges":0,"victory":false,"max_hp_per_floor":[75,75,75,75,75,75,75,75,75,75,75,75,75,75,75,75],"card_choices":[{"not_picked":["Twin Strike","Second Wind"],"picked":"Uppercut","floor":1.0},{"not_picked":["Warcry","Bloodletting","Sentinel"],"picked":"SKIP","floor":3.0},{"not_picked":["Rampage","Perfected Strike"],"picked":"Entrench","floor":11.0},{"not_picked":["Sword Boomerang","Wild Strike","Anger"],"picked":"SKIP","floor":12.0},{"not_picked":["Clothesline","Combust+1","Cleave"],"picked":"SKIP","floor":14}],"player_experience":867850,"relics_obtained":[{"floor":5.0,"key":"Frozen Egg 2"},{"floor":9.0,"key":"Centennial Puzzle"}],"event_choices":[{"damage_healed":0.0,"max_hp_gain":0.0,"max_hp_loss":0.0,"gold_gain":0.0,"event_name":"Liars Game","player_choice":"Ignored","floor":2.0,"gold_loss":0.0,"damage_taken":0.0},{"cards_removed":["Strike_R"],"damage_healed":0.0,"max_hp_gain":0.0,"max_hp_loss":0.0,"gold_gain":0.0,"event_name":"Golden Wing","player_choice":"Card Removal","floor":4.0,"gold_loss":0.0,"damage_taken":7.0},{"damage_healed":0,"gold_gain":0,"player_choice":"2 cards matched","damage_taken":0,"max_hp_gain":0,"max_hp_loss":0,"event_name":"Match and Keep!","floor":13,"gold_loss":0,"cards_obtained":["Shockwave","Double Tap"]}],"is_beta":false,"boss_relics":[],"items_purged_floors":[],"is_endless":false,"potions_floor_spawned":[11,14],"killed_by":"The Guardian","ascension_level":20}