{"gold_per_floor":[366,376,389,402,420,420,453,453,476,476,476,476,511,64,64,155,155,155,155,155,155,155,155,155,155,155,155,155,155,155,155,155,155],"floor_reached":33,"playtime":943,"items_purged":["Injury"],"score":562,"play_id":"21e57280-8530-4485-a2b7-e27103621520","local_time":"20191001122032","is_ascension_mode":true,"campfire_choices":[{"data":"Wild Strike","floor":6,"key":"SMITH"},{"data":"Flame Barrier","floor":8,"key":"SMITH"},{"data":"Anger","floor":10,"key":"SMITH"},{"data":"Bash","floor":12,"key":"SMITH"},{"data":"Fire Breathing","floor":15,"key":"SMITH"},{"floor":23,"key":"REST"},{"data":"Feel No Pain","floor":25,"key":"SMITH"},{"data":"Disarm","floor":28,"key":"SMITH"},{"floor":32,"key":"REST"}],"neow_cost":"TEN_PERCENT_HP_LOSS","seed_source_timestamp":1252695692084000,"circlet_count":0,"master_deck":["AscendersBane","Strike_R+1","Strike_R+1","Strike_R","Strike_R","Defend_R","Defend_R","Defend_R","Defend_R","Bash+1","Anger+1","Flame Barrier+1","Wild Strike+1","Feel No Pain+1","Headbutt","Shrug It Off","Fire Breathing+1","Fiend Fire+1","Shrug It Off","Wild Strike+1","Disarm+1","Evolve","True Grit"],"relics":["Burning Blood","Kunai","Boot","Golden Idol","White Beast Statue","Molten Egg 2","Ectoplasm","Strawberry","Whetstone"],"potions_floor_usage":[7,7,20,20,22,29,29,30,33],"damage_taken":[{"damage":21,"enemies":"Jaw Worm","floor":1,"turns":5},{"damage":0,"enemies":"Cultist","floor":2,"turns":3},{"damage":7,"enemies":"Small Slimes","floor":3,"turns":3},{"damage":4,"enemies":"3 Louse","floor":4,"turns":4},{"damage":9,"enemies":"Exordium Wildlife","floor":5,"turns":4},{"damage":8,"enemies":"Gremlin Nob","floor":7,"turns":3},{"damage":19,"enemies":"Lagavulin","floor":13,"turns":7},{"damage":12,"enemies":"Slime Boss","floor":16,"turns":6},{"damage":0,"enemies":"Chosen","floor":18,"turns":3},{"damage":29,"enemies":"3 Byrds","floor":19,"turns":4},{"damage":13,"enemies":"Snecko","floor":20,"turns":4},{"damage":21,"enemies":"Snake Plant","floor":22,"turns":4},{"damage":8,"enemies":"Chosen and Byrds","floor":24,"turns":5},{"damage":8,"enemies":"Centurion and Healer","floor":27,"turns":6},{"damage":48,"enemies":"Slavers","floor":29,"turns":5},{"damage":0,"enemies":"Sentry and Sphere","floor":30,"turns":2},{"damage":15,"enemies":"Snake Plant","floor":31,"turns":3},{"damage":35,"enemies":"Automaton","floor":33,"turns":6}],"seed_played":"-889805942037394274","potions_obtained":[{"floor":1,"key":"GamblersBrew"},{"floor":3,"key":"Strength Potion"},{"floor":13,"key":"SmokeBomb"},{"floor":16,"key":"PowerPotion"},{"floor":18,"key":"EntropicBrew"},{"floor":19,"key":"Regen Potion"},{"floor":20,"key":"PowerPotion"},{"floor":22,"key":"Block Potion"},{"floor":24,"key":"DuplicationPotion"},{"floor":29,"key":"Swift Potion"},{"floor":30,"key":"Dexterity Potion"},{"floor":31,"key":"Weak Potion"}],"is_trial":false,"path_per_floor":["M","M","M","M","M","R","E","R","T","R","?","R","E","$","R","B",null,"M","M","M","?","M","R","M","R","T","M","R","E","M","M","R","B"],"character_chosen":"IRONCLAD","items_purchased":["Molten Egg 2","Fire Breathing"],"campfire_rested":2,"item_purchase_floors":[14,14],"current_hp_per_floor":[53,59,58,60,57,57,55,55,55,55,55,55,42,42,42,36,60,66,43,48,48,33,53,51,51,58,56,56,14,20,11,33,0],"gold":155,"neow_bonus":"TWO_FIFTY_GOLD","is_prod":false,"is_daily":false,"chose_seed":false,"campfire_upgraded":7,"win_rate":0,"timestamp":1569957632,"path_taken":["M","M","M","M","M","R","E","R","T","R","?","R","E","$","R","BOSS","M","M","M","?","M","R","M","R","T","M","R","E","?","M","R","BOSS"],"build_version":"2019-09-27","purchased_purges":1,"victory":false,"max_hp_per_floor":[68,68,68,68,68,68,68,68,68,68,68,68,68,68,68,68,68,68,68,68,68,68,68,68,68,75,75,75,75,75,75,75,75],"card_choices":[{"not_picked":["Entrench","True Grit"],"picked":"Anger","floor":1},{"not_picked":["Havoc","Anger"],"picked":"Flame Barrier","floor":2},{"not_picked":["Armaments","Body Slam"],"picked":"Wild Strike","floor":3},{"not_picked":["Twin Strike","Disarm"],"picked":"Feel No Pain","floor":4},{"not_picked":["Sever Soul","Twin Strike","Limit Break"],"picked":"SKIP","floor":5},{"not_picked":["Iron Wave","Havoc"],"picked":"Headbutt","floor":7},{"not_picked":["Reckless Charge","Hemokinesis"],"picked":"Shrug It Off","floor":13},{"not_picked":["Offering","Feed+1"],"picked":"Fiend Fire+1","floor":16},{"not_picked":["Armaments","Body Slam+1"],"picked":"Shrug It Off","floor":18},{"not_picked":["Warcry","Sentinel"],"picked":"Wild Strike+1","floor":19},{"not_picked":["Fire Breathing","Armaments","Clothesline+1"],"picked":"SKIP","floor":20},{"not_picked":["Dual Wield","Exhume","Inflame"],"picked":"SKIP","floor":22},{"not_picked":["Intimidate","Sever Soul+1","Havoc"],"picked":"SKIP","floor":24},{"not_picked":["Hemokinesis+1","Ghostly Armor"],"picked":"Disarm","floor":27},{"not_picked":["Twin Strike+1","Bludgeon+1","Blood for Blood+1"],"picked":"SKIP","floor":29},{"not_picked":["Headbutt+1","Corruption+1"],"picked":"Evolve","floor":30},{"not_picked":["Anger+1","Corruption+1"],"picked":"True Grit","floor":31}],"player_experience":1181892,"relics_obtained":[{"floor":7,"key":"Kunai"},{"floor":9,"key":"Boot"},{"floor":13,"key":"White Beast Statue"},{"floor":26,"key":"Strawberry"},{"floor":29,"key":"Whetstone"}],"event_choices":[{"damage_healed":0,"gold_gain":0,"player_choice":"Take Wound","damage_taken":0,"relics_obtained":["Golden Idol"],"max_hp_gain":0,"max_hp_loss":0,"event_name":"Golden Idol","floor":11,"gold_loss":0,"cards_obtained":["Injury"]},{"cards_removed":["Strike_R"],"damage_healed":0,"gold_gain":0,"player_choice":"Offered Basic","damage_taken":0,"max_hp_gain":0,"max_hp_loss":0,"event_name":"Bonfire Elementals","floor":21,"gold_loss":0}],"is_beta":true,"boss_relics":[{"not_picked":["Busted Crown","Tiny House"],"picked":"Ectoplasm"}],"items_purged_floors":[14],"is_endless":false,"potions_floor_spawned":[1,3,13,16,18,19,20,22,24,27,29,30,31],"killed_by":"Automaton","ascension_level":20}