{"gold_per_floor":[109,129,149,161,161,189,189,209,259,285,285,319,331,331,331,331],"floor_reached":16,"playtime":408,"items_purged":[],"score":244,"play_id":"9f6e889f-0923-4464-8d4b-94e600cf2000","local_time":"20191002134308","is_ascension_mode":true,"campfire_choices":[{"data":"Carnage","floor":11.0,"key":"SMITH"},{"floor":15,"key":"REST"}],"neow_cost":"NONE","seed_source_timestamp":85025056002500,"circlet_count":0,"master_deck":["AscendersBane","Strike_R","Strike_R","Strike_R","Strike_R","Strike_R","Defend_R","Defend_R","Defend_R","Defend_R","Bash","Headbutt","Carnage+1","Shrug It Off","Shockwave","Metallicize","True Grit","Ghostly Armor"],"special_seed":0,"relics":["Burning Blood","Pen Nib","Letter Opener","Blood Vial","Ornamental Fan","Darkstone Periapt"],"potions_floor_usage":[],"damage_taken":[{"damage":4.0,"enemies":"Small Slimes","floor":1.0,"turns":5.0},{"damage":9.0,"enemies":"Jaw Worm","floor":2.0,"turns":4.0},{"damage":7.0,"enemies":"2 Louse","floor":3.0,"turns":2.0},{"damage":9.0,"enemies":"Red Slaver","floor":4.0,"turns":2.0},{"damage":22.0,"enemies":"Gremlin Nob","floor":6.0,"turns":4.0},{"damage":21.0,"enemies":"Large Slime","floor":8.0,"turns":7.0},{"damage":26.0,"enemies":"Lagavulin","floor":10.0,"turns":7.0},{"damage":29.0,"enemies":"3 Sentries","floor":12.0,"turns":9.0},{"damage":9,"enemies":"Blue Slaver","floor":13,"turns":4},{"damage":33,"enemies":"Slime Boss","floor":16,"turns":5}],"seed_played":"-8561496763357072237","potions_obtained":[{"floor":2.0,"key":"Ancient Potion"},{"floor":3.0,"key":"ElixirPotion"},{"floor":6.0,"key":"Weak Potion"},{"floor":10.0,"key":"ElixirPotion"}],"is_trial":false,"path_per_floor":["M","M","M","M","?","E","?","M","T","E","R","E","M","?","R","B"],"character_chosen":"IRONCLAD","items_purchased":[],"campfire_rested":1,"item_purchase_floors":[],"current_hp_per_floor":[70,67,66,63,63,47,65,50,50,32,32,11,10,10,31,0],"gold":331,"neow_bonus":"RANDOM_COMMON_RELIC","is_prod":false,"is_daily":false,"chose_seed":false,"campfire_upgraded":1,"win_rate":0,"timestamp":1570048988,"path_taken":["M","M","M","M","?","E","?","M","T","E","R","E","M","?","R","BOSS"],"build_version":"2019-10-01","purchased_purges":0,"victory":false,"max_hp_per_floor":[75,75,75,75,75,75,75,75,75,75,75,75,75,72,72,72],"card_choices":[{"not_picked":["Twin Strike","Heavy Blade"],"picked":"Headbutt","floor":1.0},{"not_picked":["Inflame","Havoc"],"picked":"Carnage","floor":2.0},{"not_picked":["Corruption","Clash"],"picked":"Shrug It Off","floor":3.0},{"not_picked":["Headbutt","Thunderclap"],"picked":"Shockwave","floor":4.0},{"not_picked":["Heavy Blade","Bloodletting"],"picked":"Metallicize","floor":6.0},{"not_picked":["Combust","Bloodletting"],"picked":"True Grit","floor":8.0},{"not_picked":["Body Slam","Thunderclap","Cleave"],"picked":"SKIP","floor":10.0},{"not_picked":["Perfected Strike","Rage"],"picked":"Ghostly Armor","floor":12.0},{"not_picked":["Rage","Flame Barrier","Clash"],"picked":"SKIP","floor":13}],"player_experience":1199674,"relics_obtained":[{"floor":6.0,"key":"Letter Opener"},{"floor":9.0,"key":"Blood Vial"},{"floor":10.0,"key":"Ornamental Fan"},{"floor":12.0,"key":"Darkstone Periapt"}],"event_choices":[{"damage_healed":0.0,"max_hp_gain":0.0,"max_hp_loss":0.0,"gold_gain":0.0,"event_name":"Liars Game","player_choice":"Ignored","floor":5.0,"gold_loss":0.0,"damage_taken":0.0},{"damage_healed":18.0,"max_hp_gain":0.0,"max_hp_loss":0.0,"gold_gain":0.0,"event_name":"Mushrooms","player_choice":"Healed and dodged fight","floor":7.0,"gold_loss":0.0,"damage_taken":0.0,"cards_obtained":["Parasite"]},{"cards_removed":["Parasite"],"damage_healed":0,"gold_gain":0,"player_choice":"Purged","damage_taken":0,"max_hp_gain":0,"max_hp_loss":0,"event_name":"Purifier","floor":14,"gold_loss":0}],"is_beta":true,"boss_relics":[],"items_purged_floors":[],"is_endless":false,"potions_floor_spawned":[2,3,6,10],"killed_by":"Slime Boss","ascension_level":20}