{"gold_per_floor":[117,136,211,211,211,251,251,266,266,299,299,320,320,336,336,426,426,445,461,461,477,252,252,285,311,311,327,55,55,55,105,105,198,198,214,271,7,27,43,87,101,101,128,152,186,311,336,379,379,379,379],"floor_reached":52,"playtime":2233,"items_purged":["Strike_R","Strike_R"],"score":2390,"play_id":"7de79d09-d8f6-462a-8db0-bc0042a3dbc8","local_time":"20191019095244","is_ascension_mode":true,"campfire_choices":[{"data":"Demon Form","floor":7.0,"key":"SMITH"},{"floor":11.0,"key":"REST"},{"data":"Carnage","floor":13.0,"key":"SMITH"},{"data":"Shrug It Off","floor":15.0,"key":"SMITH"},{"floor":23.0,"key":"REST"},{"floor":30,"key":"REST"},{"floor":32,"key":"REST"},{"data":"Evolve","floor":42,"key":"SMITH"},{"data":"Heavy Blade","floor":49,"key":"SMITH"}],"neow_cost":"NONE","seed_source_timestamp":391763399494700,"circlet_count":0,"master_deck":["AscendersBane","Strike_R+1","Defend_R","Defend_R","Defend_R","Defend_R","Bash+1","Shrug It Off+1","Demon Form+1","Carnage+1","Cleave+1","Havoc+1","Battle Trance+1","Offering+1","Seeing Red+1","Headbutt","Fiend Fire","True Grit+1","True Grit+1","Heavy Blade+1","Barricade","Power Through+1","Corruption","Shockwave+1","Wild Strike","Seeing Red+1","Impervious+1","Body Slam","Evolve+1","Heavy Blade","Shrug It Off+1","Clothesline+1","Shrug It Off+1","True Grit+1","Feel No Pain+1"],"special_seed":0,"relics":["Burning Blood","NeowsBlessing","Golden Idol","Prayer Wheel","Toxic Egg 2","Mercury Hourglass","Snecko Eye","Enchiridion","Whetstone","Boot","StrikeDummy","Mummified Hand","SlaversCollar","Tiny Chest","Orrery","PreservedInsect","Anchor","Dream Catcher","Calipers","Oddly Smooth Stone"],"potions_floor_usage":[33,41],"damage_taken":[{"damage":0.0,"enemies":"Jaw Worm","floor":1.0,"turns":1.0},{"damage":0.0,"enemies":"2 Louse","floor":2.0,"turns":2.0},{"damage":0.0,"enemies":"Lagavulin","floor":6.0,"turns":1.0},{"damage":12.0,"enemies":"Cultist","floor":8.0,"turns":4.0},{"damage":56.0,"enemies":"3 Sentries","floor":10.0,"turns":11.0},{"damage":12.0,"enemies":"Exordium Thugs","floor":12.0,"turns":4.0},{"damage":6.0,"enemies":"Exordium Wildlife","floor":14.0,"turns":2.0},{"damage":24.0,"enemies":"Hexaghost","floor":16.0,"turns":7.0},{"damage":21.0,"enemies":"Shell Parasite","floor":18.0,"turns":2.0},{"damage":7.0,"enemies":"2 Thieves","floor":19.0,"turns":2.0},{"damage":7.0,"enemies":"3 Cultists","floor":21.0,"turns":3.0},{"damage":24.0,"enemies":"Gremlin Leader","floor":24.0,"turns":4.0},{"damage":10,"enemies":"Centurion and Healer","floor":27,"turns":3},{"damage":13,"enemies":"Automaton","floor":33,"turns":8},{"damage":1,"enemies":"Orb Walker","floor":35,"turns":3},{"damage":3,"enemies":"3 Darklings","floor":38,"turns":3},{"damage":10,"enemies":"Writhing Mass","floor":39,"turns":5},{"damage":6,"enemies":"Reptomancer","floor":40,"turns":7},{"damage":6,"enemies":"Maw","floor":41,"turns":4},{"damage":12,"enemies":"Transient","floor":44,"turns":6},{"damage":0,"enemies":"Nemesis","floor":45,"turns":2},{"damage":0,"enemies":"Mind Bloom Boss Battle","floor":46,"turns":4},{"damage":6,"enemies":"3 Darklings","floor":47,"turns":3},{"damage":9,"enemies":"Reptomancer","floor":48,"turns":4},{"damage":11,"enemies":"Donu and Deca","floor":50,"turns":6},{"damage":16,"enemies":"Awakened One","floor":51,"turns":6}],"seed_played":"7280656995077502267","potions_obtained":[{"floor":1.0,"key":"Dexterity Potion"},{"floor":2.0,"key":"Weak Potion"},{"floor":16.0,"key":"Weak Potion"},{"floor":24.0,"key":"PowerPotion"},{"floor":33,"key":"Dexterity Potion"},{"floor":35,"key":"FairyPotion"},{"floor":44,"key":"FairyPotion"}],"is_trial":false,"path_per_floor":["M","M","?","?","?","E","R","M","T","E","R","M","R","M","R","B",null,"M","M","?","M","$","R","E","T","T","M","$","?","R","?","R","B",null,"M","T","$","M","M","E","M","R","T","M","E","?","M","E","R","B","B",null],"character_chosen":"IRONCLAD","items_purchased":["Power Through+1","Strength Potion","Weak Potion","Mummified Hand","Orrery"],"campfire_rested":4,"item_purchase_floors":[22,22,22,28,37],"current_hp_per_floor":[74,75,64,64,64,68,68,62,62,12,32,26,26,26,26,8,53,38,37,16,15,15,35,17,17,17,13,13,13,33,33,53,46,63,68,68,68,68,64,64,64,64,64,58,64,68,68,65,65,60,50],"gold":379,"neow_bonus":"THREE_ENEMY_KILL","is_prod":false,"is_daily":false,"chose_seed":false,"campfire_upgraded":5,"win_rate":0,"timestamp":1571503964,"path_taken":["M","M","?","?","?","E","R","?","T","E","R","M","R","M","R","BOSS","M","M","?","M","$","R","E","?","T","M","$","?","R","?","R","BOSS","M","?","?","?","M","E","M","R","T","M","E","?","M","E","R","BOSS","BOSS"],"build_version":"2019-10-18","purchased_purges":2,"victory":true,"max_hp_per_floor":[75,75,75,68,68,68,68,68,68,68,68,68,68,68,68,68,68,68,68,68,68,68,68,68,68,68,68,68,68,68,68,68,68,68,68,68,68,68,68,68,68,68,68,68,68,68,68,68,68,68,68],"card_choices":[{"not_picked":["Dropkick","Havoc","Rage"],"picked":"SKIP","floor":1.0},{"not_picked":["Heavy Blade","Sever Soul"],"picked":"Shrug It Off","floor":2.0},{"not_picked":["Body Slam","Anger"],"picked":"Demon Form","floor":6.0},{"not_picked":["Second Wind","Burning Pact"],"picked":"Carnage","floor":8.0},{"not_picked":["Burning Pact","Clash"],"picked":"Cleave","floor":8.0},{"not_picked":["Rampage","Clash"],"picked":"Havoc+1","floor":10.0},{"not_picked":["Fire Breathing","Sword Boomerang"],"picked":"Battle Trance+1","floor":12.0},{"not_picked":["Wild Strike","Clothesline"],"picked":"Offering+1","floor":12.0},{"not_picked":["Anger","Searing Blow"],"picked":"Seeing Red+1","floor":14.0},{"not_picked":["Dual Wield+1","Rupture"],"picked":"Headbutt","floor":14.0},{"not_picked":["Berserk","Limit Break+1"],"picked":"Fiend Fire","floor":16.0},{"not_picked":["Intimidate+1","Cleave"],"picked":"True Grit+1","floor":18.0},{"not_picked":["Perfected Strike","Intimidate+1"],"picked":"True Grit+1","floor":18.0},{"not_picked":["Thunderclap","Wild Strike"],"picked":"Heavy Blade","floor":19.0},{"not_picked":["Warcry+1","Perfected Strike+1","Anger"],"picked":"SKIP","floor":19.0},{"not_picked":["Iron Wave+1","Armaments+1"],"picked":"Barricade","floor":21.0},{"not_picked":["Wild Strike","Armaments+1","Infernal Blade+1"],"picked":"SKIP","floor":21.0},{"not_picked":["Intimidate+1","Berserk"],"picked":"Corruption","floor":24.0},{"not_picked":["Burning Pact+1","Rampage"],"picked":"Shockwave+1","floor":27},{"not_picked":["Searing Blow","Uppercut","Iron Wave"],"picked":"SKIP","floor":27},{"not_picked":["Juggernaut","Limit Break+1"],"picked":"Impervious+1","floor":33},{"not_picked":["True Grit+1","Burning Pact+1"],"picked":"Body Slam","floor":35},{"not_picked":["Spot Weakness+1","Pommel Strike"],"picked":"Evolve","floor":35},{"not_picked":["Berserk","True Grit+1"],"picked":"Heavy Blade","floor":37},{"not_picked":["Shockwave+1","Second Wind+1"],"picked":"Shrug It Off+1","floor":37},{"not_picked":["Hemokinesis","Twin Strike+1"],"picked":"Clothesline+1","floor":37},{"not_picked":["Second Wind+1","Thunderclap+1"],"picked":"Shrug It Off+1","floor":37},{"not_picked":["Dropkick","Searing Blow","Armaments+1"],"picked":"SKIP","floor":38},{"not_picked":["Burning Pact+1","Headbutt","Wild Strike"],"picked":"SKIP","floor":38},{"not_picked":["Clash","Body Slam"],"picked":"True Grit+1","floor":39},{"not_picked":["Wild Strike","Armaments+1","Spot Weakness+1"],"picked":"SKIP","floor":39},{"not_picked":["Wild Strike+1","Heavy Blade+1","Clothesline"],"picked":"SKIP","floor":40},{"not_picked":["Twin Strike","Intimidate+1","Flex+1"],"picked":"SKIP","floor":41},{"not_picked":["Warcry+1","Havoc+1","Heavy Blade"],"picked":"SKIP","floor":41},{"not_picked":["Dropkick","Battle Trance+1"],"picked":"Feel No Pain+1","floor":44},{"not_picked":["Havoc+1","Heavy Blade","Rage+1"],"picked":"SKIP","floor":44},{"not_picked":["Sword Boomerang","Thunderclap","Fiend Fire"],"picked":"SKIP","floor":45},{"not_picked":["Warcry+1","Cleave+1","Havoc+1"],"picked":"SKIP","floor":47},{"not_picked":["Burning Pact+1","Heavy Blade+1","Fiend Fire"],"picked":"SKIP","floor":47},{"not_picked":["Fiend Fire","Dual Wield+1","Fire Breathing"],"picked":"SKIP","floor":48}],"player_experience":1649340,"relics_obtained":[{"floor":6.0,"key":"Prayer Wheel"},{"floor":9.0,"key":"Toxic Egg 2"},{"floor":10.0,"key":"Mercury Hourglass"},{"floor":20.0,"key":"Enchiridion"},{"floor":24.0,"key":"Whetstone"},{"floor":25.0,"key":"Boot"},{"floor":26.0,"key":"StrikeDummy"},{"floor":36,"key":"Tiny Chest"},{"floor":40,"key":"PreservedInsect"},{"floor":43,"key":"Anchor"},{"floor":45,"key":"Dream Catcher"},{"floor":46,"key":"Calipers"},{"floor":48,"key":"Oddly Smooth Stone"}],"event_choices":[{"damage_healed":0.0,"max_hp_gain":0.0,"max_hp_loss":0.0,"gold_gain":75.0,"event_name":"World of Goop","player_choice":"Gather Gold","floor":3.0,"gold_loss":0.0,"damage_taken":11.0},{"damage_healed":0.0,"max_hp_gain":0.0,"max_hp_loss":7.0,"gold_gain":0.0,"event_name":"Golden Idol","player_choice":"Lose Max HP","floor":4.0,"gold_loss":0.0,"damage_taken":0.0,"relics_obtained":["Golden Idol"]},{"damage_healed":0.0,"max_hp_gain":0.0,"max_hp_loss":0.0,"gold_gain":0.0,"event_name":"Upgrade Shrine","player_choice":"Upgraded","floor":5.0,"gold_loss":0.0,"damage_taken":0.0,"cards_upgraded":["Bash"]},{"damage_healed":0.0,"max_hp_gain":0.0,"max_hp_loss":0.0,"gold_gain":0.0,"event_name":"Cursed Tome","player_choice":"Obtained Book","floor":20.0,"gold_loss":0.0,"damage_taken":21.0},{"damage_healed":0,"gold_gain":0,"cards_transformed":["Strike_R","Strike_R"],"player_choice":"Became Test Subject","damage_taken":0,"max_hp_gain":0,"max_hp_loss":0,"event_name":"Drug Dealer","floor":29,"gold_loss":0,"cards_obtained":["Wild Strike","Seeing Red"]},{"damage_healed":0,"gold_gain":50,"player_choice":"Pray","damage_taken":0,"max_hp_gain":0,"max_hp_loss":0,"event_name":"Golden Shrine","floor":31,"gold_loss":0},{"damage_healed":0,"gold_gain":0,"player_choice":"Fight","damage_taken":0,"max_hp_gain":0,"max_hp_loss":0,"event_name":"MindBloom","floor":46,"gold_loss":0}],"is_beta":true,"boss_relics":[{"not_picked":["Black Blood","Philosopher\u0027s Stone"],"picked":"Snecko Eye"},{"not_picked":["Calling Bell","Runic Cube"],"picked":"SlaversCollar"}],"items_purged_floors":[22,37],"is_endless":false,"potions_floor_spawned":[1,2,16,24,33,35,40,44,46,47,48],"ascension_level":20}