{"gold_per_floor":[113,125,141,153,172,200,200,200,200,200,231,231,258,272,272,347,347,358,358,373,399,417,417,428,459,459,459],"floor_reached":27,"playtime":1049,"items_purged":[],"score":510,"play_id":"08aaec3a-267a-448c-87e5-96c26b95a9ec","local_time":"20191016140518","is_ascension_mode":true,"campfire_choices":[{"data":"Armaments","floor":7,"key":"SMITH"},{"data":"Clothesline","floor":10,"key":"SMITH"},{"data":"Uppercut","floor":15,"key":"SMITH"},{"data":"Immolate","floor":23,"key":"SMITH"}],"neow_cost":"NONE","seed_source_timestamp":148944624844500,"circlet_count":0,"master_deck":["AscendersBane","Strike_R","Strike_R","Strike_R","Strike_R","Defend_R","Defend_R","Defend_R","Defend_R","Bash","Shrug It Off","Clothesline+1","Wild Strike","Armaments+1","Spot Weakness","Immolate+1","Uppercut+1","Fiend Fire","Exhume","True Grit","Shrug It Off","Immolate","Shockwave","Shame"],"relics":["Burning Blood","HornCleat","StoneCalendar","Juzu Bracelet","Incense Burner","Pear","Cursed Key","Red Mask","Dodecahedron","The Courier"],"potions_floor_usage":[6,13,21,27],"damage_taken":[{"damage":12,"enemies":"Jaw Worm","floor":1,"turns":3},{"damage":4,"enemies":"2 Louse","floor":2,"turns":4},{"damage":4,"enemies":"Cultist","floor":3,"turns":4},{"damage":3,"enemies":"Exordium Wildlife","floor":4,"turns":4},{"damage":11,"enemies":"Looter","floor":5,"turns":3},{"damage":34,"enemies":"Lagavulin","floor":6,"turns":8},{"damage":16,"enemies":"3 Sentries","floor":11,"turns":7},{"damage":15,"enemies":"Gremlin Nob","floor":13,"turns":4},{"damage":6,"enemies":"2 Fungi Beasts","floor":14,"turns":5},{"damage":1,"enemies":"Slime Boss","floor":16,"turns":7},{"damage":18,"enemies":"Chosen","floor":18,"turns":5},{"damage":19,"enemies":"2 Thieves","floor":20,"turns":3},{"damage":7,"enemies":"Masked Bandits","floor":21,"turns":3},{"damage":3,"enemies":"Centurion and Healer","floor":22,"turns":7},{"damage":12,"enemies":"Chosen and Byrds","floor":24,"turns":4},{"damage":39,"enemies":"Gremlin Leader","floor":25,"turns":7},{"damage":18,"enemies":"Shelled Parasite and Fungi","floor":27,"turns":4}],"seed_played":"3148121856187033760","potions_obtained":[{"floor":2,"key":"DuplicationPotion"},{"floor":4,"key":"LiquidBronze"},{"floor":5,"key":"PowerPotion"},{"floor":13,"key":"GamblersBrew"},{"floor":20,"key":"SpeedPotion"},{"floor":22,"key":"Weak Potion"}],"is_trial":false,"path_per_floor":["M","M","M","M","M","E","R","?","T","R","E","?","E","M","R","B",null,"M","?","M","?","M","R","M","E","T","M"],"character_chosen":"IRONCLAD","items_purchased":[],"campfire_rested":0,"item_purchase_floors":[],"current_hp_per_floor":[69,71,73,76,71,43,43,43,43,43,33,28,29,29,29,34,78,66,66,53,52,55,55,49,16,16,0],"gold":459,"neow_bonus":"TEN_PERCENT_HP_BONUS","is_prod":false,"is_daily":false,"chose_seed":false,"campfire_upgraded":4,"win_rate":0,"timestamp":1571259918,"path_taken":["M","M","M","M","M","E","R","?","T","R","E","?","E","M","R","BOSS","M","?","M","?","M","R","M","E","T","M"],"build_version":"2019-10-15","purchased_purges":0,"victory":false,"max_hp_per_floor":[82,82,82,82,82,82,82,82,82,82,82,82,92,92,92,92,92,92,92,92,92,92,92,92,92,92,92],"card_choices":[{"not_picked":["Armaments","Perfected Strike"],"picked":"Shrug It Off","floor":1},{"not_picked":["Rupture","Bloodletting"],"picked":"Clothesline","floor":2},{"not_picked":["Rupture","Ghostly Armor"],"picked":"Wild Strike","floor":3},{"not_picked":["Flex","Dual Wield","Clothesline"],"picked":"SKIP","floor":4},{"not_picked":["Iron Wave","Clash"],"picked":"Armaments","floor":5},{"not_picked":["Warcry","Infernal Blade","Armaments"],"picked":"SKIP","floor":6},{"not_picked":["Warcry","Thunderclap"],"picked":"Spot Weakness","floor":11},{"not_picked":["Pommel Strike","Seeing Red"],"picked":"Immolate","floor":13},{"not_picked":["Corruption","Ghostly Armor"],"picked":"Uppercut","floor":14},{"not_picked":["Barricade","Dark Embrace"],"picked":"Fiend Fire","floor":16},{"not_picked":["Armaments","Entrench+1","Burning Pact"],"picked":"SKIP","floor":18},{"not_picked":["Anger","Havoc+1"],"picked":"True Grit","floor":20},{"not_picked":["Thunderclap","Clothesline"],"picked":"Shrug It Off","floor":21},{"not_picked":["Searing Blow","Shrug It Off"],"picked":"Immolate","floor":22},{"not_picked":["Sever Soul","Headbutt+1"],"picked":"Shockwave","floor":24},{"not_picked":["Blood for Blood","Fire Breathing","Twin Strike"],"picked":"SKIP","floor":25}],"player_experience":1593083,"relics_obtained":[{"floor":6,"key":"HornCleat"},{"floor":9,"key":"StoneCalendar"},{"floor":11,"key":"Juzu Bracelet"},{"floor":13,"key":"Pear"},{"floor":21,"key":"Red Mask"},{"floor":25,"key":"Dodecahedron"},{"floor":26,"key":"The Courier"}],"event_choices":[{"damage_healed":0,"gold_gain":0,"player_choice":"Ignored","damage_taken":0,"max_hp_gain":0,"max_hp_loss":0,"event_name":"Liars Game","floor":8,"gold_loss":0},{"damage_healed":0,"gold_gain":0,"player_choice":"Success","damage_taken":5,"relics_obtained":["Incense Burner"],"max_hp_gain":0,"max_hp_loss":0,"event_name":"Scrap Ooze","floor":12,"gold_loss":0},{"damage_healed":0,"gold_gain":0,"cards_transformed":["Strike_R"],"player_choice":"Transformed","damage_taken":0,"max_hp_gain":0,"max_hp_loss":0,"event_name":"Transmorgrifier","floor":19,"gold_loss":0,"cards_obtained":["Exhume"]},{"damage_healed":0,"gold_gain":0,"player_choice":"Fought Bandits","damage_taken":0,"max_hp_gain":0,"max_hp_loss":0,"event_name":"Masked Bandits","floor":21,"gold_loss":0}],"is_beta":true,"boss_relics":[{"not_picked":["Calling Bell","Pandora\u0027s Box"],"picked":"Cursed Key"}],"items_purged_floors":[],"is_endless":false,"potions_floor_spawned":[2,4,5,13,20,22],"killed_by":"Shelled Parasite and Fungi","ascension_level":20}