{"gold_per_floor":[114,129,129,79,79,79,92,92,115,115,156,3,3,17,17,112,112,125,144,164,164,164,164,17,17,43,77,111,236,91,112,112,208,208,223,291,309,309,309,309,329,329,380,413,413,446,23,57,57,57],"floor_reached":51,"playtime":2422,"items_purged":["Strike_R+1"],"score":1390,"play_id":"7a3c4bcd-f0c3-4e0b-a701-c3135b76efde","local_time":"20191018231427","is_ascension_mode":true,"campfire_choices":[{"data":"Carnage","floor":6,"key":"SMITH"},{"data":"Infernal Blade","floor":8,"key":"SMITH"},{"data":"Combust","floor":13,"key":"SMITH"},{"floor":15,"key":"REST"},{"floor":23,"key":"REST"},{"data":"Fiend Fire","floor":25,"key":"SMITH"},{"data":"Demon Form","floor":32,"key":"SMITH"},{"data":"Uppercut","floor":40,"key":"SMITH"},{"data":"Uppercut","floor":49,"key":"SMITH"}],"neow_cost":"NONE","seed_source_timestamp":684852290592000,"circlet_count":0,"master_deck":["AscendersBane","Strike_R+1","Defend_R+1","Defend_R+1","Defend_R+1","Defend_R+1","Bash+1","Fiend Fire+1","Combust+1","Carnage+1","Infernal Blade+1","Cleave","Immolate","Demon Form+1","Blood for Blood+1","Impervious","Heavy Blade","Demon Form","Battle Trance+1","Clothesline+1","Uppercut+1","Uppercut+1","Immolate","Enlightenment"],"relics":["Burning Blood","Whetstone","Golden Idol","Torii","Blood Vial","Snecko Eye","Anchor","Bag of Marbles","Red Mask","Pen Nib","WingedGreaves","Kunai","Vajra","Philosopher\u0027s Stone","Prayer Wheel","Regal Pillow","Omamori","Mercury Hourglass","Lantern","Orichalcum","Strange Spoon","Art of War"],"potions_floor_usage":[16,27,33],"damage_taken":[{"damage":1,"enemies":"2 Louse","floor":1,"turns":3},{"damage":7,"enemies":"Jaw Worm","floor":2,"turns":5},{"damage":1,"enemies":"Small Slimes","floor":7,"turns":2},{"damage":32,"enemies":"3 Sentries","floor":11,"turns":8},{"damage":6,"enemies":"Looter","floor":14,"turns":2},{"damage":53,"enemies":"Hexaghost","floor":16,"turns":9},{"damage":2,"enemies":"3 Byrds","floor":18,"turns":3},{"damage":21,"enemies":"Shell Parasite","floor":19,"turns":3},{"damage":12,"enemies":"Shelled Parasite and Fungi","floor":20,"turns":2},{"damage":2,"enemies":"Masked Bandits","floor":27,"turns":4},{"damage":2,"enemies":"Gremlin Leader","floor":28,"turns":4},{"damage":0,"enemies":"Colosseum Slavers","floor":29,"turns":2},{"damage":0,"enemies":"Colosseum Nobs","floor":29,"turns":3},{"damage":0,"enemies":"Chosen and Byrds","floor":31,"turns":3},{"damage":27,"enemies":"Automaton","floor":33,"turns":6},{"damage":0,"enemies":"3 Shapes","floor":35,"turns":4},{"damage":21,"enemies":"2 Orb Walkers","floor":36,"turns":4},{"damage":0,"enemies":"Orb Walker","floor":37,"turns":2},{"damage":1,"enemies":"Spire Growth","floor":41,"turns":2},{"damage":1,"enemies":"Reptomancer","floor":44,"turns":2},{"damage":2,"enemies":"Giant Head","floor":46,"turns":5},{"damage":0,"enemies":"Reptomancer","floor":48,"turns":2},{"damage":22,"enemies":"Time Eater","floor":50,"turns":5}],"seed_played":"-1675958477363059759","potions_obtained":[{"floor":11,"key":"Block Potion"},{"floor":14,"key":"LiquidBronze"},{"floor":20,"key":"BloodPotion"},{"floor":28,"key":"Regen Potion"},{"floor":29,"key":"BloodPotion"},{"floor":37,"key":"LiquidBronze"},{"floor":44,"key":"Block Potion"},{"floor":46,"key":"BloodPotion"}],"is_trial":false,"path_per_floor":["M","M","?","?","?","R","M","R","T","?","E","$","R","M","R","B",null,"M","M","M","?","?","R","$","R","T","?","E","?","$","M","R","B",null,"M","?","M","?","?","R","M","?","T","E","T","E","$","E","R","B",null],"character_chosen":"IRONCLAD","items_purchased":["Blood Vial","Anchor","Vajra","Orichalcum","Strange Spoon"],"campfire_rested":2,"item_purchase_floors":[12,24,30,47,47],"current_hp_per_floor":[77,76,69,69,74,74,79,79,79,58,32,32,32,34,59,14,67,73,60,56,56,56,81,81,81,81,85,85,85,85,85,85,85,85,85,70,78,78,78,78,81,81,81,81,81,81,81,81,81,65],"gold":57,"neow_bonus":"ONE_RANDOM_RARE_CARD","is_prod":false,"is_daily":false,"chose_seed":false,"campfire_upgraded":7,"win_rate":0,"timestamp":1571433267,"path_taken":["M","M","?","?","?","R","M","R","T","?","E","?","R","M","R","BOSS","M","?","M","?","?","R","$","R","T","?","E","?","?","M","R","BOSS","M","?","M","?","?","R","M","?","T","E","?","E","$","E","R","BOSS"],"build_version":"2019-07-17","purchased_purges":1,"victory":true,"max_hp_per_floor":[80,80,80,80,85,85,85,85,85,85,85,85,85,85,85,85,85,85,85,85,85,85,85,85,85,85,85,85,85,85,85,85,85,85,85,85,85,81,81,81,81,81,81,81,81,81,81,81,81,81],"card_choices":[{"not_picked":["Armaments","Heavy Blade"],"picked":"Combust","floor":1},{"not_picked":["Bloodletting","Reckless Charge"],"picked":"Carnage","floor":2},{"not_picked":["Armaments","Reckless Charge"],"picked":"Infernal Blade","floor":7},{"not_picked":["Anger","Havoc"],"picked":"Cleave","floor":11},{"not_picked":["Headbutt","Reckless Charge"],"picked":"Immolate","floor":14},{"not_picked":["Fiend Fire","Barricade"],"picked":"Demon Form","floor":16},{"not_picked":["Twin Strike","Second Wind","Warcry"],"picked":"SKIP","floor":18},{"not_picked":["Perfected Strike","Body Slam"],"picked":"Blood for Blood+1","floor":19},{"not_picked":["Sever Soul","Iron Wave"],"picked":"Impervious","floor":20},{"not_picked":["Sentinel","Evolve","Armaments"],"picked":"SKIP","floor":28},{"not_picked":["Hemokinesis","Havoc"],"picked":"Heavy Blade","floor":31},{"not_picked":["Double Tap","Reaper"],"picked":"Demon Form","floor":33},{"not_picked":["Sword Boomerang","Headbutt"],"picked":"Battle Trance+1","floor":35},{"not_picked":["Metallicize","Clash"],"picked":"Clothesline+1","floor":36},{"not_picked":["Warcry+1","Cleave"],"picked":"Uppercut","floor":37},{"not_picked":["Rupture","Sentinel"],"picked":"Uppercut","floor":37},{"not_picked":["Whirlwind","Headbutt+1"],"picked":"Immolate","floor":41},{"not_picked":["Bloodletting","Cleave","Twin Strike"],"picked":"SKIP","floor":41},{"not_picked":["Thinking Ahead","Dark Shackles"],"picked":"Enlightenment","floor":42},{"not_picked":["Clash","Hemokinesis","Pommel Strike+1"],"picked":"SKIP","floor":44},{"not_picked":["Iron Wave","Combust","Perfected Strike"],"picked":"SKIP","floor":46},{"not_picked":["Pummel","Brutality","Headbutt+1"],"picked":"SKIP","floor":48}],"player_experience":396345,"relics_obtained":[{"floor":9,"key":"Whetstone"},{"floor":11,"key":"Torii"},{"floor":26,"key":"Bag of Marbles"},{"floor":27,"key":"Red Mask"},{"floor":28,"key":"Pen Nib"},{"floor":29,"key":"WingedGreaves"},{"floor":29,"key":"Kunai"},{"floor":36,"key":"Prayer Wheel"},{"floor":43,"key":"Regal Pillow"},{"floor":44,"key":"Omamori"},{"floor":45,"key":"Mercury Hourglass"},{"floor":46,"key":"Lantern"},{"floor":48,"key":"Art of War"}],"event_choices":[{"cards_removed":["Strike_R"],"damage_healed":0,"gold_gain":0,"player_choice":"Card Removal","damage_taken":7,"max_hp_gain":0,"max_hp_loss":0,"event_name":"Golden Wing","floor":3,"gold_loss":0},{"cards_removed":["Strike_R"],"damage_healed":0,"gold_gain":0,"player_choice":"Card Removal","damage_taken":0,"max_hp_gain":0,"max_hp_loss":0,"event_name":"The Cleric","floor":4,"gold_loss":50},{"damage_healed":0,"gold_gain":0,"player_choice":"Donut","damage_taken":0,"max_hp_gain":5,"max_hp_loss":0,"event_name":"Big Fish","floor":5,"gold_loss":0},{"damage_healed":0,"gold_gain":0,"player_choice":"Take Damage","damage_taken":21,"relics_obtained":["Golden Idol"],"max_hp_gain":0,"max_hp_loss":0,"event_name":"Golden Idol","floor":10,"gold_loss":0},{"damage_healed":0,"gold_gain":0,"player_choice":"Simplicity","damage_taken":0,"max_hp_gain":0,"max_hp_loss":0,"event_name":"Back to Basics","floor":21,"gold_loss":0,"cards_upgraded":["Strike_R","Strike_R","Defend_R","Defend_R","Defend_R","Defend_R"]},{"damage_healed":0,"gold_gain":0,"player_choice":"Ignored","damage_taken":0,"max_hp_gain":0,"max_hp_loss":0,"event_name":"Ghosts","floor":22,"gold_loss":0},{"damage_healed":0,"gold_gain":0,"player_choice":"Fought Bandits","damage_taken":0,"max_hp_gain":0,"max_hp_loss":0,"event_name":"Masked Bandits","floor":27,"gold_loss":0},{"damage_healed":0,"gold_gain":0,"player_choice":"Fight","damage_taken":0,"max_hp_gain":0,"max_hp_loss":0,"event_name":"Colosseum","floor":29,"gold_loss":0},{"damage_healed":0,"gold_gain":0,"player_choice":"Fought Nobs","damage_taken":0,"max_hp_gain":0,"max_hp_loss":0,"event_name":"Colosseum","floor":29,"gold_loss":0},{"damage_healed":0,"gold_gain":0,"player_choice":"Fight","damage_taken":0,"max_hp_gain":0,"max_hp_loss":0,"event_name":"Mysterious Sphere","floor":36,"gold_loss":0},{"damage_healed":0,"gold_gain":0,"player_choice":"Max HP","damage_taken":0,"max_hp_gain":0,"max_hp_loss":4,"event_name":"Winding Halls","floor":38,"gold_loss":0},{"cards_removed":["Strike_R"],"damage_healed":0,"gold_gain":0,"player_choice":"Removed Attack","damage_taken":0,"max_hp_gain":0,"max_hp_loss":0,"event_name":"Falling","floor":39,"gold_loss":0},{"damage_healed":0,"gold_gain":0,"player_choice":"Memory 1","damage_taken":0,"max_hp_gain":0,"max_hp_loss":0,"event_name":"SensoryStone","floor":42,"gold_loss":0}],"is_beta":false,"boss_relics":[{"not_picked":["Lizard Tail","Calling Bell"],"picked":"Snecko Eye"},{"not_picked":["Astrolabe","Runic Pyramid"],"picked":"Philosopher\u0027s Stone"}],"items_purged_floors":[47],"is_endless":false,"potions_floor_spawned":[11,14,20,28,29,29,37,44,46],"ascension_level":13}