{"gold_per_floor":[118,134,134,150,160,160,194,194,218,235,108,139,139,11,11,115,115,125,110,25,59,71,97,97,117,117,146,163,176,45,62,62,157,157,176,5,105,35,53,53,53,79,79,97,113,145,42,42,42,42],"floor_reached":51,"playtime":3648,"items_purged":["Strike_G","Strike_G","Pain","Shame"],"score":1173,"play_id":"a6a01fb2-4046-4fb6-86e7-f6cf9ba4d290","local_time":"20191013141307","is_ascension_mode":true,"campfire_choices":[{"floor":6,"key":"REST"},{"data":"All Out Attack","floor":8,"key":"SMITH"},{"floor":15,"key":"REST"},{"data":"Neutralize","floor":24,"key":"SMITH"},{"floor":32,"key":"REST"},{"floor":40,"key":"REST"},{"floor":49,"key":"RECALL"}],"neow_cost":"PERCENT_DAMAGE","seed_source_timestamp":219155313367000,"circlet_count":0,"master_deck":["Strike_G","Defend_G","Defend_G","Defend_G","Defend_G","Survivor","Neutralize+1","Dash","Predator","All Out Attack+1","Deflect","Well Laid Plans","Dash","Deflect","All Out Attack","Envenom","Footwork","Dodge and Roll+1","Expertise+1","Dash+1","Venomology+1","Dagger Throw","Crippling Poison+1","Terror+1","Flying Knee+1","Wraith Form v2","Noxious Fumes","Deflect+1","Footwork","Footwork","PiercingWail+1","Endless Agony","Leg Sweep+1","Backflip+1","Deflect+1"],"relics":["Ring of the Snake","PreservedInsect","Ancient Tea Set","Smiling Mask","Dead Branch","Cursed Key","Ninja Scroll","Red Mask","Vajra","Art of War","Toxic Egg 2","Fusion Hammer","Pen Nib","Bird Faced Urn","The Specimen","Bag of Marbles","Happy Flower"],"potions_floor_usage":[5,12,16,28,29,31,33,33,37,42,44,45,46,50,50],"damage_taken":[{"damage":7,"enemies":"2 Louse","floor":1,"turns":4},{"damage":0,"enemies":"Cultist","floor":2,"turns":5},{"damage":1,"enemies":"Small Slimes","floor":4,"turns":4},{"damage":4,"enemies":"3 Louse","floor":5,"turns":3},{"damage":16,"enemies":"Gremlin Nob","floor":7,"turns":5},{"damage":0,"enemies":"Exordium Thugs","floor":10,"turns":5},{"damage":10,"enemies":"Lagavulin","floor":12,"turns":6},{"damage":16,"enemies":"Hexaghost","floor":16,"turns":16},{"damage":15,"enemies":"Spheric Guardian","floor":18,"turns":5},{"damage":8,"enemies":"2 Thieves","floor":19,"turns":4},{"damage":2,"enemies":"Masked Bandits","floor":21,"turns":5},{"damage":0,"enemies":"Chosen and Byrds","floor":22,"turns":5},{"damage":2,"enemies":"Slavers","floor":23,"turns":6},{"damage":0,"enemies":"Centurion and Healer","floor":25,"turns":4},{"damage":2,"enemies":"Gremlin Leader","floor":27,"turns":2},{"damage":3,"enemies":"Sentry and Sphere","floor":28,"turns":4},{"damage":2,"enemies":"Cultist and Chosen","floor":29,"turns":6},{"damage":0,"enemies":"3 Cultists","floor":31,"turns":3},{"damage":0,"enemies":"Champ","floor":33,"turns":5},{"damage":0,"enemies":"Orb Walker","floor":35,"turns":2},{"damage":0,"enemies":"Mind Bloom Boss Battle","floor":37,"turns":7},{"damage":1,"enemies":"3 Shapes","floor":39,"turns":3},{"damage":0,"enemies":"Reptomancer","floor":42,"turns":3},{"damage":0,"enemies":"Maw","floor":44,"turns":5},{"damage":0,"enemies":"4 Shapes","floor":45,"turns":3},{"damage":0,"enemies":"Giant Head","floor":46,"turns":7},{"damage":20,"enemies":"Awakened One","floor":50,"turns":11}],"seed_played":"3258492551379666443","potions_obtained":[{"floor":1,"key":"SkillPotion"},{"floor":4,"key":"Dexterity Potion"},{"floor":7,"key":"Poison Potion"},{"floor":19,"key":"Block Potion"},{"floor":21,"key":"Swift Potion"},{"floor":27,"key":"Dexterity Potion"},{"floor":35,"key":"LiquidBronze"},{"floor":37,"key":"Energy Potion"},{"floor":42,"key":"PowerPotion"}],"is_trial":false,"path_per_floor":["M","M","?","M","M","R","E","R","T","M","$","E","?","$","R","B",null,"M","M","?","?","M","E","R","M","T","E","M","M","$","M","R","B",null,"M","$","?","$","M","R","$","E","T","M","M","E","$","?","R","B",null],"character_chosen":"THE_SILENT","items_purchased":["Strength Potion","All Out Attack","Terror+1","Pen Nib","Deflect+1","Footwork","Deflect+1"],"campfire_rested":4,"item_purchase_floors":[11,14,30,36,36,38,47],"current_hp_per_floor":[38,38,38,37,33,54,38,38,38,38,38,28,28,28,49,33,61,46,38,38,36,36,34,34,34,34,32,29,27,27,27,48,48,65,65,65,65,65,68,70,70,70,70,70,70,70,70,70,70,64],"gold":42,"neow_bonus":"REMOVE_TWO","is_prod":false,"is_daily":false,"chose_seed":false,"campfire_upgraded":2,"win_rate":0,"timestamp":1570968787,"path_taken":["M","M","?","?","M","R","E","R","T","M","$","E","?","$","R","BOSS","M","?","?","?","M","E","R","M","T","E","?","M","$","M","R","BOSS","M","$","?","?","?","R","?","E","T","M","M","E","$","?","R","BOSS"],"build_version":"2019-07-17","purchased_purges":4,"victory":true,"max_hp_per_floor":[70,70,70,70,70,70,70,70,70,70,70,70,70,70,70,70,70,70,70,70,70,70,70,70,70,70,70,70,70,70,70,70,70,70,70,70,70,70,70,70,70,70,70,70,70,70,70,70,70,70],"card_choices":[{"not_picked":["Heel Hook","Dagger Throw"],"picked":"Dash","floor":1},{"not_picked":["Crippling Poison","Underhanded Strike"],"picked":"Predator","floor":2},{"not_picked":["Concentrate","Quick Slash"],"picked":"All Out Attack","floor":4},{"not_picked":["Quick Slash","Wraith Form v2"],"picked":"Deflect","floor":5},{"not_picked":["Slice","Blade Dance"],"picked":"Well Laid Plans","floor":7},{"not_picked":["Backflip","Finisher"],"picked":"Dash","floor":10},{"not_picked":["Eviscerate","Quick Slash"],"picked":"Deflect","floor":12},{"not_picked":["A Thousand Cuts","Night Terror"],"picked":"Envenom","floor":16},{"not_picked":["Accuracy","Slice"],"picked":"Footwork","floor":18},{"not_picked":["Accuracy","Poisoned Stab","Outmaneuver"],"picked":"SKIP","floor":19},{"not_picked":["Flying Knee","Finisher"],"picked":"Dodge and Roll+1","floor":21},{"not_picked":["Backflip","Deadly Poison"],"picked":"Expertise+1","floor":22},{"not_picked":["Calculated Gamble+1","Tactician","Poisoned Stab"],"picked":"SKIP","floor":23},{"not_picked":["PiercingWail","Acrobatics+1"],"picked":"Dash+1","floor":25},{"not_picked":["Poisoned Stab","Predator"],"picked":"Venomology","floor":27},{"not_picked":["Dagger Spray","Bane"],"picked":"Dagger Throw","floor":28},{"not_picked":["Concentrate+1","Backflip+1"],"picked":"Crippling Poison+1","floor":29},{"not_picked":["Terror+1","Well Laid Plans"],"picked":"Flying Knee+1","floor":31},{"not_picked":["Unload","Bullet Time+1"],"picked":"Wraith Form v2","floor":33},{"not_picked":["Flechettes+1","Outmaneuver+1"],"picked":"Noxious Fumes","floor":35},{"not_picked":["Blur+1","Slice"],"picked":"Footwork","floor":37},{"not_picked":["Dagger Throw","Acrobatics+1"],"picked":"PiercingWail+1","floor":39},{"not_picked":["Tactician+1","Phantasmal Killer+1"],"picked":"Endless Agony","floor":42},{"not_picked":["Bane+1","Dagger Spray"],"picked":"Leg Sweep+1","floor":44},{"not_picked":["All Out Attack+1","Envenom"],"picked":"Backflip+1","floor":45},{"not_picked":["Skewer","Distraction+1","Acrobatics+1"],"picked":"SKIP","floor":46}],"player_experience":349236,"relics_obtained":[{"floor":7,"key":"PreservedInsect"},{"floor":9,"key":"Ancient Tea Set"},{"floor":12,"key":"Smiling Mask"},{"floor":21,"key":"Red Mask"},{"floor":23,"key":"Vajra"},{"floor":26,"key":"Art of War"},{"floor":27,"key":"Toxic Egg 2"},{"floor":37,"key":"Bird Faced Urn"},{"floor":42,"key":"The Specimen"},{"floor":43,"key":"Bag of Marbles"},{"floor":46,"key":"Happy Flower"}],"event_choices":[{"cards_removed":["Strike_G"],"damage_healed":0,"gold_gain":0,"player_choice":"Purged","damage_taken":0,"max_hp_gain":0,"max_hp_loss":0,"event_name":"Purifier","floor":3,"gold_loss":0},{"damage_healed":0,"gold_gain":0,"player_choice":"Gave Potion","damage_taken":0,"relics_obtained":["Dead Branch"],"max_hp_gain":0,"max_hp_loss":0,"event_name":"WeMeetAgain","floor":13,"gold_loss":0},{"damage_healed":0,"gold_gain":0,"player_choice":"Obtained Relic","damage_taken":0,"relics_obtained":["Ninja Scroll"],"max_hp_gain":0,"max_hp_loss":0,"event_name":"Addict","floor":20,"gold_loss":85},{"damage_healed":0,"gold_gain":0,"player_choice":"Fought Bandits","damage_taken":0,"max_hp_gain":0,"max_hp_loss":0,"event_name":"Masked Bandits","floor":21,"gold_loss":0},{"damage_healed":0,"gold_gain":0,"player_choice":"Fight","damage_taken":0,"max_hp_gain":0,"max_hp_loss":0,"event_name":"MindBloom","floor":37,"gold_loss":0},{"damage_healed":0,"gold_gain":0,"player_choice":"Ignored","damage_taken":0,"max_hp_gain":0,"max_hp_loss":0,"event_name":"Tomb of Lord Red Mask","floor":48,"gold_loss":0}],"is_beta":false,"boss_relics":[{"not_picked":["Pandora\u0027s Box","HoveringKite"],"picked":"Cursed Key"},{"not_picked":["Black Star","Tiny House"],"picked":"Fusion Hammer"}],"items_purged_floors":[11,14,30,47],"is_endless":false,"potions_floor_spawned":[1,4,7,19,21,27,28,35,37,42,46],"ascension_level":7}