{"gold_per_floor":[119,139,149,166,182,216,19,19,19,50,50,67,82,82,82,179,179,194,212,225,237,249,249,278,278,278,295,295,325,73,107,107,207,207,220,234,334,348,122,122,151,166,190,218,218,246,299,319,319,319],"floor_reached":51,"playtime":4522,"items_purged":[],"score":850,"play_id":"ffa5263b-358e-4226-881c-65c19d59a1d7","local_time":"20190831101434","is_ascension_mode":true,"campfire_choices":[{"data":"Genetic Algorithm","floor":15.0,"key":"SMITH"},{"floor":23.0,"key":"REST"},{"floor":25.0,"key":"REST"},{"floor":32.0,"key":"REST"},{"floor":40.0,"key":"REST"},{"floor":45,"key":"REST"},{"floor":49,"key":"REST"}],"neow_cost":"NONE","seed_source_timestamp":0,"circlet_count":0,"master_deck":["Strike_B","Strike_B+1","Strike_B+1","Strike_B","Defend_B","Defend_B","Defend_B","Defend_B","Zap","Dualcast","Ball Lightning","Coolheaded","Capacitor","Genetic Algorithm+1","Conserve Battery","Genetic Algorithm+1","Sweeping Beam","Creative AI","Chaos+1","BootSequence+1","Loop+1","Sweeping Beam+1","Compile Driver+1","BootSequence","Defragment+1","Sweeping Beam+1","Static Discharge+1","BootSequence+1","Go for the Eyes","Biased Cognition","Conserve Battery+1","Compile Driver","Go for the Eyes","Defragment","Hologram+1","Rainbow","Coolheaded+1"],"special_seed":0,"relics":["Cracked Core","Shuriken","Lantern","Dream Catcher","Oddly Smooth Stone","Mercury Hourglass","Fusion Hammer","Whetstone","Unceasing Top","Darkstone Periapt","Mango","Ornamental Fan","PreservedInsect","White Beast Statue","Thread and Needle","Orichalcum","Happy Flower","Blood Vial","Ancient Tea Set","Gambling Chip","StoneCalendar"],"potions_floor_usage":[44,47,50,50],"damage_taken":[{"damage":0.0,"enemies":"Small Slimes","floor":1.0,"turns":3.0},{"damage":2.0,"enemies":"2 Louse","floor":2.0,"turns":2.0},{"damage":0.0,"enemies":"Cultist","floor":3.0,"turns":3.0},{"damage":13.0,"enemies":"Exordium Wildlife","floor":4.0,"turns":5.0},{"damage":6.0,"enemies":"2 Fungi Beasts","floor":5.0,"turns":4.0},{"damage":22.0,"enemies":"Lagavulin","floor":6.0,"turns":6.0},{"damage":16.0,"enemies":"Gremlin Nob","floor":10.0,"turns":4.0},{"damage":0.0,"enemies":"3 Louse","floor":12.0,"turns":2.0},{"damage":1.0,"enemies":"Exordium Thugs","floor":13.0,"turns":4.0},{"damage":15.0,"enemies":"Slime Boss","floor":16.0,"turns":11.0},{"damage":9.0,"enemies":"Spheric Guardian","floor":18.0,"turns":5.0},{"damage":7.0,"enemies":"3 Byrds","floor":19.0,"turns":4.0},{"damage":4.0,"enemies":"3 Cultists","floor":20.0,"turns":5.0},{"damage":9.0,"enemies":"Shelled Parasite and Fungi","floor":21.0,"turns":6.0},{"damage":21.0,"enemies":"Sentry and Sphere","floor":22.0,"turns":7.0},{"damage":6.0,"enemies":"Slavers","floor":24.0,"turns":5.0},{"damage":2.0,"enemies":"Chosen and Byrds","floor":27.0,"turns":8.0},{"damage":21.0,"enemies":"Gremlin Leader","floor":29.0,"turns":7.0},{"damage":30.0,"enemies":"Slavers","floor":31.0,"turns":4.0},{"damage":12.0,"enemies":"Automaton","floor":33.0,"turns":11.0},{"damage":10.0,"enemies":"3 Darklings","floor":35.0,"turns":5.0},{"damage":3.0,"enemies":"3 Shapes","floor":36.0,"turns":4.0},{"damage":15.0,"enemies":"Mind Bloom Boss Battle","floor":37.0,"turns":8.0},{"damage":11.0,"enemies":"Sphere and 2 Shapes","floor":38.0,"turns":6.0},{"damage":25.0,"enemies":"Nemesis","floor":41.0,"turns":7.0},{"damage":28,"enemies":"Transient","floor":42,"turns":5},{"damage":15,"enemies":"Reptomancer","floor":44,"turns":4},{"damage":0,"enemies":"Giant Head","floor":46,"turns":7},{"damage":19,"enemies":"2 Orb Walkers","floor":47,"turns":5},{"damage":18,"enemies":"Spire Growth","floor":48,"turns":5},{"damage":17,"enemies":"Time Eater","floor":50,"turns":10}],"seed_played":"-3316926096804046449","potions_obtained":[{"floor":0.0,"key":"SpeedPotion"},{"floor":0.0,"key":"AttackPotion"},{"floor":0.0,"key":"Poison Potion"},{"floor":2.0,"key":"SkillPotion"},{"floor":10.0,"key":"Weak Potion"},{"floor":12.0,"key":"FairyPotion"},{"floor":19.0,"key":"SteroidPotion"},{"floor":21.0,"key":"Energy Potion"},{"floor":24.0,"key":"Regen Potion"},{"floor":29.0,"key":"Fire Potion"},{"floor":33.0,"key":"SkillPotion"},{"floor":35.0,"key":"Poison Potion"},{"floor":36.0,"key":"SpeedPotion"},{"floor":37.0,"key":"Regen Potion"},{"floor":38.0,"key":"SkillPotion"},{"floor":41.0,"key":"LiquidBronze"},{"floor":42,"key":"Energy Potion"},{"floor":44,"key":"FocusPotion"},{"floor":46,"key":"Explosive Potion"},{"floor":47,"key":"SkillPotion"},{"floor":48,"key":"PowerPotion"}],"is_trial":false,"path_per_floor":["M","M","M","M","M","E","$","?","T","E","?","M","M","?","R","B",null,"M","M","M","M","M","R","E","R","T","M","?","E","$","E","R","B",null,"M","M","?","M","$","R","E","M","T","E","R","E","?","M","R","B",null],"character_chosen":"DEFECT","items_purchased":["Lantern","Fire Potion","Ornamental Fan","Defragment","Orichalcum"],"campfire_rested":6,"item_purchase_floors":[7,7,30,39,39],"current_hp_per_floor":[75,73,73,60,54,32,32,29,29,13,38,38,37,37,37,22,75,66,59,55,46,25,47,41,63,63,61,61,54,54,33,59,47,89,79,76,61,64,64,89,64,36,36,23,49,51,34,18,44,29],"gold":319,"neow_bonus":"THREE_SMALL_POTIONS","is_prod":false,"is_daily":false,"chose_seed":false,"campfire_upgraded":1,"win_rate":0,"timestamp":1567271674,"path_taken":["M","M","M","M","M","E","$","?","T","E","?","M","M","?","R","BOSS","M","M","M","M","M","R","E","R","T","?","?","E","$","E","R","BOSS","M","M","?","M","$","R","E","M","T","E","R","E","?","?","R","BOSS"],"build_version":"2019-07-17","purchased_purges":0,"victory":true,"max_hp_per_floor":[75,75,75,75,75,75,75,75,75,75,75,75,75,75,75,75,75,75,75,75,75,75,75,75,75,75,75,75,89,89,89,89,89,89,89,89,89,89,89,89,89,89,89,89,89,89,89,89,89,89],"card_choices":[{"not_picked":["Self Repair","Doom and Gloom"],"picked":"Ball Lightning","floor":1.0},{"not_picked":["Redo","Melter"],"picked":"Coolheaded","floor":2.0},{"not_picked":["Hologram","Gash"],"picked":"Capacitor","floor":3.0},{"not_picked":["Sweeping Beam","Echo Form"],"picked":"Genetic Algorithm","floor":4.0},{"not_picked":["Compile Driver","Redo"],"picked":"Conserve Battery","floor":5.0},{"not_picked":["Steam","Stack","Gash"],"picked":"SKIP","floor":6.0},{"not_picked":["Lockon","Turbo"],"picked":"Genetic Algorithm","floor":10.0},{"not_picked":["Cold Snap","Compile Driver","Steam Power"],"picked":"SKIP","floor":12.0},{"not_picked":["Undo","Creative AI"],"picked":"Sweeping Beam","floor":13.0},{"not_picked":["Hyperbeam","Meteor Strike"],"picked":"Creative AI","floor":16.0},{"not_picked":["Force Field+1","Beam Cell+1"],"picked":"Chaos+1","floor":18.0},{"not_picked":["Turbo+1","Compile Driver"],"picked":"BootSequence+1","floor":19.0},{"not_picked":["Steam","Turbo","Barrage"],"picked":"SKIP","floor":20.0},{"not_picked":["Gash","Sunder"],"picked":"Loop+1","floor":21.0},{"not_picked":["Go for the Eyes+1","FTL"],"picked":"Sweeping Beam+1","floor":22.0},{"not_picked":["Skim","Sunder+1"],"picked":"Compile Driver+1","floor":23.0},{"not_picked":["Reprogram","Streamline"],"picked":"BootSequence","floor":24.0},{"not_picked":["Sweeping Beam","Barrage+1"],"picked":"Defragment+1","floor":25.0},{"not_picked":["Self Repair+1","Aggregate+1"],"picked":"Sweeping Beam+1","floor":27.0},{"not_picked":["BootSequence","Cold Snap"],"picked":"Static Discharge+1","floor":29.0},{"not_picked":["Loop","Static Discharge"],"picked":"BootSequence+1","floor":31.0},{"not_picked":["Darkness","All For One"],"picked":"Go for the Eyes","floor":32.0},{"not_picked":["Reboot","All For One"],"picked":"Biased Cognition","floor":33.0},{"not_picked":["Sweeping Beam+1","Static Discharge"],"picked":"Conserve Battery+1","floor":35.0},{"not_picked":["Consume","Scrape"],"picked":"Compile Driver","floor":36.0},{"not_picked":["Melter","Steam"],"picked":"Go for the Eyes","floor":37.0},{"not_picked":["Loop","Steam+1","Sunder"],"picked":"SKIP","floor":38.0},{"not_picked":["Ball Lightning","Capacitor"],"picked":"Hologram+1","floor":40.0},{"not_picked":["Rip and Tear","Blizzard","Loop"],"picked":"SKIP","floor":41.0},{"not_picked":["Darkness+1","Capacitor","Conserve Battery"],"picked":"SKIP","floor":42},{"not_picked":["Coolheaded","Compile Driver+1"],"picked":"Rainbow","floor":44},{"not_picked":["Fission","Beam Cell+1","Doom and Gloom"],"picked":"SKIP","floor":46},{"not_picked":["Force Field+1","Recycle"],"picked":"Coolheaded+1","floor":48}],"player_experience":212340,"relics_obtained":[{"floor":6.0,"key":"Shuriken"},{"floor":9.0,"key":"Oddly Smooth Stone"},{"floor":10.0,"key":"Mercury Hourglass"},{"floor":24.0,"key":"Whetstone"},{"floor":26.0,"key":"Unceasing Top"},{"floor":29.0,"key":"Mango"},{"floor":31.0,"key":"PreservedInsect"},{"floor":37.0,"key":"Thread and Needle"},{"floor":41.0,"key":"Happy Flower"},{"floor":43,"key":"Blood Vial"},{"floor":44,"key":"Ancient Tea Set"},{"floor":46,"key":"Gambling Chip"},{"floor":47,"key":"StoneCalendar"}],"event_choices":[{"damage_healed":0.0,"max_hp_gain":0.0,"max_hp_loss":0.0,"gold_gain":0.0,"event_name":"Scrap Ooze","player_choice":"Success","floor":8.0,"gold_loss":0.0,"damage_taken":3.0,"relics_obtained":["Dream Catcher"]},{"damage_healed":25.0,"max_hp_gain":0.0,"max_hp_loss":0.0,"gold_gain":0.0,"event_name":"Big Fish","player_choice":"Banana","floor":11.0,"gold_loss":0.0,"damage_taken":0.0},{"damage_healed":0.0,"max_hp_gain":0.0,"max_hp_loss":0.0,"gold_gain":0.0,"event_name":"Accursed Blacksmith","player_choice":"Forge","floor":14.0,"gold_loss":0.0,"damage_taken":0.0,"cards_upgraded":["Genetic Algorithm"]},{"damage_healed":0.0,"max_hp_gain":0.0,"max_hp_loss":0.0,"gold_gain":0.0,"event_name":"The Mausoleum","player_choice":"Opened","floor":28.0,"gold_loss":0.0,"damage_taken":0.0,"relics_obtained":["Darkstone Periapt"]},{"damage_healed":0.0,"max_hp_gain":0.0,"max_hp_loss":0.0,"gold_gain":0.0,"event_name":"MindBloom","player_choice":"Fight","floor":37.0,"gold_loss":0.0,"damage_taken":0.0},{"damage_healed":0,"gold_gain":0,"player_choice":"Fight","damage_taken":0,"max_hp_gain":0,"max_hp_loss":0,"event_name":"Mysterious Sphere","floor":47,"gold_loss":0}],"is_beta":false,"boss_relics":[{"not_picked":["Snecko Eye","Tiny House"],"picked":"Fusion Hammer"},{"not_picked":["Astrolabe","Orrery"],"picked":"White Beast Statue"}],"items_purged_floors":[],"is_endless":false,"potions_floor_spawned":[2,4,10,12,19,21,24,29,33,35,36,37,38,41,42,44,46,47,48],"ascension_level":1}