{"gold_per_floor":[118,133,153,103,178,211,211,222,222,234,259,259,284,295,295,390,390,400,400,325,344,357,385,385,402,455,472,487,402,402],"floor_reached":30,"playtime":2002,"items_purged":[],"score":288,"play_id":"5812cc3d-b9bc-42ff-b527-bbf555208447","local_time":"20191011091106","is_ascension_mode":true,"campfire_choices":[{"data":"Brutality","floor":12,"key":"SMITH"},{"floor":15,"key":"REST"},{"floor":24,"key":"REST"}],"neow_cost":"TEN_PERCENT_HP_LOSS","seed_source_timestamp":2193461248289578,"circlet_count":0,"master_deck":["Strike_R","Strike_R","Strike_R","Strike_R","Strike_R","Defend_R","Bash","Thunderclap","Burning Pact","Perfected Strike","Perfected Strike","Rupture","Clash","Brutality+1","Hemokinesis","Anger","Impervious","Power Through+1","Feel No Pain+1","Battle Trance+1","Dropkick","Perfected Strike","Spot Weakness+1","Armaments+1"],"relics":["Burning Blood","Thread and Needle","Bottled Lightning","Kunai","Gremlin Horn","Lizard Tail","SlaversCollar","Blood Vial","Ancient Tea Set","InkBottle"],"potions_floor_usage":[11,16,22,23,27,28,30],"damage_taken":[{"damage":4,"enemies":"Small Slimes","floor":1,"turns":3},{"damage":0,"enemies":"2 Louse","floor":2,"turns":4},{"damage":0,"enemies":"Cultist","floor":3,"turns":3},{"damage":20,"enemies":"Gremlin Nob","floor":6,"turns":4},{"damage":2,"enemies":"3 Louse","floor":8,"turns":3},{"damage":15,"enemies":"Large Slime","floor":10,"turns":4},{"damage":17,"enemies":"Lagavulin","floor":11,"turns":4},{"damage":19,"enemies":"3 Sentries","floor":13,"turns":6},{"damage":15,"enemies":"Exordium Wildlife","floor":14,"turns":3},{"damage":35,"enemies":"Hexaghost","floor":16,"turns":6},{"damage":11,"enemies":"Spheric Guardian","floor":18,"turns":3},{"damage":9,"enemies":"Chosen","floor":21,"turns":6},{"damage":39,"enemies":"Centurion and Healer","floor":22,"turns":5},{"damage":27,"enemies":"Slavers","floor":23,"turns":5},{"damage":24,"enemies":"Snecko","floor":25,"turns":4},{"damage":20,"enemies":"Shelled Parasite and Fungi","floor":27,"turns":6},{"damage":28,"enemies":"Centurion and Healer","floor":28,"turns":6},{"damage":32,"enemies":"Gremlin Leader","floor":30,"turns":3}],"seed_played":"776590085652150212","potions_obtained":[{"floor":1,"key":"FearPotion"},{"floor":10,"key":"Block Potion"},{"floor":13,"key":"BloodPotion"},{"floor":16,"key":"BloodPotion"},{"floor":21,"key":"Swift Potion"},{"floor":22,"key":"Strength Potion"},{"floor":25,"key":"Block Potion"}],"is_trial":false,"path_per_floor":["M","M","M","?","?","E","?","M","T","M","E","R","E","M","R","B",null,"M","?","?","M","M","E","R","M","T","M","M","?","E"],"character_chosen":"IRONCLAD","items_purchased":[],"campfire_rested":2,"item_purchase_floors":[],"current_hp_per_floor":[72,72,72,72,61,47,47,51,51,42,31,31,18,9,30,19,72,67,54,54,51,37,16,39,23,23,11,30,30,0],"gold":402,"neow_bonus":"ONE_RARE_RELIC","is_prod":false,"is_daily":false,"chose_seed":false,"campfire_upgraded":1,"win_rate":0,"timestamp":1570781466,"path_taken":["M","M","M","?","?","E","?","?","T","M","E","R","E","M","R","BOSS","M","?","?","M","M","E","R","M","T","M","M","?","E"],"build_version":"2019-09-09v2","purchased_purges":0,"victory":false,"max_hp_per_floor":[72,72,72,72,72,72,72,72,72,72,72,72,72,72,72,72,72,72,77,77,77,77,77,77,77,77,77,77,77,77],"card_choices":[{"not_picked":["Dual Wield","True Grit"],"picked":"Thunderclap","floor":1},{"not_picked":["Flex","Armaments"],"picked":"Burning Pact","floor":2},{"not_picked":["Body Slam","Thunderclap"],"picked":"Perfected Strike","floor":3},{"not_picked":["Dropkick","Spot Weakness"],"picked":"Perfected Strike","floor":6},{"not_picked":["Dual Wield","Seeing Red"],"picked":"Rupture","floor":8},{"not_picked":["True Grit","Warcry"],"picked":"Clash","floor":10},{"not_picked":["Limit Break","Intimidate"],"picked":"Brutality","floor":11},{"not_picked":["Rupture","Clothesline"],"picked":"Hemokinesis","floor":13},{"not_picked":["Rampage","Wild Strike"],"picked":"Anger","floor":14},{"not_picked":["Dark Embrace","Juggernaut"],"picked":"Impervious","floor":16},{"not_picked":["Carnage","Sword Boomerang"],"picked":"Power Through+1","floor":18},{"not_picked":["Heavy Blade","Headbutt"],"picked":"Feel No Pain+1","floor":21},{"not_picked":["Entrench","Pommel Strike"],"picked":"Battle Trance+1","floor":22},{"not_picked":["Body Slam","Twin Strike"],"picked":"Dropkick","floor":23},{"not_picked":["Armaments+1","Headbutt+1"],"picked":"Perfected Strike","floor":25},{"not_picked":["Dual Wield+1","Evolve"],"picked":"Spot Weakness+1","floor":27},{"not_picked":["Battle Trance","Intimidate"],"picked":"Armaments+1","floor":28}],"player_experience":91979,"relics_obtained":[{"floor":6,"key":"Bottled Lightning"},{"floor":9,"key":"Kunai"},{"floor":11,"key":"Gremlin Horn"},{"floor":13,"key":"Lizard Tail"},{"floor":23,"key":"Blood Vial"},{"floor":26,"key":"Ancient Tea Set"}],"event_choices":[{"cards_removed":["Defend_R"],"damage_healed":0,"gold_gain":0,"player_choice":"Card Removal","damage_taken":0,"max_hp_gain":0,"max_hp_loss":0,"event_name":"The Cleric","floor":4,"gold_loss":50},{"damage_healed":0,"gold_gain":75,"player_choice":"Gather Gold","damage_taken":11,"max_hp_gain":0,"max_hp_loss":0,"event_name":"World of Goop","floor":5,"gold_loss":0},{"cards_removed":["Defend_R"],"damage_healed":0,"gold_gain":0,"player_choice":"Purged","damage_taken":0,"max_hp_gain":0,"max_hp_loss":0,"event_name":"Purifier","floor":7,"gold_loss":0},{"damage_healed":0,"gold_gain":0,"player_choice":"Shed Blood","damage_taken":18,"max_hp_gain":5,"max_hp_loss":0,"event_name":"Forgotten Altar","floor":19,"gold_loss":0},{"cards_removed":["Defend_R"],"damage_healed":0,"gold_gain":0,"player_choice":"Gave Gold","damage_taken":0,"max_hp_gain":0,"max_hp_loss":0,"event_name":"Beggar","floor":20,"gold_loss":75},{"damage_healed":0,"gold_gain":0,"player_choice":"Obtained Relic","damage_taken":0,"relics_obtained":["InkBottle"],"max_hp_gain":0,"max_hp_loss":0,"event_name":"Addict","floor":29,"gold_loss":85}],"is_beta":true,"boss_relics":[{"not_picked":["Busted Crown","Runic Pyramid"],"picked":"SlaversCollar"}],"items_purged_floors":[],"is_endless":false,"potions_floor_spawned":[1,10,13,16,21,22,25],"killed_by":"Gremlin Leader","ascension_level":1}