{"gold_per_floor":[146,146,65,75,75,75,113,63,63,63,77,77,117,162,162,290,290,309,219,239,38,38,38,69,90,90,103,103,128,168,182,182,301,301,326,341,362,386,405,436,448,481,493,240,263,688,688,292,292,292],"floor_reached":51,"playtime":5561,"items_purged":[],"score":820,"play_id":"c202185c-faa0-4ea9-823b-4eb65be1f63c","local_time":"20191019191429","is_ascension_mode":true,"campfire_choices":[{"data":"Dualcast","floor":6,"key":"SMITH"},{"data":"Redo","floor":10,"key":"SMITH"},{"floor":15,"key":"REST"},{"data":"FTL","floor":23,"key":"SMITH"},{"data":"Hologram","floor":28,"key":"SMITH"},{"data":"Scrape","floor":32,"key":"SMITH"},{"data":"Gash","floor":41,"key":"SMITH"},{"floor":49,"key":"REST"}],"neow_cost":"NONE","seed_source_timestamp":2917291934441572,"circlet_count":0,"master_deck":["Zap+1","Dualcast+1","Gash+1","Scrape+1","Redo+1","Hologram+1","Gash+1","Steam","Thunder Strike","BootSequence","FTL+1","Go for the Eyes","Chill","Reprogram","Go for the Eyes","Machine Learning","Scrape+1","FTL+1","Gash+1","Gash","Redo+1","Hologram+1","Multi-Cast","Gash","Scrape","Reprogram+1","Redo+1"],"relics":["Cracked Core","Tiny Chest","Golden Idol","War Paint","Bottled Flame","Strawberry","Dream Catcher","Empty Cage","Vajra","Singing Bowl","White Beast Statue","Bag of Marbles","Astrolabe","MawBank","Sundial","Lee\u0027s Waffle","Old Coin","Gremlin Horn","Ornamental Fan","Membership Card"],"potions_floor_usage":[13,13,30,33,38,40,50,50],"damage_taken":[{"damage":0,"enemies":"Small Slimes","floor":1,"turns":2},{"damage":3,"enemies":"2 Louse","floor":4,"turns":2},{"damage":26,"enemies":"Gremlin Nob","floor":7,"turns":4},{"damage":0,"enemies":"Cultist","floor":11,"turns":2},{"damage":15,"enemies":"Lagavulin","floor":13,"turns":4},{"damage":35,"enemies":"The Guardian","floor":16,"turns":9},{"damage":3,"enemies":"Spheric Guardian","floor":18,"turns":3},{"damage":0,"enemies":"Chosen","floor":20,"turns":3},{"damage":30,"enemies":"Book of Stabbing","floor":24,"turns":5},{"damage":0,"enemies":"Sentry and Sphere","floor":25,"turns":4},{"damage":13,"enemies":"3 Cultists","floor":27,"turns":6},{"damage":0,"enemies":"Centurion and Healer","floor":29,"turns":7},{"damage":7,"enemies":"Slavers","floor":30,"turns":6},{"damage":1,"enemies":"Sentry and Sphere","floor":31,"turns":4},{"damage":44,"enemies":"Champ","floor":33,"turns":11},{"damage":23,"enemies":"3 Darklings","floor":35,"turns":5},{"damage":0,"enemies":"Orb Walker","floor":36,"turns":2},{"damage":0,"enemies":"3 Darklings","floor":37,"turns":4},{"damage":0,"enemies":"Transient","floor":38,"turns":5},{"damage":8,"enemies":"Jaw Worm Horde","floor":39,"turns":3},{"damage":23,"enemies":"Giant Head","floor":40,"turns":6},{"damage":20,"enemies":"Spire Growth","floor":42,"turns":3},{"damage":58,"enemies":"Writhing Mass","floor":45,"turns":6},{"damage":8,"enemies":"Mind Bloom Boss Battle","floor":46,"turns":4},{"damage":44,"enemies":"Time Eater","floor":50,"turns":7}],"seed_played":"5096032601342227552","potions_obtained":[{"floor":7,"key":"Weak Potion"},{"floor":11,"key":"AttackPotion"},{"floor":18,"key":"Energy Potion"},{"floor":24,"key":"FairyPotion"},{"floor":25,"key":"Weak Potion"},{"floor":30,"key":"Ancient Potion"},{"floor":33,"key":"Explosive Potion"},{"floor":35,"key":"Dexterity Potion"},{"floor":36,"key":"AttackPotion"},{"floor":37,"key":"SteroidPotion"},{"floor":38,"key":"SpeedPotion"},{"floor":40,"key":"Energy Potion"},{"floor":42,"key":"Energy Potion"},{"floor":46,"key":"Swift Potion"}],"is_trial":false,"path_per_floor":["M","?","$","M","?","R","E","?","T","R","M","?","E","T","R","B",null,"M","?","M","$","T","R","E","M","T","M","R","M","E","M","R","B",null,"M","M","M","M","M","E","R","M","T","$","M","?","T","$","R","B",null],"character_chosen":"DEFECT","items_purchased":["Scrape","Go for the Eyes","Vajra","Gash","Scrape","Lee\u0027s Waffle","Ornamental Fan","Membership Card"],"campfire_rested":2,"item_purchase_floors":[3,21,21,44,44,44,48,48],"current_hp_per_floor":[75,75,75,72,54,54,28,28,28,28,28,21,13,13,37,2,82,79,79,79,79,79,79,49,51,51,40,40,42,35,34,34,25,88,67,69,69,71,63,40,40,20,20,101,43,35,35,35,67,23],"gold":292,"neow_bonus":"RANDOM_COMMON_RELIC","is_prod":false,"is_daily":false,"chose_seed":false,"campfire_upgraded":6,"win_rate":0,"timestamp":1571508869,"path_taken":["M","?","$","M","?","R","E","?","T","R","M","?","E","?","R","BOSS","M","?","?","?","?","R","E","M","T","M","R","M","E","M","R","BOSS","M","?","M","M","M","E","R","M","T","$","M","?","?","?","R","BOSS"],"build_version":"2019-09-09v2","purchased_purges":0,"victory":true,"max_hp_per_floor":[75,75,75,75,75,75,75,75,75,75,75,75,82,82,82,82,82,82,82,82,82,82,82,82,84,84,86,86,88,88,88,88,88,88,90,92,92,94,94,94,94,94,94,101,101,101,101,101,103,103],"card_choices":[{"not_picked":["Beam Cell","Turbo"],"picked":"Gash","floor":1},{"not_picked":["Leap","Melter"],"picked":"Redo","floor":4},{"not_picked":["Ball Lightning","Meteor Strike","Chaos"],"picked":"SKIP","floor":7},{"not_picked":["Ball Lightning","Rebound"],"picked":"Hologram","floor":11},{"not_picked":["Aggregate","Fission"],"picked":"Gash","floor":13},{"not_picked":["Coolheaded","Hologram"],"picked":"Steam","floor":15},{"not_picked":["Creative AI","Amplify"],"picked":"Thunder Strike","floor":16},{"not_picked":["Hologram","Ball Lightning"],"picked":"BootSequence","floor":18},{"not_picked":["Turbo","Coolheaded"],"picked":"FTL","floor":20},{"not_picked":["Redo","Capacitor"],"picked":"Chill","floor":24},{"not_picked":["Recycle","Heatsinks+1","Undo"],"picked":"Singing Bowl","floor":25},{"not_picked":["Stack","Turbo+1","Static Discharge"],"picked":"Singing Bowl","floor":27},{"not_picked":["Loop","Auto Shields","Leap+1"],"picked":"Singing Bowl","floor":29},{"not_picked":["Melter","Compile Driver"],"picked":"Reprogram","floor":30},{"not_picked":["Coolheaded","Hyperbeam"],"picked":"Go for the Eyes","floor":31},{"not_picked":["Multi-Cast","Creative AI"],"picked":"Machine Learning","floor":33},{"not_picked":["Hologram","Hello World+1","Streamline+1"],"picked":"Singing Bowl","floor":35},{"not_picked":["Conserve Battery+1","Turbo+1","Barrage"],"picked":"Singing Bowl","floor":36},{"not_picked":["All For One","Compile Driver+1"],"picked":"Gash","floor":37},{"not_picked":["Ball Lightning","Barrage","Streamline"],"picked":"Singing Bowl","floor":38},{"not_picked":["Compile Driver+1","Force Field"],"picked":"Redo+1","floor":39},{"not_picked":["Recycle+1","Aggregate"],"picked":"Hologram+1","floor":40},{"not_picked":["Darkness+1","Streamline+1"],"picked":"Multi-Cast","floor":42},{"not_picked":["Cold Snap","Loop+1"],"picked":"Reprogram+1","floor":45},{"not_picked":["Cold Snap+1","Auto Shields"],"picked":"Redo+1","floor":46},{"not_picked":["Scrape","Tempest","Consume+1"],"picked":"Singing Bowl","floor":49}],"player_experience":258912,"relics_obtained":[{"floor":7,"key":"War Paint"},{"floor":9,"key":"Bottled Flame"},{"floor":13,"key":"Strawberry"},{"floor":14,"key":"Dream Catcher"},{"floor":22,"key":"Singing Bowl"},{"floor":24,"key":"White Beast Statue"},{"floor":30,"key":"Bag of Marbles"},{"floor":40,"key":"MawBank"},{"floor":43,"key":"Sundial"},{"floor":46,"key":"Old Coin"},{"floor":47,"key":"Gremlin Horn"}],"event_choices":[{"damage_healed":0,"gold_gain":0,"player_choice":"Grow","damage_taken":0,"max_hp_gain":0,"max_hp_loss":0,"event_name":"Living Wall","floor":2,"gold_loss":0,"cards_upgraded":["Zap"]},{"damage_healed":0,"gold_gain":0,"player_choice":"Take Damage","damage_taken":18,"relics_obtained":["Golden Idol"],"max_hp_gain":0,"max_hp_loss":0,"event_name":"Golden Idol","floor":5,"gold_loss":0},{"cards_removed":["Strike_B"],"damage_healed":0,"gold_gain":0,"player_choice":"Card Removal","damage_taken":0,"max_hp_gain":0,"max_hp_loss":0,"event_name":"The Cleric","floor":8,"gold_loss":50},{"cards_removed":["Strike_B"],"damage_healed":0,"gold_gain":0,"player_choice":"Card Removal","damage_taken":7,"max_hp_gain":0,"max_hp_loss":0,"event_name":"Golden Wing","floor":12,"gold_loss":0},{"cards_removed":["Strike_B"],"damage_healed":0,"gold_gain":0,"player_choice":"Upgrade and Remove","damage_taken":0,"max_hp_gain":0,"max_hp_loss":0,"event_name":"Designer","floor":19,"gold_loss":90,"cards_upgraded":["Gash"]},{"damage_healed":0,"gold_gain":0,"player_choice":"Fight","damage_taken":0,"max_hp_gain":0,"max_hp_loss":0,"event_name":"MindBloom","floor":46,"gold_loss":0}],"is_beta":true,"boss_relics":[{"not_picked":["Velvet Choker","Calling Bell"],"picked":"Empty Cage"},{"not_picked":["Pandora\u0027s Box","Busted Crown"],"picked":"Astrolabe"}],"items_purged_floors":[],"is_endless":false,"potions_floor_spawned":[7,11,18,24,25,27,29,30,31,33,35,36,37,38,39,40,42,45,46],"ascension_level":2}