{"gold_per_floor":[114,131,144,144,158,158,183,183,183,199,224,238,251,274,274,397,397,420,438,459,459,170,170,206,206,233,264,285,300,314,17,17,143,143,158,158,177,177,28,28,44,67,67,67,67,92,107,132,132,132],"floor_reached":50,"playtime":3231,"items_purged":[],"score":544,"play_id":"b3fc2c4f-cb9a-4876-9434-0b4ec09c1678","local_time":"20191011081307","is_ascension_mode":true,"campfire_choices":[{"data":"Die Die Die","floor":6,"key":"SMITH"},{"data":"Skewer","floor":15,"key":"SMITH"},{"data":"Glass Knife","floor":23,"key":"SMITH"},{"data":"Dagger Spray","floor":25,"key":"SMITH"},{"data":"Backstab","floor":32,"key":"SMITH"},{"data":"Envenom","floor":40,"key":"SMITH"},{"data":"Swift Strike","floor":45,"key":"SMITH"},{"floor":49,"key":"REST"}],"neow_cost":"CURSE","seed_source_timestamp":2188750191979021,"circlet_count":0,"master_deck":["Strike_G","Strike_G","Strike_G","Strike_G","Defend_G","Defend_G","Defend_G","Defend_G","Survivor","Neutralize","Injury","Die Die Die+1","Dagger Throw","Backflip","Dagger Throw","Noxious Fumes","Backstab+1","Skewer+1","Dash","All Out Attack","Flying Knee","Deflect","Deflect","Glass Knife+1","Backflip+1","Dagger Throw+1","Expertise+1","Swift Strike+1","Dagger Spray+1","Masterful Stab","Dagger Spray+1","Envenom+1","Terror+1","Backstab+1","Phantasmal Killer+1","Riddle With Holes","Dagger Spray+1","Secret Weapon+1","Deep Breath+1","Swift Strike","Slice","Escape Plan+1"],"relics":["Ring of the Snake","Question Card","Golden Idol","Sundial","Velvet Choker","Toxic Egg 2","Strange Spoon","Ornamental Fan","Anchor","FossilizedHelix","Lee\u0027s Waffle","Bronze Scales","WristBlade","Lantern","Paper Crane"],"potions_floor_usage":[16,16,24,24,30,33,41,42,42],"damage_taken":[{"damage":0,"enemies":"Jaw Worm","floor":1,"turns":3},{"damage":0,"enemies":"Cultist","floor":2,"turns":3},{"damage":0,"enemies":"2 Louse","floor":3,"turns":2},{"damage":0,"enemies":"Exordium Wildlife","floor":5,"turns":5},{"damage":9,"enemies":"3 Sentries","floor":7,"turns":6},{"damage":0,"enemies":"2 Fungi Beasts","floor":10,"turns":1},{"damage":0,"enemies":"Lots of Slimes","floor":11,"turns":1},{"damage":0,"enemies":"Red Slaver","floor":12,"turns":1},{"damage":2,"enemies":"Blue Slaver","floor":13,"turns":3},{"damage":0,"enemies":"3 Louse","floor":14,"turns":2},{"damage":32,"enemies":"Slime Boss","floor":16,"turns":9},{"damage":0,"enemies":"Shell Parasite","floor":18,"turns":4},{"damage":1,"enemies":"Chosen","floor":19,"turns":3},{"damage":0,"enemies":"3 Cultists","floor":20,"turns":3},{"damage":22,"enemies":"Gremlin Leader","floor":24,"turns":5},{"damage":9,"enemies":"Slavers","floor":27,"turns":5},{"damage":17,"enemies":"Snake Plant","floor":28,"turns":5},{"damage":7,"enemies":"Snecko","floor":29,"turns":5},{"damage":0,"enemies":"Shelled Parasite and Fungi","floor":30,"turns":2},{"damage":36,"enemies":"Collector","floor":33,"turns":6},{"damage":0,"enemies":"Orb Walker","floor":35,"turns":2},{"damage":27,"enemies":"3 Darklings","floor":37,"turns":4},{"damage":0,"enemies":"Sphere and 2 Shapes","floor":41,"turns":3},{"damage":0,"enemies":"Writhing Mass","floor":42,"turns":4},{"damage":15,"enemies":"4 Shapes","floor":46,"turns":3},{"damage":5,"enemies":"Maw","floor":47,"turns":6},{"damage":0,"enemies":"Transient","floor":48,"turns":5},{"damage":54,"enemies":"Time Eater","floor":50,"turns":4}],"seed_played":"7083411883716968429","potions_obtained":[{"floor":2,"key":"Block Potion"},{"floor":3,"key":"DuplicationPotion"},{"floor":13,"key":"SpeedPotion"},{"floor":16,"key":"Block Potion"},{"floor":20,"key":"EssenceOfSteel"},{"floor":24,"key":"SteroidPotion"},{"floor":29,"key":"Fire Potion"},{"floor":30,"key":"LiquidBronze"},{"floor":35,"key":"Fire Potion"},{"floor":37,"key":"GhostInAJar"}],"is_trial":false,"path_per_floor":["M","M","M","$","M","R","E","?","T","M","M","M","M","M","R","B",null,"M","M","M","?","$","R","E","R","T","E","M","M","M","$","R","B",null,"M","?","M","?","$","R","M","M","T","$","R","M","M","M","R","B"],"character_chosen":"THE_SILENT","items_purchased":["Strange Spoon","Swift Strike","Dagger Spray","Lee\u0027s Waffle","Bronze Scales","Lantern"],"campfire_rested":1,"item_purchase_floors":[22,22,22,31,31,39],"current_hp_per_floor":[70,70,70,70,70,70,61,44,44,44,44,44,42,42,42,10,70,70,69,69,69,69,69,47,47,47,38,21,14,14,77,77,41,77,77,77,50,40,40,40,40,40,40,40,40,25,20,20,43,0],"gold":132,"neow_bonus":"TRANSFORM_TWO_CARDS","is_prod":false,"is_daily":false,"chose_seed":false,"campfire_upgraded":7,"win_rate":0,"timestamp":1570777987,"path_taken":["M","M","M","$","M","R","E","?","T","M","M","M","M","M","R","BOSS","M","M","M","?","$","R","E","R","T","E","M","M","M","$","R","BOSS","M","?","M","?","$","R","M","M","T","?","R","M","?","?","R","BOSS"],"build_version":"2019-09-09v2","purchased_purges":0,"victory":false,"max_hp_per_floor":[70,70,70,70,70,70,70,70,70,70,70,70,70,70,70,70,70,70,70,70,70,70,70,70,70,70,70,70,70,70,77,77,77,77,77,77,77,77,77,77,77,77,77,77,77,77,77,77,77,77],"card_choices":[{"not_picked":["Dodge and Roll","Acrobatics"],"picked":"Backflip","floor":1},{"not_picked":["Deflect","Sucker Punch"],"picked":"Dagger Throw","floor":2},{"not_picked":["Deadly Poison","Endless Agony"],"picked":"Noxious Fumes","floor":3},{"not_picked":["Masterful Stab","Deadly Poison"],"picked":"Backstab","floor":5},{"not_picked":["Poisoned Stab","Outmaneuver"],"picked":"Skewer","floor":7},{"not_picked":["PiercingWail","Poisoned Stab","Reflex"],"picked":"Dash","floor":10},{"not_picked":["Night Terror","PiercingWail","Deflect"],"picked":"All Out Attack","floor":11},{"not_picked":["Flechettes","Outmaneuver","Catalyst"],"picked":"Flying Knee","floor":12},{"not_picked":["Flechettes","Crippling Poison","Choke"],"picked":"Deflect","floor":13},{"not_picked":["Blade Dance","Well Laid Plans","Bane"],"picked":"Deflect","floor":14},{"not_picked":["Malaise","Wraith Form v2","Venomology"],"picked":"Glass Knife","floor":16},{"not_picked":["Blade Dance","Predator","Outmaneuver"],"picked":"Backflip+1","floor":18},{"not_picked":["Backflip","Outmaneuver","Blade Dance"],"picked":"Dagger Throw+1","floor":19},{"not_picked":["Outmaneuver","Poisoned Stab","Blade Dance"],"picked":"Expertise+1","floor":20},{"not_picked":["PiercingWail+1","Deadly Poison+1","Heel Hook+1"],"picked":"Masterful Stab","floor":24},{"not_picked":["Outmaneuver+1","Deadly Poison+1","Backflip+1"],"picked":"Dagger Spray+1","floor":27},{"not_picked":["Eviscerate","Deflect+1","Sucker Punch+1"],"picked":"Envenom","floor":28},{"not_picked":["Endless Agony","Riddle With Holes","Quick Slash"],"picked":"Terror+1","floor":29},{"not_picked":["Flying Knee+1","Quick Slash+1","Heel Hook"],"picked":"Backstab+1","floor":30},{"not_picked":["Malaise+1","Venomology+1","Envenom"],"picked":"Phantasmal Killer+1","floor":33},{"not_picked":["Infinite Blades+1","Bane+1","Catalyst+1"],"picked":"Riddle With Holes","floor":35},{"not_picked":["Noxious Fumes+1","Quick Slash","PiercingWail+1"],"picked":"Dagger Spray+1","floor":37},{"not_picked":["Enlightenment+1","Sadistic Nature","PanicButton+1"],"picked":"Secret Weapon+1","floor":38},{"not_picked":["Finesse+1","Transmutation+1","Dark Shackles+1"],"picked":"Deep Breath+1","floor":38},{"not_picked":["Dark Shackles+1","Flash of Steel","HandOfGreed"],"picked":"Swift Strike","floor":38},{"not_picked":["Terror+1","Prepared+1","Reflex+1"],"picked":"Slice","floor":41},{"not_picked":["Well Laid Plans","Dagger Throw","Acrobatics+1"],"picked":"Escape Plan+1","floor":42},{"not_picked":["Blade Dance+1","Prepared+1","Riddle With Holes","Eviscerate+1"],"picked":"SKIP","floor":46},{"not_picked":["Flying Knee","Dagger Spray","Dagger Throw","Deadly Poison+1"],"picked":"SKIP","floor":47},{"not_picked":["Outmaneuver+1","Deadly Poison+1","Catalyst+1","Tactician+1"],"picked":"SKIP","floor":48}],"player_experience":87331,"relics_obtained":[{"floor":7,"key":"Question Card"},{"floor":9,"key":"Sundial"},{"floor":24,"key":"Ornamental Fan"},{"floor":26,"key":"Anchor"},{"floor":27,"key":"FossilizedHelix"},{"floor":43,"key":"Paper Crane"}],"event_choices":[{"damage_healed":0,"gold_gain":0,"player_choice":"Take Damage","damage_taken":17,"relics_obtained":["Golden Idol"],"max_hp_gain":0,"max_hp_loss":0,"event_name":"Golden Idol","floor":8,"gold_loss":0},{"damage_healed":0,"gold_gain":0,"player_choice":"Opened","damage_taken":0,"relics_obtained":["Toxic Egg 2"],"max_hp_gain":0,"max_hp_loss":0,"event_name":"The Mausoleum","floor":21,"gold_loss":0},{"damage_healed":0,"gold_gain":0,"player_choice":"Ignored","damage_taken":0,"max_hp_gain":0,"max_hp_loss":0,"event_name":"Tomb of Lord Red Mask","floor":36,"gold_loss":0},{"damage_healed":0,"gold_gain":0,"player_choice":"Memory 3","damage_taken":10,"max_hp_gain":0,"max_hp_loss":0,"event_name":"SensoryStone","floor":38,"gold_loss":0}],"is_beta":true,"boss_relics":[{"not_picked":["SlaversCollar","Calling Bell"],"picked":"Velvet Choker"},{"not_picked":["Ring of the Serpent","Tiny House"],"picked":"WristBlade"}],"items_purged_floors":[],"is_endless":false,"potions_floor_spawned":[2,3,13,16,20,24,29,30,35,37],"killed_by":"Time Eater","ascension_level":1}