{"gold_per_floor":[109,34,52,127,13,13,41,41,41,41,59,59,73,106,106,180,180,199,216,31,31,45,45,65,65,65,65,75,75,90,103,103,103],"floor_reached":33,"playtime":817,"items_purged":["Strike_R","Strike_R"],"score":514,"play_id":"a83337d4-c0f3-4ddb-b1b0-5b4f57184468","local_time":"20191019131227","is_ascension_mode":true,"campfire_choices":[{"data":"Bash","floor":6,"key":"SMITH"},{"data":"Immolate","floor":8,"key":"SMITH"},{"floor":10,"key":"REST"},{"data":"Evolve","floor":15,"key":"SMITH"},{"data":"Fire Breathing","floor":23,"key":"SMITH"},{"floor":29,"key":"REST"},{"data":"Combust","floor":32,"key":"SMITH"}],"neow_cost":"TEN_PERCENT_HP_LOSS","seed_source_timestamp":405210882378900,"circlet_count":0,"master_deck":["AscendersBane","Strike_R","Strike_R","Defend_R","Defend_R","Defend_R","Defend_R","Bash+1","Immolate+1","Evolve+1","Metallicize","Reckless Charge+1","Battle Trance","Uppercut+1","Reaper+1","Fire Breathing+1","Corruption","Evolve","Disarm","Shrug It Off","RitualDagger+1","Fire Breathing+1","Combust+1"],"relics":["Burning Blood","Ancient Tea Set","Molten Egg 2","Self Forming Clay","Mark of Pain","Darkstone Periapt"],"potions_floor_usage":[7,14,33,33],"damage_taken":[{"damage":1,"enemies":"Cultist","floor":1,"turns":3},{"damage":0,"enemies":"2 Louse","floor":3,"turns":1},{"damage":29,"enemies":"Gremlin Nob","floor":7,"turns":4},{"damage":0,"enemies":"Jaw Worm","floor":11,"turns":3},{"damage":15,"enemies":"Large Slime","floor":13,"turns":5},{"damage":17,"enemies":"Lagavulin","floor":14,"turns":4},{"damage":22,"enemies":"The Guardian","floor":16,"turns":10},{"damage":18,"enemies":"Chosen","floor":18,"turns":4},{"damage":4,"enemies":"3 Byrds","floor":19,"turns":2},{"damage":27,"enemies":"Shelled Parasite and Fungi","floor":22,"turns":5},{"damage":5,"enemies":"Centurion and Healer","floor":24,"turns":4},{"damage":13,"enemies":"Chosen and Byrds","floor":28,"turns":4},{"damage":1,"enemies":"Cultist and Chosen","floor":30,"turns":4},{"damage":21,"enemies":"Sentry and Sphere","floor":31,"turns":4},{"damage":78,"enemies":"Collector","floor":33,"turns":7}],"seed_played":"-8342363469222955746","potions_obtained":[{"floor":1,"key":"SteroidPotion"},{"floor":3,"key":"Strength Potion"},{"floor":16,"key":"LiquidBronze"},{"floor":22,"key":"SpeedPotion"},{"floor":31,"key":"Fruit Juice"}],"is_trial":false,"path_per_floor":["M","?","M","?","$","R","E","R","T","R","M","?","M","E","R","B",null,"M","M","$","?","M","R","M","$","T","?","M","R","M","M","R","B"],"character_chosen":"IRONCLAD","items_purchased":["Metallicize","Evolve"],"campfire_rested":2,"item_purchase_floors":[5,20],"current_hp_per_floor":[68,68,68,57,57,57,34,34,34,54,60,60,51,40,40,24,57,50,52,52,52,38,38,44,44,44,38,36,56,68,53,53,0],"gold":103,"neow_bonus":"THREE_RARE_CARDS","is_prod":false,"is_daily":false,"chose_seed":false,"campfire_upgraded":5,"win_rate":0,"timestamp":1571515947,"path_taken":["M","?","M","?","$","R","E","R","T","R","M","?","M","E","R","BOSS","M","M","$","?","M","R","M","?","T","?","M","R","M","M","R","BOSS"],"build_version":"2019-10-18","purchased_purges":2,"victory":false,"max_hp_per_floor":[68,68,68,68,68,68,68,68,68,68,68,68,68,68,68,68,68,68,68,68,68,68,68,68,68,68,68,68,68,68,68,68,73],"card_choices":[{"not_picked":["Berserk","Bludgeon"],"picked":"Immolate","floor":0},{"not_picked":["Pommel Strike","Twin Strike","Flex"],"picked":"SKIP","floor":1},{"not_picked":["Whirlwind","Headbutt"],"picked":"Evolve","floor":3},{"not_picked":["Cleave","Thunderclap","Flex"],"picked":"SKIP","floor":7},{"not_picked":["Pommel Strike+1","Iron Wave+1"],"picked":"Reckless Charge+1","floor":11},{"not_picked":["Anger+1","Rampage+1"],"picked":"Battle Trance","floor":13},{"not_picked":["Perfected Strike+1","Carnage+1"],"picked":"Uppercut+1","floor":14},{"not_picked":["Impervious","Immolate+1"],"picked":"Reaper+1","floor":16},{"not_picked":["Clash+1","Havoc"],"picked":"Fire Breathing","floor":18},{"not_picked":["Warcry","Cleave+1"],"picked":"Corruption","floor":19},{"not_picked":["Sentinel","Thunderclap+1"],"picked":"Shrug It Off","floor":22},{"not_picked":["Metallicize","Evolve","Perfected Strike+1"],"picked":"SKIP","floor":24},{"not_picked":["Armaments","Pommel Strike+1","Shockwave"],"picked":"SKIP","floor":28},{"not_picked":["Armaments","True Grit"],"picked":"Fire Breathing+1","floor":30},{"not_picked":["Dropkick+1","Bloodletting+1"],"picked":"Combust","floor":31}],"player_experience":1659029,"relics_obtained":[{"floor":7,"key":"Ancient Tea Set"},{"floor":9,"key":"Molten Egg 2"},{"floor":14,"key":"Self Forming Clay"},{"floor":26,"key":"Darkstone Periapt"}],"event_choices":[{"cards_removed":["Strike_R"],"damage_healed":0,"gold_gain":0,"player_choice":"Card Removal","damage_taken":0,"max_hp_gain":0,"max_hp_loss":0,"event_name":"The Cleric","floor":2,"gold_loss":75},{"damage_healed":0,"gold_gain":75,"player_choice":"Gather Gold","damage_taken":11,"max_hp_gain":0,"max_hp_loss":0,"event_name":"World of Goop","floor":4,"gold_loss":0},{"damage_healed":0,"gold_gain":0,"player_choice":"Ignored","damage_taken":0,"max_hp_gain":0,"max_hp_loss":0,"event_name":"Liars Game","floor":12,"gold_loss":0},{"damage_healed":0,"gold_gain":0,"player_choice":"Read","damage_taken":0,"max_hp_gain":0,"max_hp_loss":0,"event_name":"The Library","floor":21,"gold_loss":0,"cards_obtained":["Disarm"]},{"damage_healed":0,"gold_gain":0,"player_choice":"Joined the Cult","damage_taken":6,"max_hp_gain":0,"max_hp_loss":0,"event_name":"Nest","floor":27,"gold_loss":0,"cards_obtained":["RitualDagger"]}],"is_beta":true,"boss_relics":[{"not_picked":["Runic Dome","SacredBark"],"picked":"Mark of Pain"}],"items_purged_floors":[5,20],"is_endless":false,"potions_floor_spawned":[1,3,16,22,30,31],"killed_by":"Collector","ascension_level":20}