{"gold_per_floor":[109,15,26,43,43,71,83,127,139,151,6,6,6],"floor_reached":13,"playtime":315,"items_purged":["Injury"],"score":182,"play_id":"71c5b841-62cb-4f42-b9b5-07ba0d436c99","local_time":"20191016133746","is_ascension_mode":true,"campfire_choices":[{"data":"Inflame","floor":7.0,"key":"SMITH"},{"data":"Demon Form","floor":12.0,"key":"SMITH"}],"neow_cost":"NONE","seed_source_timestamp":147996166266000,"circlet_count":0,"master_deck":["AscendersBane","Strike_R","Strike_R","Strike_R","Strike_R","Strike_R","Defend_R","Defend_R","Defend_R","Defend_R","Bash","Demon Form+1","Shrug It Off","Inflame+1","Headbutt","Armaments+1","Pummel","Corruption","Shrug It Off","Havoc"],"special_seed":0,"relics":["Burning Blood","MawBank","Sundial","Blue Candle","Golden Idol"],"potions_floor_usage":[13],"damage_taken":[{"damage":0.0,"enemies":"2 Louse","floor":1.0,"turns":4.0},{"damage":11.0,"enemies":"Jaw Worm","floor":3.0,"turns":5.0},{"damage":6.0,"enemies":"Cultist","floor":4.0,"turns":4.0},{"damage":28.0,"enemies":"Gremlin Nob","floor":6.0,"turns":4.0},{"damage":27.0,"enemies":"3 Sentries","floor":8.0,"turns":9.0},{"damage":31,"enemies":"Gremlin Nob","floor":13,"turns":3}],"seed_played":"-726422123122825255","potions_obtained":[{"floor":1.0,"key":"PowerPotion"},{"floor":8.0,"key":"LiquidBronze"}],"is_trial":false,"path_per_floor":["M","$","M","M","?","E","R","E","T","?","$","R","E"],"character_chosen":"IRONCLAD","items_purchased":["Inflame","Headbutt","Shrug It Off","Havoc"],"campfire_rested":0,"item_purchase_floors":[2,2,11,11],"current_hp_per_floor":[74,74,69,69,69,47,47,26,26,26,26,26,0],"gold":6,"neow_bonus":"ONE_RANDOM_RARE_CARD","is_prod":false,"is_daily":false,"chose_seed":false,"campfire_upgraded":2,"win_rate":0,"timestamp":1571258266,"path_taken":["M","$","M","M","?","E","R","E","T","?","$","R","E"],"build_version":"2019-10-15","purchased_purges":1,"victory":false,"max_hp_per_floor":[75,75,75,75,75,75,75,75,75,75,75,75,75],"card_choices":[{"not_picked":["Armaments","Warcry"],"picked":"Shrug It Off","floor":1.0},{"not_picked":["Twin Strike","Thunderclap"],"picked":"Armaments","floor":3.0},{"not_picked":["Bloodletting","Intimidate","Clash"],"picked":"SKIP","floor":4.0},{"not_picked":["Bloodletting","Intimidate","Clash"],"picked":"SKIP","floor":4.0},{"not_picked":["Entrench","Pommel Strike"],"picked":"Pummel","floor":6.0},{"not_picked":["Twin Strike","Fiend Fire"],"picked":"Corruption","floor":8.0}],"player_experience":1592189,"relics_obtained":[{"floor":6.0,"key":"MawBank"},{"floor":8.0,"key":"Sundial"},{"floor":9.0,"key":"Blue Candle"}],"event_choices":[{"damage_healed":0.0,"max_hp_gain":0.0,"max_hp_loss":0.0,"gold_gain":0.0,"event_name":"Living Wall","player_choice":"Grow","floor":5.0,"gold_loss":0.0,"damage_taken":0.0,"cards_upgraded":["Armaments"]},{"damage_healed":0.0,"max_hp_gain":0.0,"max_hp_loss":0.0,"gold_gain":0.0,"event_name":"Golden Idol","player_choice":"Take Wound","floor":10.0,"gold_loss":0.0,"damage_taken":0.0,"relics_obtained":["Golden Idol"],"cards_obtained":["Injury"]}],"is_beta":true,"boss_relics":[],"items_purged_floors":[11],"is_endless":false,"potions_floor_spawned":[1,8],"killed_by":"Gremlin Nob","ascension_level":20}