{"gold_per_floor":[110,130,130,144,214,214,240,240,240,240,255,355,371,36,36,113,113,131,96,146,246,247,247,266,266,292,292],"floor_reached":27,"playtime":1549,"items_purged":[],"score":430,"play_id":"8907b69e-e99a-4f44-b0c6-8dfa24e16ef0","local_time":"20191019041253","is_ascension_mode":true,"campfire_choices":[{"data":"Iron Wave","floor":6.0,"key":"SMITH"},{"data":"Clothesline","floor":8.0,"key":"SMITH"},{"data":"Barricade","floor":10.0,"key":"SMITH"},{"data":"Shrug It Off","floor":15.0,"key":"SMITH"},{"floor":23.0,"key":"REST"},{"data":"Metallicize","floor":25.0,"key":"SMITH"}],"neow_cost":"NONE","seed_source_timestamp":179871382377000,"circlet_count":0,"master_deck":["AscendersBane","Strike_R","Strike_R","Strike_R","Strike_R","Defend_R","Defend_R","Defend_R","Defend_R","Bash","Barricade+1","Iron Wave+1","Clothesline+1","Shrug It Off+1","Spot Weakness","Shockwave","Seeing Red","Feed","Exhume","Shrug It Off","Metallicize+1"],"special_seed":0,"relics":["Burning Blood","SsserpentHead","StoneCalendar","The Courier","Ginger","Runic Dome","Toxic Egg 2","Red Skull"],"potions_floor_usage":[27],"damage_taken":[{"damage":5.0,"enemies":"2 Louse","floor":1.0,"turns":3.0},{"damage":8.0,"enemies":"Cultist","floor":2.0,"turns":5.0},{"damage":4.0,"enemies":"Small Slimes","floor":4.0,"turns":4.0},{"damage":29.0,"enemies":"Exordium Thugs","floor":5.0,"turns":7.0},{"damage":31.0,"enemies":"3 Sentries","floor":7.0,"turns":15.0},{"damage":0.0,"enemies":"2 Fungi Beasts","floor":11.0,"turns":3.0},{"damage":3.0,"enemies":"Large Slime","floor":13.0,"turns":6.0},{"damage":4.0,"enemies":"The Guardian","floor":16.0,"turns":16.0},{"damage":29.0,"enemies":"Spheric Guardian","floor":18.0,"turns":6.0},{"damage":30.0,"enemies":"2 Thieves","floor":22.0,"turns":5.0},{"damage":20.0,"enemies":"Snake Plant","floor":24.0,"turns":7.0},{"damage":18,"enemies":"Snecko","floor":27,"turns":7}],"seed_played":"-5719823954656825744","potions_obtained":[{"floor":2.0,"key":"SneckoOil"},{"floor":7.0,"key":"GamblersBrew"},{"floor":11.0,"key":"Ancient Potion"},{"floor":13.0,"key":"Block Potion"},{"floor":16.0,"key":"Ancient Potion"},{"floor":24.0,"key":"Block Potion"}],"is_trial":false,"path_per_floor":["M","M","?","M","M","R","E","R","T","R","M","?","M","$","R","B",null,"M","?","?","?","M","R","M","R","T","M"],"character_chosen":"IRONCLAD","items_purchased":["Feed","Ginger"],"campfire_rested":1,"item_purchase_floors":[14,14],"current_hp_per_floor":[69,67,67,69,46,46,21,21,21,21,27,27,30,30,30,35,67,47,47,47,47,23,47,36,36,36,24],"gold":292,"neow_bonus":"TRANSFORM_CARD","is_prod":false,"is_daily":false,"chose_seed":false,"campfire_upgraded":5,"win_rate":0,"timestamp":1571472773,"path_taken":["M","M","?","M","?","R","E","R","T","R","M","?","M","?","R","BOSS","M","?","?","?","?","R","M","R","T","M"],"build_version":"2019-07-17","purchased_purges":0,"victory":false,"max_hp_per_floor":[75,75,75,75,75,75,75,75,75,75,75,75,75,75,75,78,78,81,81,81,81,81,81,84,84,84,84],"card_choices":[{"not_picked":["Clash","Armaments"],"picked":"Iron Wave","floor":1.0},{"not_picked":["True Grit","Warcry","Intimidate"],"picked":"SKIP","floor":2.0},{"not_picked":["Twin Strike","Body Slam"],"picked":"Clothesline","floor":4.0},{"not_picked":["Havoc","Body Slam"],"picked":"Shrug It Off","floor":5.0},{"not_picked":["Warcry","Dropkick"],"picked":"Spot Weakness","floor":7.0},{"not_picked":["Rampage","Anger"],"picked":"Shockwave","floor":11.0},{"not_picked":["Warcry","Clash"],"picked":"Seeing Red","floor":13.0},{"not_picked":["Fiend Fire","Juggernaut"],"picked":"Exhume","floor":16.0},{"not_picked":["Iron Wave","Havoc"],"picked":"Shrug It Off","floor":18.0},{"not_picked":["Clothesline","Clash"],"picked":"Metallicize","floor":22.0},{"not_picked":["Body Slam","Cleave","Headbutt"],"picked":"SKIP","floor":24.0}],"player_experience":866301,"relics_obtained":[{"floor":7.0,"key":"StoneCalendar"},{"floor":9.0,"key":"The Courier"},{"floor":26.0,"key":"Red Skull"}],"event_choices":[{"damage_healed":0.0,"max_hp_gain":0.0,"max_hp_loss":0.0,"gold_gain":0.0,"event_name":"FaceTrader","player_choice":"Trade","floor":3.0,"gold_loss":0.0,"damage_taken":0.0,"relics_obtained":["SsserpentHead"]},{"damage_healed":0.0,"max_hp_gain":0.0,"max_hp_loss":0.0,"gold_gain":50.0,"event_name":"Golden Shrine","player_choice":"Pray","floor":12.0,"gold_loss":0.0,"damage_taken":0.0},{"damage_healed":0.0,"max_hp_gain":0.0,"max_hp_loss":0.0,"gold_gain":0.0,"event_name":"Addict","player_choice":"Obtained Relic","floor":19.0,"gold_loss":85.0,"damage_taken":0.0,"relics_obtained":["Toxic Egg 2"]},{"damage_healed":0.0,"max_hp_gain":0.0,"max_hp_loss":0.0,"gold_gain":0.0,"event_name":"Ghosts","player_choice":"Ignored","floor":20.0,"gold_loss":0.0,"damage_taken":0.0},{"damage_healed":0.0,"max_hp_gain":0.0,"max_hp_loss":0.0,"gold_gain":100.0,"event_name":"The Joust","player_choice":"Bet on Murderer","floor":21.0,"gold_loss":50.0,"damage_taken":0.0}],"is_beta":false,"boss_relics":[{"not_picked":["White Beast Statue","Astrolabe"],"picked":"Runic Dome"}],"items_purged_floors":[],"is_endless":false,"potions_floor_spawned":[2,7,11,13,16,24,27],"killed_by":"Snecko","ascension_level":20}