{"gold_per_floor":[110,110,110,24,43,74,74,104,104,104,116,130,146,163,163,266,266,286,286,211,211,151,185,185,201,201,201,220,220,80,98,98,193,193,208,0,0,0],"floor_reached":39,"playtime":4222,"items_purged":["Strike_G","Strike_G"],"score":682,"play_id":"c0730647-4ac1-4e5c-bf39-f61b11f96e5f","local_time":"20190619204243","is_ascension_mode":false,"campfire_choices":[{"floor":7.0,"key":"REST"},{"data":"Deadly Poison","floor":10.0,"key":"SMITH"},{"data":"Caltrops","floor":15.0,"key":"SMITH"},{"data":"Footwork","floor":24,"key":"SMITH"},{"data":"Neutralize","floor":29,"key":"SMITH"},{"floor":32,"key":"REST"}],"neow_cost":"PERCENT_DAMAGE","seed_source_timestamp":610330397577900,"circlet_count":0,"master_deck":["Defend_G","Defend_G","Defend_G","Defend_G","Defend_G","Survivor","Neutralize+1","Well Laid Plans","Deadly Poison+1","Caltrops+1","Tools of the Trade","Backflip","Tools of the Trade","Footwork+1","Malaise","Catalyst+1","Escape Plan+1","Burning Pact","Noxious Fumes","Backflip+1","Corpse Explosion","Deflect+1"],"special_seed":0,"relics":["Ring of the Snake","Ice Cream","Lantern","Meat on the Bone","FossilizedHelix","Cursed Key","Pen Nib","Coffee Dripper","Red Mask"],"potions_floor_usage":[33,38],"damage_taken":[{"damage":0.0,"enemies":"Small Slimes","floor":1.0,"turns":6.0},{"damage":0.0,"enemies":"2 Louse","floor":5.0,"turns":5.0},{"damage":23.0,"enemies":"Gremlin Nob","floor":6.0,"turns":5.0},{"damage":10.0,"enemies":"Lagavulin","floor":8.0,"turns":8.0},{"damage":0.0,"enemies":"Cultist","floor":11.0,"turns":3.0},{"damage":0.0,"enemies":"Exordium Thugs","floor":12.0,"turns":5.0},{"damage":0.0,"enemies":"Looter","floor":13.0,"turns":4.0},{"damage":0.0,"enemies":"2 Fungi Beasts","floor":14.0,"turns":4.0},{"damage":2.0,"enemies":"Hexaghost","floor":16.0,"turns":9.0},{"damage":0.0,"enemies":"Spheric Guardian","floor":18.0,"turns":5.0},{"damage":0.0,"enemies":"2 Thieves","floor":22.0,"turns":4.0},{"damage":26.0,"enemies":"Slavers","floor":23.0,"turns":8.0},{"damage":12,"enemies":"Centurion and Healer","floor":25,"turns":7},{"damage":0,"enemies":"Cultist and Chosen","floor":28,"turns":8},{"damage":0,"enemies":"Snake Plant","floor":31,"turns":3},{"damage":0,"enemies":"Champ","floor":33,"turns":11},{"damage":0,"enemies":"3 Darklings","floor":35,"turns":4},{"damage":0,"enemies":"Donu and Deca","floor":38,"turns":6}],"seed_played":"-3767588999962537306","potions_obtained":[{"floor":5.0,"key":"Swift Potion"},{"floor":6.0,"key":"GhostInAJar"},{"floor":12.0,"key":"Energy Potion"},{"floor":13.0,"key":"SpeedPotion"},{"floor":16.0,"key":"Energy Potion"},{"floor":19.0,"key":"FairyPotion"},{"floor":28,"key":"SteroidPotion"},{"floor":33,"key":"SmokeBomb"},{"floor":35,"key":"LiquidBronze"}],"is_trial":false,"path_per_floor":["M","?","?","$","M","E","R","E","T","R","M","M","M","M","R","B",null,"M","?","$","?","M","E","R","M","T","?","M","R","$","M","R","B",null,"M","?","?","B",null],"character_chosen":"THE_SILENT","items_purchased":["Well Laid Plans","Dexterity Potion","Noxious Fumes"],"campfire_rested":2,"item_purchase_floors":[4,4,30],"current_hp_per_floor":[49,24,29,29,29,6,27,17,17,17,29,41,41,41,41,39,70,70,70,70,70,70,44,44,44,44,44,44,44,44,44,65,65,70,70,70,70,70],"gold":0,"neow_bonus":"REMOVE_TWO","is_prod":false,"is_daily":false,"chose_seed":false,"campfire_upgraded":4,"win_rate":0.0,"timestamp":1561002163,"path_taken":["M","?","?","$","M","E","R","E","T","R","M","M","M","M","R","BOSS","M","?","?","?","M","E","R","?","T","?","?","R","$","M","R","BOSS","M","?","?","BOSS"],"build_version":"2019-01-23","purchased_purges":2,"victory":true,"max_hp_per_floor":[70,70,70,70,70,70,70,70,70,70,70,70,70,70,70,70,70,70,70,70,70,70,70,70,70,70,70,70,70,70,70,70,70,70,70,70,70,70],"card_choices":[{"not_picked":["Slice","Tactician"],"picked":"Dagger Throw","floor":1.0},{"not_picked":["Leg Sweep","Expertise"],"picked":"Deadly Poison","floor":5.0},{"not_picked":["Finisher","Outmaneuver"],"picked":"Caltrops","floor":6.0},{"not_picked":["Deflect","Quick Slash"],"picked":"Tools of the Trade","floor":8.0},{"not_picked":["Sucker Punch","Prepared"],"picked":"Backflip","floor":11.0},{"not_picked":["Heel Hook","Deflect","PiercingWail"],"picked":"SKIP","floor":12.0},{"not_picked":["Glass Knife","All Out Attack","Dagger Spray"],"picked":"SKIP","floor":13.0},{"not_picked":["Bane","Flechettes","Outmaneuver"],"picked":"SKIP","floor":14.0},{"not_picked":["Adrenaline","Doppelganger"],"picked":"Tools of the Trade","floor":16.0},{"not_picked":["All Out Attack+1","Dagger Throw","Sucker Punch"],"picked":"SKIP","floor":18.0},{"not_picked":["Deflect+1","Poisoned Stab"],"picked":"Malaise","floor":22.0},{"not_picked":["Flying Knee","Predator"],"picked":"Catalyst+1","floor":23},{"not_picked":["Underhanded Strike","Dodge and Roll+1"],"picked":"Escape Plan+1","floor":25},{"not_picked":["Underhanded Strike","Caltrops","Prepared"],"picked":"SKIP","floor":28},{"not_picked":["Flechettes+1","Dagger Throw+1"],"picked":"Backflip+1","floor":31},{"not_picked":["Doppelganger","Tools of the Trade"],"picked":"Corpse Explosion","floor":33},{"not_picked":["Outmaneuver+1","Finisher"],"picked":"Deflect+1","floor":35}],"player_experience":25677,"relics_obtained":[{"floor":6.0,"key":"Lantern"},{"floor":8.0,"key":"Meat on the Bone"},{"floor":9.0,"key":"FossilizedHelix"},{"floor":23,"key":"Pen Nib"}],"event_choices":[{"damage_healed":0.0,"max_hp_gain":0.0,"max_hp_loss":0.0,"gold_gain":0.0,"event_name":"Scrap Ooze","player_choice":"Success","floor":2.0,"gold_loss":0.0,"damage_taken":25.0,"relics_obtained":["Ice Cream"]},{"cards_removed":["Dagger Throw"],"damage_healed":5.0,"max_hp_gain":0.0,"max_hp_loss":0.0,"gold_gain":0.0,"event_name":"Bonfire Elementals","player_choice":"Offered Common","floor":3.0,"gold_loss":0.0,"damage_taken":0.0},{"cards_removed":["Dagger Throw"],"damage_healed":5.0,"max_hp_gain":0.0,"max_hp_loss":0.0,"gold_gain":0.0,"event_name":"Bonfire Elementals","player_choice":"Offered Special","floor":3.0,"gold_loss":0.0,"damage_taken":0.0},{"damage_healed":0.0,"max_hp_gain":0.0,"max_hp_loss":0.0,"gold_gain":0.0,"event_name":"Lab","player_choice":"Got Potions","floor":19.0,"gold_loss":0.0,"damage_taken":0.0},{"damage_healed":0.0,"max_hp_gain":0.0,"max_hp_loss":0.0,"gold_gain":0.0,"event_name":"The Library","player_choice":"Read","floor":21.0,"gold_loss":0.0,"damage_taken":0.0,"cards_obtained":["Footwork"]},{"cards_removed":["Strike_G"],"damage_healed":0,"gold_gain":0,"player_choice":"Took Card","damage_taken":0,"max_hp_gain":0,"max_hp_loss":0,"event_name":"NoteForYourself","floor":27,"gold_loss":0,"cards_obtained":["Burning Pact"]},{"damage_healed":0,"gold_gain":0,"player_choice":"Paid","damage_taken":0,"relics_obtained":["Red Mask"],"max_hp_gain":0,"max_hp_loss":0,"event_name":"Tomb of Lord Red Mask","floor":36,"gold_loss":208},{"damage_healed":0,"gold_gain":0,"player_choice":"Took Portal","damage_taken":0,"max_hp_gain":0,"max_hp_loss":0,"event_name":"SecretPortal","floor":37,"gold_loss":0}],"is_beta":false,"boss_relics":[{"not_picked":["Astrolabe","Lizard Tail"],"picked":"Cursed Key"},{"not_picked":["Snecko Eye","Velvet Choker"],"picked":"Coffee Dripper"}],"items_purged_floors":[20,30],"is_endless":false,"potions_floor_spawned":[5,6,12,13,16,28,31,33,35],"ascension_level":0}