{"gold_per_floor":[112,131,30,49,63,63,94,107,131,55,55,75,75,91,91,91],"floor_reached":16,"playtime":1126,"items_purged":[],"score":172,"play_id":"dc863880-e03a-4312-a14e-b82bdf398ff9","local_time":"20190730083830","is_ascension_mode":true,"campfire_choices":[{"floor":13.0,"key":"REST"},{"floor":15,"key":"REST"}],"neow_cost":"NONE","seed_source_timestamp":0,"circlet_count":0,"master_deck":["AscendersBane","Strike_G","Strike_G","Strike_G","Strike_G","Strike_G","Defend_G","Defend_G","Defend_G","Defend_G","Defend_G","Survivor","Neutralize","Dodge and Roll","Dodge and Roll","Footwork","Leg Sweep"],"special_seed":0,"relics":["Ring of the Snake","Question Card","Art of War","Potion Belt","Golden Idol"],"potions_floor_usage":[16,16,16],"damage_taken":[{"damage":0.0,"enemies":"Cultist","floor":1.0,"turns":5.0},{"damage":0.0,"enemies":"Jaw Worm","floor":2.0,"turns":6.0},{"damage":0.0,"enemies":"2 Louse","floor":4.0,"turns":3.0},{"damage":1.0,"enemies":"2 Fungi Beasts","floor":5.0,"turns":7.0},{"damage":46.0,"enemies":"Lagavulin","floor":7.0,"turns":13.0},{"damage":7.0,"enemies":"Exordium Wildlife","floor":8.0,"turns":8.0},{"damage":0.0,"enemies":"Blue Slaver","floor":12.0,"turns":7.0},{"damage":18,"enemies":"Exordium Thugs","floor":14,"turns":11},{"damage":59,"enemies":"Slime Boss","floor":16,"turns":20}],"seed_played":"-5803528501561986612","potions_obtained":[{"floor":7.0,"key":"Dexterity Potion"},{"floor":8.0,"key":"LiquidBronze"},{"floor":12.0,"key":"GhostInAJar"}],"is_trial":false,"path_per_floor":["M","M","$","M","M","?","E","M","T","$","?","M","R","M","R","B"],"character_chosen":"THE_SILENT","items_purchased":["Dexterity Potion","Block Potion","Regen Potion"],"campfire_rested":2,"item_purchase_floors":[3,3,10],"current_hp_per_floor":[70,70,70,70,69,69,23,16,16,16,16,31,52,34,55,0],"gold":91,"neow_bonus":"TEN_PERCENT_HP_BONUS","is_prod":false,"is_daily":false,"chose_seed":false,"campfire_upgraded":0,"win_rate":0,"timestamp":1564501110,"path_taken":["M","M","$","?","?","?","E","?","T","$","?","M","R","M","R","BOSS"],"build_version":"2019-07-17","purchased_purges":0,"victory":false,"max_hp_per_floor":[77,77,77,77,77,77,77,77,77,77,71,71,71,71,71,71],"card_choices":[{"not_picked":["Dagger Throw","Concentrate"],"picked":"Dodge and Roll","floor":1.0},{"not_picked":["Tactician","Slice","Poisoned Stab"],"picked":"SKIP","floor":2.0},{"not_picked":["Terror","Bane","Well Laid Plans"],"picked":"SKIP","floor":4.0},{"not_picked":["Flechettes","Dagger Spray"],"picked":"PiercingWail","floor":5.0},{"not_picked":["Sucker Punch","PiercingWail","Glass Knife"],"picked":"Dodge and Roll","floor":7.0},{"not_picked":["Infinite Blades","Deflect","Dagger Throw"],"picked":"Footwork","floor":8.0},{"not_picked":["Flechettes","Flying Knee","Bane","Catalyst"],"picked":"SKIP","floor":12.0},{"not_picked":["Outmaneuver","Flying Knee","Deflect"],"picked":"Leg Sweep","floor":14}],"player_experience":140851,"relics_obtained":[{"floor":7.0,"key":"Art of War"},{"floor":9.0,"key":"Potion Belt"}],"event_choices":[{"cards_removed":["PiercingWail"],"damage_healed":0.0,"max_hp_gain":0.0,"max_hp_loss":0.0,"gold_gain":0.0,"event_name":"WeMeetAgain","player_choice":"Gave Card","floor":6.0,"gold_loss":0.0,"damage_taken":0.0,"relics_obtained":["Question Card"]},{"damage_healed":0.0,"max_hp_gain":0.0,"max_hp_loss":6.0,"gold_gain":0.0,"event_name":"Golden Idol","player_choice":"Lose Max HP","floor":11.0,"gold_loss":0.0,"damage_taken":0.0,"relics_obtained":["Golden Idol"]}],"is_beta":false,"boss_relics":[],"items_purged_floors":[],"is_endless":false,"potions_floor_spawned":[7,8,12],"killed_by":"Slime Boss","ascension_level":13}