{"gold_per_floor":[119,134,153,168,168,168,203,50,73,73,84,84,97,116,116,191,191,205,205,222,172,25,25,59,79,133,145,145,175,175,190,190,266,266,280,380,395,9,9,9,22,22],"floor_reached":42,"playtime":3001,"items_purged":["Pain","Strike_G","Strike_G","Strike_G"],"score":880,"play_id":"7e0ca6db-767f-4d7d-935c-2024811c723e","local_time":"20190817120505","is_ascension_mode":true,"campfire_choices":[{"data":"Neutralize","floor":6.0,"key":"SMITH"},{"floor":10.0,"key":"REST"},{"data":"Noxious Fumes","floor":12.0,"key":"SMITH"},{"floor":15.0,"key":"REST"},{"floor":23.0,"key":"REST"},{"floor":28.0,"key":"REST"},{"floor":32.0,"key":"REST"},{"floor":40.0,"key":"REST"}],"neow_cost":"NONE","seed_source_timestamp":2913786628511890,"circlet_count":0,"master_deck":["AscendersBane","Strike_G","Strike_G","Defend_G","Defend_G","Defend_G","Defend_G","Defend_G","Survivor","Neutralize+1","PiercingWail","Quick Slash","Dagger Spray","Noxious Fumes+1","Catalyst","Poisoned Stab","Deflect","Tools of the Trade","Backflip","Noxious Fumes","Leg Sweep","PiercingWail"],"special_seed":0,"relics":["Ring of the Snake","WarpedTongs","Happy Flower","Smiling Mask","Busted Crown","Bag of Preparation","Strawberry","Potion Belt","Cursed Key","Peace Pipe","Membership Card","Lantern"],"potions_floor_usage":[42,42],"damage_taken":[{"damage":1.0,"enemies":"Jaw Worm","floor":1.0,"turns":5.0},{"damage":9.0,"enemies":"Cultist","floor":2.0,"turns":6.0},{"damage":0.0,"enemies":"2 Louse","floor":3.0,"turns":3.0},{"damage":0.0,"enemies":"Lots of Slimes","floor":4.0,"turns":2.0},{"damage":39.0,"enemies":"Lagavulin","floor":7.0,"turns":7.0},{"damage":0.0,"enemies":"2 Fungi Beasts","floor":11.0,"turns":3.0},{"damage":0.0,"enemies":"3 Louse","floor":13.0,"turns":2.0},{"damage":10.0,"enemies":"Gremlin Gang","floor":14.0,"turns":5.0},{"damage":43.0,"enemies":"Slime Boss","floor":16.0,"turns":11.0},{"damage":17.0,"enemies":"Chosen","floor":18.0,"turns":6.0},{"damage":12.0,"enemies":"Spheric Guardian","floor":20.0,"turns":6.0},{"damage":35.0,"enemies":"Slavers","floor":24.0,"turns":6.0},{"damage":8.0,"enemies":"3 Cultists","floor":25.0,"turns":5.0},{"damage":1.0,"enemies":"Centurion and Healer","floor":27.0,"turns":6.0},{"damage":2.0,"enemies":"Book of Stabbing","floor":29.0,"turns":6.0},{"damage":2.0,"enemies":"Colosseum Slavers","floor":30.0,"turns":5.0},{"damage":4.0,"enemies":"Snecko","floor":31.0,"turns":6.0},{"damage":51.0,"enemies":"Collector","floor":33.0,"turns":10.0},{"damage":7.0,"enemies":"3 Shapes","floor":35.0,"turns":8.0},{"damage":10.0,"enemies":"Mind Bloom Boss Battle","floor":36.0,"turns":7.0},{"damage":8.0,"enemies":"Orb Walker","floor":37.0,"turns":5.0},{"damage":11.0,"enemies":"Maw","floor":41.0,"turns":9.0},{"damage":40,"enemies":"Giant Head","floor":42,"turns":8}],"seed_played":"5440291633402407850","potions_obtained":[{"floor":1.0,"key":"Explosive Potion"},{"floor":4.0,"key":"Weak Potion"},{"floor":7.0,"key":"Fire Potion"},{"floor":13.0,"key":"Regen Potion"},{"floor":18.0,"key":"Ancient Potion"},{"floor":19.0,"key":"Block Potion"},{"floor":19.0,"key":"GhostInAJar"},{"floor":25.0,"key":"Explosive Potion"},{"floor":29.0,"key":"FearPotion"},{"floor":31.0,"key":"SneckoOil"},{"floor":33.0,"key":"SpeedPotion"},{"floor":41.0,"key":"LiquidBronze"}],"is_trial":false,"path_per_floor":["M","M","M","M","?","R","E","$","T","R","M","R","M","M","R","B",null,"M","?","M","$","$","R","E","M","T","M","R","E","?","M","R","B",null,"M","?","M","$","?","R","M","E"],"character_chosen":"THE_SILENT","items_purchased":["Noxious Fumes","Backflip","Noxious Fumes","Membership Card","Lantern","Swift Potion"],"campfire_rested":6,"item_purchase_floors":[8,22,22,38,38,38],"current_hp_per_floor":[64,55,55,55,55,55,16,16,16,37,37,37,37,41,62,19,59,42,42,30,30,30,51,16,8,15,14,37,35,33,29,52,1,60,53,43,35,35,24,47,36,0],"gold":22,"neow_bonus":"TEN_PERCENT_HP_BONUS","is_prod":false,"is_daily":false,"chose_seed":false,"campfire_upgraded":2,"win_rate":0,"timestamp":1566068705,"path_taken":["M","M","M","M","?","R","E","$","T","R","M","R","M","M","R","BOSS","M","?","M","?","$","R","E","?","T","M","R","E","?","M","R","BOSS","M","?","M","$","?","R","?","E"],"build_version":"2019-07-17","purchased_purges":4,"victory":false,"max_hp_per_floor":[72,72,72,72,72,72,72,72,72,72,72,72,72,72,72,72,72,72,72,72,72,72,72,72,72,79,79,79,79,79,79,79,79,79,79,79,79,79,79,79,79,79],"card_choices":[{"not_picked":["Choke","Dodge and Roll"],"picked":"PiercingWail","floor":1.0},{"not_picked":["Reflex","Slice"],"picked":"Quick Slash","floor":2.0},{"not_picked":["Terror","Outmaneuver","Tactician"],"picked":"SKIP","floor":3.0},{"not_picked":["Bane","Deflect"],"picked":"Dagger Spray","floor":4.0},{"not_picked":["Terror","Outmaneuver","Choke"],"picked":"SKIP","floor":7.0},{"not_picked":["Dodge and Roll","Choke"],"picked":"Catalyst","floor":11.0},{"not_picked":["Cloak And Dagger","Wraith Form v2"],"picked":"Poisoned Stab","floor":13.0},{"not_picked":["Quick Slash","Underhanded Strike"],"picked":"Deflect","floor":14.0},{"not_picked":["Grand Finale","Phantasmal Killer"],"picked":"Tools of the Trade","floor":16.0},{"not_picked":["Choke+1"],"picked":"SKIP","floor":18.0},{"not_picked":["Sucker Punch"],"picked":"SKIP","floor":20.0},{"not_picked":[],"picked":"Leg Sweep","floor":24.0},{"not_picked":["Quick Slash"],"picked":"SKIP","floor":25.0},{"not_picked":["Terror"],"picked":"SKIP","floor":27.0},{"not_picked":["Sucker Punch"],"picked":"SKIP","floor":29.0},{"not_picked":["Cloak And Dagger"],"picked":"SKIP","floor":31.0},{"not_picked":["Finisher"],"picked":"SKIP","floor":35.0},{"not_picked":[],"picked":"PiercingWail","floor":36.0},{"not_picked":["Dagger Throw"],"picked":"SKIP","floor":37.0},{"not_picked":["Masterful Stab+1"],"picked":"SKIP","floor":41.0}],"player_experience":199488,"relics_obtained":[{"floor":7.0,"key":"Happy Flower"},{"floor":9.0,"key":"Smiling Mask"},{"floor":24.0,"key":"Bag of Preparation"},{"floor":26.0,"key":"Strawberry"},{"floor":29.0,"key":"Potion Belt"},{"floor":36.0,"key":"Peace Pipe"}],"event_choices":[{"damage_healed":0.0,"max_hp_gain":0.0,"max_hp_loss":0.0,"gold_gain":0.0,"event_name":"Accursed Blacksmith","player_choice":"Rummage","floor":5.0,"gold_loss":0.0,"damage_taken":0.0,"relics_obtained":["WarpedTongs"],"cards_obtained":["Pain"]},{"damage_healed":0.0,"max_hp_gain":0.0,"max_hp_loss":0.0,"gold_gain":0.0,"event_name":"Lab","player_choice":"Got Potions","floor":19.0,"gold_loss":0.0,"damage_taken":0.0},{"damage_healed":0.0,"max_hp_gain":0.0,"max_hp_loss":0.0,"gold_gain":0.0,"event_name":"Colosseum","player_choice":"Fight","floor":30.0,"gold_loss":0.0,"damage_taken":0.0},{"damage_healed":0.0,"max_hp_gain":0.0,"max_hp_loss":0.0,"gold_gain":0.0,"event_name":"Colosseum","player_choice":"Fled From Nobs","floor":30.0,"gold_loss":0.0,"damage_taken":0.0},{"damage_healed":0.0,"max_hp_gain":0.0,"max_hp_loss":0.0,"gold_gain":0.0,"event_name":"MindBloom","player_choice":"Fight","floor":36.0,"gold_loss":0.0,"damage_taken":0.0},{"damage_healed":0.0,"max_hp_gain":0.0,"max_hp_loss":0.0,"gold_gain":0.0,"event_name":"Wheel of Change","player_choice":"Damaged","floor":39.0,"gold_loss":0.0,"damage_taken":11.0}],"is_beta":false,"boss_relics":[{"not_picked":["WristBlade","Sozu"],"picked":"Busted Crown"},{"not_picked":["Tiny House","Calling Bell"],"picked":"Cursed Key"}],"items_purged_floors":[8,21,22,38],"is_endless":false,"potions_floor_spawned":[1,4,7,13,18,25,29,31,33,41],"killed_by":"Giant Head","ascension_level":20}