{"gold_per_floor":[219,239,239,80,93,122,133,133,156,182,182,213,230,195,195,273,273,289,214,126,126,145,145,172,192,192,192],"floor_reached":27,"playtime":995,"items_purged":["Strike_R"],"score":502,"play_id":"00237482-43b8-4ac3-97a3-f25b89776a24","local_time":"20191016155554","is_ascension_mode":true,"campfire_choices":[{"data":"Combust","floor":8.0,"key":"SMITH"},{"floor":11,"key":"REST"},{"data":"Evolve","floor":15,"key":"SMITH"},{"data":"True Grit","floor":23,"key":"SMITH"}],"neow_cost":"NONE","seed_source_timestamp":155621960842500,"circlet_count":0,"master_deck":["AscendersBane","Strike_R","Strike_R","Strike_R","Defend_R","Defend_R","Defend_R","Defend_R","Bash","Battle Trance","Wild Strike","Headbutt","Evolve+1","Power Through","Combust+1","Anger","Metallicize","Offering","Feel No Pain","True Grit+1","True Grit","Shrug It Off"],"special_seed":0,"relics":["Burning Blood","Mango","Orichalcum","Bottled Tornado","SlaversCollar","Molten Egg 2","Blue Candle"],"potions_floor_usage":[12,24,24,27],"damage_taken":[{"damage":14.0,"enemies":"Jaw Worm","floor":1.0,"turns":4.0},{"damage":1.0,"enemies":"Cultist","floor":2.0,"turns":3.0},{"damage":15.0,"enemies":"Small Slimes","floor":5.0,"turns":4.0},{"damage":21.0,"enemies":"Gremlin Nob","floor":6.0,"turns":4.0},{"damage":12.0,"enemies":"Looter","floor":7.0,"turns":3.0},{"damage":33.0,"enemies":"Lagavulin","floor":10.0,"turns":7.0},{"damage":8,"enemies":"3 Sentries","floor":12,"turns":4},{"damage":20,"enemies":"Exordium Thugs","floor":13,"turns":4},{"damage":34,"enemies":"Slime Boss","floor":16,"turns":7},{"damage":11,"enemies":"Spheric Guardian","floor":18,"turns":3},{"damage":9,"enemies":"Chosen","floor":22,"turns":5},{"damage":75,"enemies":"Slavers","floor":24,"turns":7},{"damage":15,"enemies":"Sentry and Sphere","floor":25,"turns":7},{"damage":23,"enemies":"Shelled Parasite and Fungi","floor":27,"turns":6}],"seed_played":"-4758727244794408278","potions_obtained":[{"floor":5.0,"key":"Explosive Potion"},{"floor":10,"key":"Fire Potion"},{"floor":12,"key":"Strength Potion"},{"floor":16,"key":"BloodPotion"},{"floor":21,"key":"EntropicBrew"},{"floor":21,"key":"BloodPotion"},{"floor":24,"key":"SpeedPotion"}],"is_trial":false,"path_per_floor":["M","M","?","$","M","E","M","R","T","E","R","E","M","?","R","B",null,"M","?","$","?","M","R","E","M","T","M"],"character_chosen":"IRONCLAD","items_purchased":["Evolve","Feel No Pain"],"campfire_rested":1,"item_purchase_floors":[4,20],"current_hp_per_floor":[60,65,65,65,56,55,49,49,49,22,48,46,32,54,54,26,73,68,68,68,68,65,65,30,21,21,0],"gold":192,"neow_bonus":"HUNDRED_GOLD","is_prod":false,"is_daily":false,"chose_seed":false,"campfire_upgraded":3,"win_rate":0,"timestamp":1571266554,"path_taken":["M","M","?","$","M","E","?","R","T","E","R","E","M","?","R","BOSS","M","?","$","?","M","R","E","M","T","M"],"build_version":"2019-10-15","purchased_purges":1,"victory":false,"max_hp_per_floor":[75,75,75,75,75,89,89,89,89,89,89,89,89,89,89,89,89,89,89,89,89,89,89,89,89,89,89],"card_choices":[{"not_picked":["Havoc","Searing Blow"],"picked":"Battle Trance","floor":1.0},{"not_picked":["Sword Boomerang","Thunderclap"],"picked":"Wild Strike","floor":2.0},{"not_picked":["Clash","Intimidate"],"picked":"Power Through","floor":5.0},{"not_picked":["Twin Strike","Blood for Blood"],"picked":"Combust","floor":6.0},{"not_picked":["Sentinel","Corruption","Perfected Strike"],"picked":"SKIP","floor":7.0},{"not_picked":["Uppercut","Heavy Blade"],"picked":"Anger","floor":10},{"not_picked":["Intimidate","Cleave","Twin Strike"],"picked":"SKIP","floor":12},{"not_picked":["Warcry","Body Slam"],"picked":"Metallicize","floor":13},{"not_picked":["Reaper","Brutality"],"picked":"Offering","floor":16},{"not_picked":["Anger","Flex","Dropkick"],"picked":"SKIP","floor":18},{"not_picked":["Rage","Cleave"],"picked":"True Grit","floor":22},{"not_picked":["Hemokinesis+1","Uppercut"],"picked":"True Grit","floor":24},{"not_picked":["Pommel Strike+1","Iron Wave+1"],"picked":"Shrug It Off","floor":25}],"player_experience":1599632,"relics_obtained":[{"floor":6.0,"key":"Mango"},{"floor":9.0,"key":"Orichalcum"},{"floor":12,"key":"Bottled Tornado"},{"floor":24,"key":"Molten Egg 2"},{"floor":26,"key":"Blue Candle"}],"event_choices":[{"damage_healed":0.0,"max_hp_gain":0.0,"max_hp_loss":0.0,"gold_gain":0.0,"event_name":"Match and Keep!","player_choice":"1 cards matched","floor":3.0,"gold_loss":0.0,"damage_taken":0.0,"cards_obtained":["Headbutt"]},{"damage_healed":22,"gold_gain":0,"player_choice":"Healed","damage_taken":0,"max_hp_gain":0,"max_hp_loss":0,"event_name":"The Cleric","floor":14,"gold_loss":35},{"cards_removed":["Strike_R"],"damage_healed":0,"gold_gain":0,"player_choice":"Gave Gold","damage_taken":0,"max_hp_gain":0,"max_hp_loss":0,"event_name":"Beggar","floor":19,"gold_loss":75},{"damage_healed":0,"gold_gain":0,"player_choice":"Got Potions","damage_taken":0,"max_hp_gain":0,"max_hp_loss":0,"event_name":"Lab","floor":21,"gold_loss":0}],"is_beta":true,"boss_relics":[{"not_picked":["Astrolabe","Busted Crown"],"picked":"SlaversCollar"}],"items_purged_floors":[4],"is_endless":false,"potions_floor_spawned":[5,10,12,16,22,24],"killed_by":"Shelled Parasite and Fungi","ascension_level":20}