{"gold_per_floor":[112,112,112,131,144,158,158,176,176,176,205,205,221,248,248,326,326,339,352,372,372,11,11,11],"floor_reached":24,"playtime":700,"items_purged":["Strike_R"],"score":416,"play_id":"b912c5fe-dcaf-4834-8708-7e0d1b3ef4e9","local_time":"20191018132222","is_ascension_mode":true,"campfire_choices":[{"data":"Armaments","floor":7.0,"key":"SMITH"},{"data":"Battle Trance","floor":12,"key":"SMITH"},{"data":"Anger","floor":15,"key":"SMITH"},{"floor":23,"key":"REST"}],"neow_cost":"NONE","seed_source_timestamp":319504033427900,"circlet_count":0,"master_deck":["AscendersBane","Strike_R","Strike_R","Strike_R","Defend_R","Defend_R","Defend_R","Defend_R","Bash+1","Anger+1","Armaments+1","Shrug It Off","Battle Trance+1","Headbutt","Anger","Fiend Fire","RitualDagger"],"special_seed":0,"relics":["Burning Blood","Paper Frog","Blue Candle","Ice Cream","Mark of Pain","Shuriken"],"potions_floor_usage":[11,16,16],"damage_taken":[{"damage":15.0,"enemies":"Small Slimes","floor":1.0,"turns":3.0},{"damage":0.0,"enemies":"2 Louse","floor":4.0,"turns":2.0},{"damage":7.0,"enemies":"Cultist","floor":5.0,"turns":4.0},{"damage":1.0,"enemies":"2 Fungi Beasts","floor":6.0,"turns":4.0},{"damage":11.0,"enemies":"Exordium Wildlife","floor":8.0,"turns":5.0},{"damage":16,"enemies":"Lagavulin","floor":11,"turns":5},{"damage":0,"enemies":"Blue Slaver","floor":13,"turns":5},{"damage":22,"enemies":"3 Sentries","floor":14,"turns":9},{"damage":12,"enemies":"Slime Boss","floor":16,"turns":7},{"damage":15,"enemies":"2 Thieves","floor":18,"turns":4},{"damage":0,"enemies":"Chosen","floor":19,"turns":3},{"damage":39,"enemies":"Shelled Parasite and Fungi","floor":20,"turns":6},{"damage":74,"enemies":"Gremlin Leader","floor":24,"turns":6}],"seed_played":"7015446316966283787","potions_obtained":[{"floor":6.0,"key":"FearPotion"},{"floor":8.0,"key":"Regen Potion"},{"floor":13,"key":"Strength Potion"},{"floor":14,"key":"Fire Potion"}],"is_trial":false,"path_per_floor":["M","?","?","M","M","M","R","M","T","?","E","R","M","E","R","B",null,"M","M","M","?","$","R","E"],"character_chosen":"IRONCLAD","items_purchased":["Shuriken"],"campfire_rested":1,"item_purchase_floors":[22],"current_hp_per_floor":[66,71,71,77,76,81,81,76,76,76,78,78,84,68,68,62,81,72,78,45,39,39,65,0],"gold":11,"neow_bonus":"TEN_PERCENT_HP_BONUS","is_prod":false,"is_daily":false,"chose_seed":false,"campfire_upgraded":3,"win_rate":0,"timestamp":1571430142,"path_taken":["M","?","?","M","M","M","R","?","T","?","E","R","M","E","R","BOSS","M","M","M","?","$","R","E"],"build_version":"2019-10-17","purchased_purges":1,"victory":false,"max_hp_per_floor":[82,87,87,87,87,87,87,87,87,87,87,87,87,87,87,87,87,87,87,87,87,87,87,87],"card_choices":[{"not_picked":["Twin Strike","Clash"],"picked":"Anger","floor":1.0},{"not_picked":["Havoc","Clash"],"picked":"Armaments","floor":4.0},{"not_picked":["Heavy Blade","Iron Wave"],"picked":"Shrug It Off","floor":5.0},{"not_picked":["Havoc","Rage","Heavy Blade"],"picked":"SKIP","floor":6.0},{"not_picked":["Cleave","Havoc"],"picked":"Battle Trance","floor":8.0},{"not_picked":["Twin Strike","Body Slam"],"picked":"Headbutt","floor":11},{"not_picked":["Body Slam","Fire Breathing"],"picked":"Anger","floor":13},{"not_picked":["Intimidate","Thunderclap","Sever Soul"],"picked":"SKIP","floor":14},{"not_picked":["Demon Form","Barricade"],"picked":"Fiend Fire","floor":16},{"not_picked":["Second Wind","Pommel Strike","Perfected Strike"],"picked":"SKIP","floor":18},{"not_picked":["Reckless Charge","Warcry","Armaments"],"picked":"SKIP","floor":19},{"not_picked":["Thunderclap","Sword Boomerang","Dropkick"],"picked":"SKIP","floor":20}],"player_experience":1634600,"relics_obtained":[{"floor":9.0,"key":"Paper Frog"},{"floor":11,"key":"Blue Candle"},{"floor":14,"key":"Ice Cream"}],"event_choices":[{"damage_healed":0.0,"max_hp_gain":5.0,"max_hp_loss":0.0,"gold_gain":0.0,"event_name":"Big Fish","player_choice":"Donut","floor":2.0,"gold_loss":0.0,"damage_taken":0.0},{"cards_removed":["Strike_R"],"damage_healed":0.0,"max_hp_gain":0.0,"max_hp_loss":0.0,"gold_gain":0.0,"event_name":"Purifier","player_choice":"Purged","floor":3.0,"gold_loss":0.0,"damage_taken":0.0},{"damage_healed":0,"gold_gain":0,"player_choice":"Grow","damage_taken":0,"max_hp_gain":0,"max_hp_loss":0,"event_name":"Living Wall","floor":10,"gold_loss":0,"cards_upgraded":["Bash"]},{"damage_healed":0,"gold_gain":0,"player_choice":"Joined the Cult","damage_taken":6,"max_hp_gain":0,"max_hp_loss":0,"event_name":"Nest","floor":21,"gold_loss":0,"cards_obtained":["RitualDagger"]}],"is_beta":true,"boss_relics":[{"not_picked":["Tiny House","Velvet Choker"],"picked":"Mark of Pain"}],"items_purged_floors":[22],"is_endless":false,"potions_floor_spawned":[6,8,13,14],"killed_by":"Gremlin Leader","ascension_level":20}