{"gold_per_floor":[111,286,296,50,50,64,96,96,142,159,159,176,208,227,227,331,331,343,343,20,20,33,33,33,53,53,65,65,90,115,115,115,217,217,234,246,246,246,321,321,332,346,346,346,346,35,67,81,81,81],"floor_reached":51,"playtime":4291,"items_purged":["Doubt","Defend_G"],"score":685,"play_id":"e0c99c59-d5f6-4acf-a4d0-264530a66353","local_time":"20190912014403","is_ascension_mode":false,"campfire_choices":[{"data":"Sucker Punch","floor":8,"key":"SMITH"},{"data":"Endless Agony","floor":11,"key":"SMITH"},{"floor":15,"key":"REST"},{"data":"RitualDagger","floor":23,"key":"SMITH"},{"data":"Prepared","floor":28,"key":"SMITH"},{"floor":32,"key":"REST"},{"floor":40,"key":"REST"},{"floor":45,"key":"REST"},{"floor":49,"key":"REST"}],"neow_cost":"NONE","seed_source_timestamp":81455128274700,"circlet_count":0,"master_deck":["Strike_G","Defend_G","Defend_G","Defend_G","Defend_G","Survivor","Neutralize","Dramatic Entrance","Endless Agony+1","Sucker Punch+1","Infinite Blades","Dramatic Entrance+1","Slice","After Image","Flying Knee","Expertise","Backstab+1","Prepared+1","Die Die Die","Expertise","RitualDagger+1","Prepared","Footwork+1","Slice","Dagger Throw+1","After Image","Blade Dance+1","Flying Knee+1","Prepared+1","Adrenaline","Acrobatics+1","Backflip+1"],"relics":["Ring of the Snake","Bronze Scales","Omamori","Tingsha","Empty Cage","TwistedFunnel","Letter Opener","Juzu Bracelet","Whetstone","WristBlade","Ornamental Fan","Boot"],"potions_floor_usage":[16,25,27,30,41,44,47,50,50],"damage_taken":[{"damage":0,"enemies":"2 Louse","floor":1,"turns":2},{"damage":5,"enemies":"Jaw Worm","floor":3,"turns":5},{"damage":0,"enemies":"Small Slimes","floor":6,"turns":1},{"damage":15,"enemies":"Lagavulin","floor":7,"turns":8},{"damage":10,"enemies":"Looter","floor":10,"turns":1},{"damage":0,"enemies":"Lots of Slimes","floor":12,"turns":1},{"damage":10,"enemies":"Gremlin Nob","floor":13,"turns":3},{"damage":0,"enemies":"3 Louse","floor":14,"turns":1},{"damage":15,"enemies":"Slime Boss","floor":16,"turns":10},{"damage":1,"enemies":"Chosen","floor":18,"turns":4},{"damage":0,"enemies":"3 Byrds","floor":22,"turns":2},{"damage":30,"enemies":"Snake Plant","floor":25,"turns":3},{"damage":0,"enemies":"Sentry and Sphere","floor":27,"turns":3},{"damage":4,"enemies":"Book of Stabbing","floor":30,"turns":5},{"damage":28,"enemies":"Collector","floor":33,"turns":9},{"damage":23,"enemies":"3 Shapes","floor":35,"turns":3},{"damage":0,"enemies":"Orb Walker","floor":36,"turns":3},{"damage":0,"enemies":"Jaw Worm Horde","floor":41,"turns":3},{"damage":15,"enemies":"4 Shapes","floor":42,"turns":1},{"damage":39,"enemies":"Nemesis","floor":44,"turns":4},{"damage":1,"enemies":"Giant Head","floor":47,"turns":7},{"damage":15,"enemies":"Writhing Mass","floor":48,"turns":5},{"damage":25,"enemies":"Donu and Deca","floor":50,"turns":9}],"seed_played":"995344892225286399","potions_obtained":[{"floor":7,"key":"SkillPotion"},{"floor":12,"key":"Explosive Potion"},{"floor":13,"key":"Strength Potion"},{"floor":16,"key":"SpeedPotion"},{"floor":18,"key":"Fire Potion"},{"floor":27,"key":"SmokeBomb"},{"floor":33,"key":"Strength Potion"},{"floor":47,"key":"Dexterity Potion"}],"is_trial":false,"path_per_floor":["M","?","M","$","?","M","E","R","T","M","R","M","E","M","R","B",null,"M","?","$","?","M","R","?","M","T","M","R","T","E","?","R","B",null,"M","M","?","?","?","R","M","M","T","E","R","$","E","M","R","B",null],"character_chosen":"THE_SILENT","items_purchased":["Infinite Blades","Dramatic Entrance","TwistedFunnel","Prepared","Regen Potion","Adrenaline","GamblersBrew"],"campfire_rested":5,"item_purchase_floors":[4,4,20,20,46,46,46],"current_hp_per_floor":[70,70,65,65,58,58,43,43,43,33,33,33,23,23,44,29,70,69,63,63,63,63,63,63,33,33,33,33,33,29,29,50,22,70,47,47,47,47,40,61,61,46,46,7,28,28,42,27,48,23],"gold":81,"neow_bonus":"RANDOM_COLORLESS","is_prod":false,"is_daily":false,"chose_seed":false,"campfire_upgraded":4,"win_rate":0,"timestamp":1568245443,"path_taken":["M","?","M","$","?","M","E","R","T","M","R","M","E","M","R","BOSS","M","?","$","?","M","R","?","M","T","M","R","?","E","?","R","BOSS","M","M","?","?","?","R","M","M","T","E","R","?","E","M","R","BOSS"],"build_version":"2019-07-17","purchased_purges":2,"victory":true,"max_hp_per_floor":[70,70,70,70,70,70,70,70,70,70,70,70,70,70,70,70,70,70,70,70,70,70,70,70,70,70,70,70,70,70,70,70,70,70,70,70,70,70,70,70,70,70,70,70,70,70,70,70,70,70],"card_choices":[{"not_picked":["Deflect","Crippling Poison"],"picked":"Endless Agony","floor":1},{"not_picked":["Bane","Reflex"],"picked":"Sucker Punch","floor":3},{"not_picked":["Distraction","Masterful Stab"],"picked":"Slice","floor":6},{"not_picked":["Bouncing Flask","PiercingWail"],"picked":"After Image","floor":7},{"not_picked":["Escape Plan","Calculated Gamble"],"picked":"Flying Knee","floor":10},{"not_picked":["Deflect","Bane"],"picked":"Expertise","floor":12},{"not_picked":["Leg Sweep","Riddle With Holes"],"picked":"Backstab","floor":13},{"not_picked":["Deflect","Dodge and Roll"],"picked":"Prepared","floor":14},{"not_picked":["Phantasmal Killer","Burst"],"picked":"Die Die Die","floor":16},{"not_picked":["Poisoned Stab","Flying Knee+1"],"picked":"Expertise","floor":18},{"not_picked":["Dagger Throw","Acrobatics"],"picked":"Footwork+1","floor":22},{"not_picked":["Bane","Deadly Poison"],"picked":"Slice","floor":25},{"not_picked":["Skewer","Well Laid Plans"],"picked":"Dagger Throw+1","floor":27},{"not_picked":["PiercingWail","Reflex","Slice"],"picked":"SKIP","floor":30},{"not_picked":["Glass Knife","Unload"],"picked":"After Image","floor":33},{"not_picked":["PiercingWail+1","Terror+1"],"picked":"Blade Dance+1","floor":35},{"not_picked":["Distraction+1","Outmaneuver+1"],"picked":"Flying Knee+1","floor":36},{"not_picked":["Bouncing Flask+1","Flying Knee"],"picked":"Prepared+1","floor":41},{"not_picked":["Dagger Throw","Flying Knee+1","Deadly Poison"],"picked":"SKIP","floor":42},{"not_picked":["Crippling Poison","Outmaneuver+1"],"picked":"Acrobatics+1","floor":47},{"not_picked":["Caltrops","Prepared+1"],"picked":"Backflip+1","floor":48}],"player_experience":58651,"relics_obtained":[{"floor":7,"key":"Bronze Scales"},{"floor":9,"key":"Omamori"},{"floor":13,"key":"Tingsha"},{"floor":26,"key":"Letter Opener"},{"floor":29,"key":"Juzu Bracelet"},{"floor":30,"key":"Whetstone"},{"floor":43,"key":"Ornamental Fan"},{"floor":47,"key":"Boot"}],"event_choices":[{"damage_healed":0,"gold_gain":175,"player_choice":"AGREE","damage_taken":0,"max_hp_gain":0,"max_hp_loss":0,"event_name":"Liars Game","floor":2,"gold_loss":0,"cards_obtained":["Doubt"]},{"cards_removed":["Strike_G"],"damage_healed":0,"gold_gain":0,"player_choice":"Card Removal","damage_taken":7,"max_hp_gain":0,"max_hp_loss":0,"event_name":"Golden Wing","floor":5,"gold_loss":0},{"damage_healed":0,"gold_gain":0,"player_choice":"Joined the Cult","damage_taken":6,"max_hp_gain":0,"max_hp_loss":0,"event_name":"Nest","floor":19,"gold_loss":0,"cards_obtained":["RitualDagger"]},{"damage_healed":0,"gold_gain":0,"player_choice":"Ignored","damage_taken":0,"max_hp_gain":0,"max_hp_loss":0,"event_name":"Ghosts","floor":21,"gold_loss":0},{"damage_healed":0,"gold_gain":0,"player_choice":"Ignored","damage_taken":0,"max_hp_gain":0,"max_hp_loss":0,"event_name":"The Mausoleum","floor":31,"gold_loss":0},{"damage_healed":0,"gold_gain":0,"player_choice":"Ignored","damage_taken":0,"max_hp_gain":0,"max_hp_loss":0,"event_name":"Tomb of Lord Red Mask","floor":37,"gold_loss":0},{"cards_removed":["Strike_G"],"damage_healed":0,"gold_gain":0,"player_choice":"Offered Basic","damage_taken":0,"max_hp_gain":0,"max_hp_loss":0,"event_name":"Bonfire Elementals","floor":38,"gold_loss":0},{"damage_healed":0,"gold_gain":75,"player_choice":"Touch","damage_taken":7,"max_hp_gain":0,"max_hp_loss":0,"event_name":"FaceTrader","floor":39,"gold_loss":0}],"is_beta":false,"boss_relics":[{"not_picked":["Runic Pyramid","Eternal Feather"],"picked":"Empty Cage"},{"not_picked":["Cursed Key","Orrery"],"picked":"WristBlade"}],"items_purged_floors":[4,20],"is_endless":false,"potions_floor_spawned":[7,12,13,16,18,27,33,44,47],"ascension_level":0}