{"gold_per_floor":[212,192,202,18,37,68,86,102,178,178,209,209],"floor_reached":12,"playtime":755,"items_purged":[],"score":180,"play_id":"c2d5f68b-0c19-4010-850a-a55cc6344aa5","local_time":"20191003211037","is_ascension_mode":true,"campfire_choices":[{"data":"Apotheosis","floor":10,"key":"SMITH"}],"neow_cost":"NONE","seed_source_timestamp":197960643292000,"circlet_count":0,"master_deck":["AscendersBane","Strike_R","Strike_R","Strike_R","Strike_R","Strike_R","Defend_R","Defend_R","Defend_R","Defend_R","Bash","Evolve","Apotheosis+1","Shockwave","Hemokinesis","Disarm"],"relics":["Burning Blood","Centennial Puzzle","Dodecahedron","Peace Pipe"],"potions_floor_usage":[6,11,12],"damage_taken":[{"damage":16,"enemies":"Jaw Worm","floor":1,"turns":5},{"damage":7,"enemies":"Cultist","floor":3,"turns":4},{"damage":6,"enemies":"Small Slimes","floor":5,"turns":4},{"damage":16,"enemies":"3 Sentries","floor":6,"turns":9},{"damage":14,"enemies":"Blue Slaver","floor":7,"turns":5},{"damage":12,"enemies":"2 Fungi Beasts","floor":8,"turns":6},{"damage":19,"enemies":"Lagavulin","floor":11,"turns":8},{"damage":23,"enemies":"Exordium Thugs","floor":12,"turns":4}],"seed_played":"8644744393338495521","potions_obtained":[{"floor":2,"key":"Weak Potion"},{"floor":5,"key":"Explosive Potion"},{"floor":7,"key":"DuplicationPotion"}],"is_trial":false,"path_per_floor":["M","?","M","$","M","E","M","M","T","R","E","M"],"character_chosen":"IRONCLAD","items_purchased":["Apotheosis"],"campfire_rested":0,"item_purchase_floors":[4],"current_hp_per_floor":[58,58,57,57,57,47,39,33,33,33,20,0],"gold":209,"neow_bonus":"HUNDRED_GOLD","is_prod":false,"is_daily":false,"chose_seed":false,"campfire_upgraded":1,"win_rate":0,"timestamp":1570162237,"path_taken":["M","?","M","$","M","E","M","M","T","R","E","M"],"build_version":"2019-10-03","purchased_purges":0,"victory":false,"max_hp_per_floor":[75,75,75,75,75,75,75,75,75,75,75,75],"card_choices":[{"not_picked":["Havoc","Cleave","Flex"],"picked":"SKIP","floor":1},{"not_picked":["Bloodletting","Cleave"],"picked":"Evolve","floor":3},{"not_picked":["Fire Breathing","Flex","Pommel Strike"],"picked":"SKIP","floor":5},{"not_picked":["Body Slam","Reckless Charge"],"picked":"Shockwave","floor":6},{"not_picked":["Armaments","Body Slam","Thunderclap"],"picked":"SKIP","floor":7},{"not_picked":["Cleave","Whirlwind"],"picked":"Hemokinesis","floor":8},{"not_picked":["Cleave","Juggernaut"],"picked":"Disarm","floor":11}],"player_experience":1222433,"relics_obtained":[{"floor":6,"key":"Centennial Puzzle"},{"floor":9,"key":"Dodecahedron"},{"floor":11,"key":"Peace Pipe"}],"event_choices":[{"damage_healed":0,"gold_gain":0,"player_choice":"Bought 1 Potion","damage_taken":0,"max_hp_gain":0,"max_hp_loss":0,"event_name":"The Woman in Blue","floor":2,"gold_loss":0}],"is_beta":true,"boss_relics":[],"items_purged_floors":[],"is_endless":false,"potions_floor_spawned":[5,7],"killed_by":"Exordium Thugs","ascension_level":20}