{"gold_per_floor":[118,132,132,152,28,28,28,28,28,48,60,72,135,155,155,155],"floor_reached":16,"playtime":1422,"items_purged":["Strike_R"],"score":94,"play_id":"2d0ad285-c9d4-438b-b64a-c620640e8a36","local_time":"20190615203702","is_ascension_mode":false,"campfire_choices":[{"data":"Armaments","floor":6,"key":"SMITH"},{"data":"Defend_R","floor":8,"key":"SMITH"},{"data":"Fiend Fire","floor":15,"key":"SMITH"}],"neow_cost":"NONE","seed_source_timestamp":268850675851369,"circlet_count":0,"master_deck":["Strike_R+1","Strike_R","Strike_R","Strike_R","Defend_R","Defend_R","Defend_R","Defend_R+1","Bash","Armaments+1","Cleave+1","Regret","Whirlwind","Armaments+1","Warcry+1","Headbutt","Anger","Bloodletting+1","Fiend Fire+1"],"relics":["Burning Blood","Toxic Egg 2","Meat on the Bone","Sundial"],"potions_floor_usage":[],"damage_taken":[{"damage":6,"enemies":"Jaw Worm","floor":1,"turns":3},{"damage":2,"enemies":"Small Slimes","floor":2,"turns":6},{"damage":0,"enemies":"2 Louse","floor":4,"turns":2},{"damage":2,"enemies":"Blue Slaver","floor":10,"turns":4},{"damage":11,"enemies":"Gremlin Gang","floor":11,"turns":2},{"damage":6,"enemies":"Exordium Wildlife","floor":12,"turns":6},{"damage":31,"enemies":"Gremlin Nob","floor":13,"turns":5},{"damage":15,"enemies":"2 Fungi Beasts","floor":14,"turns":4},{"damage":61,"enemies":"Hexaghost","floor":16,"turns":12}],"seed_played":"-2886353693436761444","potions_obtained":[{"floor":4,"key":"Dexterity Potion"},{"floor":10,"key":"SpeedPotion"},{"floor":11,"key":"SteroidPotion"},{"floor":12,"key":"Swift Potion"}],"is_trial":false,"path_per_floor":["M","M","?","M","$","R","?","R","T","M","M","M","?","M","R","B"],"character_chosen":"IRONCLAD","items_purchased":["Armaments+1"],"campfire_rested":0,"item_purchase_floors":[5],"current_hp_per_floor":[88,88,88,88,88,88,70,70,70,74,69,69,56,59,59,0],"gold":155,"neow_bonus":"TEN_PERCENT_HP_BONUS","is_prod":false,"is_daily":false,"chose_seed":false,"campfire_upgraded":3,"win_rate":0.0,"timestamp":1560656222,"path_taken":["M","M","?","M","$","R","?","R","T","M","M","M","?","M","R","BOSS"],"build_version":"2019-01-23","purchased_purges":1,"victory":false,"max_hp_per_floor":[88,88,88,88,88,88,88,88,88,88,88,88,88,88,88,88],"card_choices":[{"not_picked":["Sword Boomerang","Pommel Strike"],"picked":"Armaments","floor":1},{"not_picked":["Sword Boomerang","Twin Strike"],"picked":"Cleave","floor":2},{"not_picked":["Heavy Blade","Blood for Blood"],"picked":"Whirlwind","floor":4},{"not_picked":["Dual Wield+1","Clash"],"picked":"Warcry+1","floor":10},{"not_picked":["Iron Wave","Heavy Blade"],"picked":"Headbutt","floor":11},{"not_picked":["Iron Wave","Ghostly Armor+1"],"picked":"Anger","floor":12},{"not_picked":["Shrug It Off+1","Perfected Strike"],"picked":"Bloodletting+1","floor":13},{"not_picked":["Infernal Blade+1","Heavy Blade"],"picked":"Fiend Fire","floor":14}],"player_experience":5490,"relics_obtained":[{"floor":9,"key":"Meat on the Bone"}],"event_choices":[{"damage_healed":0,"gold_gain":0,"player_choice":"Box","damage_taken":0,"relics_obtained":["Toxic Egg 2"],"max_hp_gain":0,"max_hp_loss":0,"event_name":"Big Fish","floor":3,"gold_loss":0,"cards_obtained":["Regret"]},{"damage_healed":0,"gold_gain":0,"player_choice":"Entered Light","damage_taken":18,"max_hp_gain":0,"max_hp_loss":0,"event_name":"Shining Light","floor":7,"gold_loss":0,"cards_upgraded":["Cleave","Strike_R"]},{"damage_healed":0,"gold_gain":0,"player_choice":"Searched \u00272\u0027 times","damage_taken":0,"relics_obtained":["Sundial"],"max_hp_gain":0,"max_hp_loss":0,"event_name":"Dead Adventurer","floor":13,"gold_loss":0}],"is_beta":false,"boss_relics":[],"items_purged_floors":[5],"is_endless":false,"potions_floor_spawned":[4,10,11,12],"killed_by":"Hexaghost","ascension_level":0}