{"gold_per_floor":[118,43,58,71,83,83,109,9,9,42,57,89,100,50,50,148,148,159,73,73,73,88,115,135,160,184,200,200,170,197,5,5,100,100,117,117,0,19,19,50,50,50,73,119,147,159,171,10,10,10],"floor_reached":51,"playtime":5735,"items_purged":["Defend_G","Defend_G","Apotheosis+1"],"score":846,"play_id":"5bed7748-2617-4036-bdf7-d40f0aa1aa86","local_time":"20190912205234","is_ascension_mode":true,"campfire_choices":[{"data":"Neutralize","floor":6,"key":"SMITH"},{"data":"Blur","floor":15,"key":"SMITH"},{"floor":28,"key":"REST"},{"data":"Outmaneuver","floor":32,"key":"SMITH"},{"floor":41,"key":"REST"},{"floor":49,"key":"REST"}],"neow_cost":"NONE","seed_source_timestamp":27846280659200,"circlet_count":0,"master_deck":["Defend_G+1","Defend_G+1","Defend_G+1","Survivor+1","Neutralize+1","Dagger Throw+1","Slice+1","Infinite Blades+1","Quick Slash+1","Outmaneuver+1","Slice+1","Blade Dance+1","Blur+1","Predator+1","Eviscerate+1","Distraction+1","Finisher+1","Blade Dance+1","Blur+1","Distraction+1","Heel Hook+1","Expertise+1","Flying Knee+1","Die Die Die+1","Backflip+1","Backstab+1","Deflect+1","Deflect+1","Flying Knee+1"],"relics":["Ring of the Snake","Centennial Puzzle","Anchor","Kunai","Juzu Bracelet","Astrolabe","Omamori","Calipers","Snake Skull","Blood Vial","TheAbacus","Fusion Hammer","Red Mask","Unceasing Top","MawBank","Potion Belt","Vajra","Mark of the Bloom"],"potions_floor_usage":[7,12,12,23,25,25,25,30,30,30,38,44,50,50],"damage_taken":[{"damage":0,"enemies":"Cultist","floor":1,"turns":5},{"damage":0,"enemies":"2 Louse","floor":3,"turns":4},{"damage":0,"enemies":"Small Slimes","floor":4,"turns":2},{"damage":1,"enemies":"Red Slaver","floor":5,"turns":4},{"damage":4,"enemies":"Lagavulin","floor":7,"turns":7},{"damage":19,"enemies":"Gremlin Nob","floor":10,"turns":4},{"damage":0,"enemies":"Lots of Slimes","floor":11,"turns":4},{"damage":9,"enemies":"3 Sentries","floor":12,"turns":6},{"damage":0,"enemies":"Blue Slaver","floor":13,"turns":2},{"damage":25,"enemies":"The Guardian","floor":16,"turns":14},{"damage":0,"enemies":"3 Byrds","floor":18,"turns":1},{"damage":20,"enemies":"Chosen","floor":22,"turns":5},{"damage":23,"enemies":"Gremlin Leader","floor":23,"turns":11},{"damage":0,"enemies":"Centurion and Healer","floor":24,"turns":6},{"damage":2,"enemies":"Slavers","floor":25,"turns":9},{"damage":10,"enemies":"Snake Plant","floor":27,"turns":5},{"damage":16,"enemies":"Gremlin Leader","floor":30,"turns":7},{"damage":27,"enemies":"Collector","floor":33,"turns":13},{"damage":0,"enemies":"3 Darklings","floor":35,"turns":5},{"damage":0,"enemies":"Orb Walker","floor":38,"turns":4},{"damage":32,"enemies":"Nemesis","floor":40,"turns":5},{"damage":0,"enemies":"Giant Head","floor":44,"turns":6},{"damage":1,"enemies":"Sphere and 2 Shapes","floor":45,"turns":3},{"damage":0,"enemies":"Donu and Deca","floor":50,"turns":8}],"seed_played":"-4042731741472957076","potions_obtained":[{"floor":4,"key":"EssenceOfSteel"},{"floor":5,"key":"Dexterity Potion"},{"floor":7,"key":"Regen Potion"},{"floor":11,"key":"GamblersBrew"},{"floor":13,"key":"EssenceOfSteel"},{"floor":22,"key":"Block Potion"},{"floor":23,"key":"Fire Potion"},{"floor":24,"key":"SpeedPotion"},{"floor":25,"key":"LiquidBronze"},{"floor":29,"key":"Regen Potion"},{"floor":29,"key":"FearPotion"},{"floor":33,"key":"Fruit Juice"},{"floor":40,"key":"PowerPotion"},{"floor":45,"key":"EssenceOfSteel"}],"is_trial":false,"path_per_floor":["M","$","M","M","M","R","E","$","T","E","M","E","M","?","R","B",null,"M","$","?","?","M","E","M","E","T","M","R","?","E","$","R","B",null,"M","?","?","M","?","E","R","?","T","E","M","T","?","$","R","B",null],"character_chosen":"THE_SILENT","items_purchased":["Footwork","Blade Dance","TheAbacus","Weak Potion"],"campfire_rested":3,"item_purchase_floors":[19,19,31,48],"current_hp_per_floor":[70,70,70,70,69,69,65,65,65,46,46,52,52,52,52,27,70,70,70,70,70,50,27,27,25,25,15,36,36,34,34,34,9,70,70,70,70,75,75,43,65,65,65,67,68,68,68,68,68,68],"gold":10,"neow_bonus":"REMOVE_CARD","is_prod":false,"is_daily":false,"chose_seed":false,"campfire_upgraded":3,"win_rate":0,"timestamp":1568314354,"path_taken":["M","$","M","?","M","R","E","?","T","E","M","E","M","?","R","BOSS","M","$","?","?","M","E","M","E","T","M","R","?","E","$","R","BOSS","M","?","?","M","?","E","R","?","T","E","M","?","?","$","R","BOSS"],"build_version":"2019-07-17","purchased_purges":3,"victory":true,"max_hp_per_floor":[70,70,70,70,70,70,70,70,70,70,70,70,70,70,70,70,70,70,70,70,70,70,70,70,70,70,70,70,70,70,70,70,70,70,70,70,70,75,75,75,75,75,75,75,75,75,75,75,75,75],"card_choices":[{"not_picked":["Underhanded Strike","Poisoned Stab"],"picked":"Dagger Throw","floor":1},{"not_picked":["After Image","Leg Sweep"],"picked":"Slice","floor":3},{"not_picked":["Bane","Masterful Stab"],"picked":"Infinite Blades","floor":4},{"not_picked":["Sucker Punch","Dagger Throw"],"picked":"Quick Slash","floor":5},{"not_picked":["Deflect","Dagger Spray"],"picked":"Outmaneuver","floor":7},{"not_picked":["After Image","Finisher"],"picked":"Slice","floor":10},{"not_picked":["Riddle With Holes","Bane","Sucker Punch"],"picked":"SKIP","floor":11},{"not_picked":["Reflex","Bullet Time"],"picked":"Blade Dance","floor":12},{"not_picked":["Bane","Poisoned Stab"],"picked":"Blur","floor":13},{"not_picked":["Masterful Stab","Endless Agony"],"picked":"Finisher","floor":18},{"not_picked":["Flying Knee","Underhanded Strike"],"picked":"Distraction","floor":22},{"not_picked":["Riddle With Holes","Flying Knee","Sucker Punch"],"picked":"SKIP","floor":23},{"not_picked":["Dagger Spray","Deadly Poison","PiercingWail"],"picked":"SKIP","floor":24},{"not_picked":["Outmaneuver","Flying Knee+1"],"picked":"Heel Hook","floor":25},{"not_picked":["Underhanded Strike","Heel Hook"],"picked":"Expertise+1","floor":27},{"not_picked":["Night Terror","Dash"],"picked":"Flying Knee","floor":30},{"not_picked":["Night Terror","Bullet Time"],"picked":"Die Die Die","floor":33},{"not_picked":["Sucker Punch","Choke"],"picked":"Backflip","floor":35},{"not_picked":["Secret Technique","Flash of Steel"],"picked":"Apotheosis","floor":36},{"not_picked":["Outmaneuver+1","Predator"],"picked":"Backstab","floor":38},{"not_picked":["Catalyst+1","Expertise+1"],"picked":"Deflect","floor":40},{"not_picked":["Calculated Gamble","Corpse Explosion"],"picked":"Deflect+1","floor":44},{"not_picked":["Caltrops","Bane"],"picked":"Flying Knee","floor":45}],"player_experience":73129,"relics_obtained":[{"floor":7,"key":"Centennial Puzzle"},{"floor":9,"key":"Anchor"},{"floor":10,"key":"Kunai"},{"floor":12,"key":"Juzu Bracelet"},{"floor":23,"key":"Omamori"},{"floor":25,"key":"Calipers"},{"floor":26,"key":"Snake Skull"},{"floor":30,"key":"Blood Vial"},{"floor":40,"key":"Unceasing Top"},{"floor":43,"key":"MawBank"},{"floor":44,"key":"Potion Belt"},{"floor":46,"key":"Vajra"}],"event_choices":[{"cards_removed":["Strike_G"],"damage_healed":0,"gold_gain":0,"player_choice":"Card Removal","damage_taken":0,"max_hp_gain":0,"max_hp_loss":0,"event_name":"The Cleric","floor":14,"gold_loss":50},{"damage_healed":0,"gold_gain":0,"player_choice":"Ignored","damage_taken":0,"max_hp_gain":0,"max_hp_loss":0,"event_name":"The Mausoleum","floor":20,"gold_loss":0},{"damage_healed":0,"gold_gain":0,"player_choice":"Copied","damage_taken":0,"max_hp_gain":0,"max_hp_loss":0,"event_name":"Duplicator","floor":21,"gold_loss":0,"cards_obtained":["Blur"]},{"damage_healed":0,"gold_gain":0,"player_choice":"Bought 2 Potions","damage_taken":0,"max_hp_gain":0,"max_hp_loss":0,"event_name":"The Woman in Blue","floor":29,"gold_loss":0},{"damage_healed":0,"gold_gain":0,"player_choice":"Memory 1","damage_taken":0,"max_hp_gain":0,"max_hp_loss":0,"event_name":"SensoryStone","floor":36,"gold_loss":0},{"damage_healed":0,"gold_gain":0,"player_choice":"Paid","damage_taken":0,"relics_obtained":["Red Mask"],"max_hp_gain":0,"max_hp_loss":0,"event_name":"Tomb of Lord Red Mask","floor":37,"gold_loss":117},{"damage_healed":0,"gold_gain":0,"player_choice":"Full Heal","damage_taken":0,"max_hp_gain":0,"max_hp_loss":0,"event_name":"Wheel of Change","floor":39,"gold_loss":0},{"cards_removed":["Footwork"],"damage_healed":0,"gold_gain":0,"player_choice":"Removed Power","damage_taken":0,"max_hp_gain":0,"max_hp_loss":0,"event_name":"Falling","floor":42,"gold_loss":0},{"damage_healed":0,"gold_gain":0,"player_choice":"Upgrade","damage_taken":0,"relics_obtained":["Mark of the Bloom"],"max_hp_gain":0,"max_hp_loss":0,"event_name":"MindBloom","floor":47,"gold_loss":0,"cards_upgraded":["Defend_G","Defend_G","Defend_G","Survivor","Dagger Throw","Slice","Infinite Blades","Quick Slash","Slice","Blade Dance","Finisher","Blade Dance","Distraction","Heel Hook","Flying Knee","Die Die Die","Backflip","Apotheosis","Backstab","Deflect","Flying Knee"]}],"is_beta":false,"boss_relics":[{"not_picked":["Eternal Feather","Sozu"],"picked":"Astrolabe"},{"not_picked":["Calling Bell","Velvet Choker"],"picked":"Fusion Hammer"}],"items_purged_floors":[2,8,48],"is_endless":false,"potions_floor_spawned":[4,5,7,11,13,22,23,24,25,33,40,45],"ascension_level":1}