{"gold_per_floor":[112,112,112,128,58,58,87,104,104,132,144,175,187,240,252,390,402,429,441,453,488,107,145,145,176,176,192,192,213,248,272,272,392,392,412,428,15,35,50,88,88,88,88,104,137,262,301,0,0,0,0,0,0,35,35],"floor_reached":55,"playtime":4811,"items_purged":["Strike_R","Injury"],"score":1021,"play_id":"7402f979-b024-416c-88b9-185c3d1c5c78","local_time":"20190916070108","is_ascension_mode":true,"campfire_choices":[{"data":"Pommel Strike","floor":6,"key":"SMITH"},{"data":"Headbutt","floor":11,"key":"SMITH"},{"floor":15,"key":"REST"},{"floor":28,"key":"REST"},{"floor":32,"key":"REST"},{"floor":41,"key":"REST"},{"floor":49,"key":"RECALL"},{"floor":52,"key":"REST"}],"neow_cost":"NONE","seed_source_timestamp":324499496307200,"circlet_count":0,"master_deck":["Strike_R","Strike_R","Strike_R+1","Defend_R+1","Defend_R","Defend_R","Defend_R","Bash+1","Shockwave","Pommel Strike+1","Evolve","Sword Boomerang+1","Headbutt+1","Corruption","Power Through","Pommel Strike","Immolate","Pommel Strike","Headbutt+1","Wild Strike","Infernal Blade","True Grit+1","Power Through","Shrug It Off+1","Offering","Wild Strike+1","Spot Weakness+1","Reaper","Power Through+1","True Grit+1","Flame Barrier","Havoc+1","Intimidate+1","Jack Of All Trades+1","True Grit+1","Havoc+1","Warcry+1"],"relics":["Burning Blood","Gremlin Horn","MawBank","Golden Idol","Question Card","Fusion Hammer","Lee\u0027s Waffle","Torii","Orichalcum","Omamori","Red Skull","Mark of Pain","Dead Branch","Toxic Egg 2","Ancient Tea Set","Gambling Chip","PreservedInsect","Red Mask","Whetstone"],"potions_floor_usage":[7,16,20,23,25,25,33,33,45,50],"damage_taken":[{"damage":0,"enemies":"Small Slimes","floor":1,"turns":3},{"damage":1,"enemies":"2 Louse","floor":4,"turns":3},{"damage":50,"enemies":"3 Sentries","floor":7,"turns":7},{"damage":0,"enemies":"Cultist","floor":8,"turns":4},{"damage":8,"enemies":"Red Slaver","floor":10,"turns":4},{"damage":20,"enemies":"Large Slime","floor":12,"turns":6},{"damage":12,"enemies":"Lagavulin","floor":14,"turns":6},{"damage":12,"enemies":"Slime Boss","floor":16,"turns":9},{"damage":6,"enemies":"Spheric Guardian","floor":18,"turns":4},{"damage":0,"enemies":"3 Byrds","floor":20,"turns":1},{"damage":20,"enemies":"Centurion and Healer","floor":21,"turns":4},{"damage":60,"enemies":"Book of Stabbing","floor":23,"turns":6},{"damage":2,"enemies":"Gremlin Leader","floor":25,"turns":3},{"damage":0,"enemies":"3 Cultists","floor":27,"turns":3},{"damage":1,"enemies":"Snecko","floor":29,"turns":4},{"damage":22,"enemies":"Slavers","floor":30,"turns":4},{"damage":17,"enemies":"Centurion and Healer","floor":31,"turns":6},{"damage":64,"enemies":"Automaton","floor":33,"turns":8},{"damage":2,"enemies":"Orb Walker","floor":35,"turns":3},{"damage":0,"enemies":"3 Darklings","floor":36,"turns":3},{"damage":21,"enemies":"Sphere and 2 Shapes","floor":38,"turns":4},{"damage":14,"enemies":"Jaw Worm Horde","floor":39,"turns":2},{"damage":32,"enemies":"Nemesis","floor":40,"turns":7},{"damage":7,"enemies":"Spire Growth","floor":44,"turns":4},{"damage":9,"enemies":"Reptomancer","floor":45,"turns":5},{"damage":0,"enemies":"Mind Bloom Boss Battle","floor":46,"turns":4},{"damage":1,"enemies":"Giant Head","floor":47,"turns":4},{"damage":48,"enemies":"Time Eater","floor":50,"turns":6},{"damage":58,"enemies":"Shield and Spear","floor":54,"turns":4},{"damage":75,"enemies":"The Heart","floor":55,"turns":5}],"seed_played":"-6035392496973324840","potions_obtained":[{"floor":1,"key":"SkillPotion"},{"floor":7,"key":"AttackPotion"},{"floor":19,"key":"PowerPotion"},{"floor":19,"key":"Strength Potion"},{"floor":19,"key":"SmokeBomb"},{"floor":21,"key":"Regen Potion"},{"floor":23,"key":"Energy Potion"},{"floor":27,"key":"FairyPotion"},{"floor":29,"key":"BloodPotion"},{"floor":31,"key":"FearPotion"},{"floor":35,"key":"FearPotion"},{"floor":39,"key":"Block Potion"},{"floor":40,"key":"AttackPotion"}],"is_trial":false,"path_per_floor":["M","?","?","M","$","R","E","M","T","M","R","M","?","E","R","B",null,"M","?","M","M","$","E","?","E","T","M","R","M","E","M","R","B",null,"M","M","$","M","M","E","R","?","T","M","E","?","E","?","R","B",null,"R","$","E","B"],"character_chosen":"IRONCLAD","items_purchased":["Evolve","Lee\u0027s Waffle","Wild Strike","Infernal Blade","Dead Branch"],"campfire_rested":5,"item_purchase_floors":[5,22,22,22,37],"current_hp_per_floor":[80,85,68,73,73,73,29,35,35,33,33,19,19,13,38,32,72,72,72,78,64,92,38,38,42,42,48,75,80,64,53,80,45,80,87,92,92,83,75,59,86,86,86,92,89,92,92,92,92,50,82,92,92,40,0],"gold":35,"neow_bonus":"UPGRADE_CARD","is_prod":false,"is_daily":false,"chose_seed":false,"campfire_upgraded":2,"win_rate":0,"timestamp":1568610068,"path_taken":["M","?","?","M","$","R","E","M","T","M","R","M","?","E","R","BOSS","M","?","?","M","?","E","?","E","T","M","R","M","E","M","R","BOSS","M","?","?","?","M","E","R","?","T","?","E","?","E","?","R","BOSS","R","$","E","BOSS"],"build_version":"2019-07-17","purchased_purges":2,"victory":false,"max_hp_per_floor":[80,85,85,85,85,85,85,85,85,85,85,85,85,85,85,85,85,85,85,85,85,92,92,92,92,92,92,92,92,92,92,92,92,92,92,92,92,92,92,92,92,92,92,92,92,92,92,92,92,92,92,92,92,92,92],"card_choices":[{"not_picked":["Metallicize","Flex"],"picked":"Shockwave","floor":1},{"not_picked":["Bloodletting","Clash"],"picked":"Pommel Strike","floor":4},{"not_picked":["Sentinel","Anger"],"picked":"Sword Boomerang","floor":7},{"not_picked":["Pummel","Searing Blow"],"picked":"Headbutt","floor":8},{"not_picked":["Combust","Bloodletting"],"picked":"Corruption","floor":10},{"not_picked":["Warcry","Brutality"],"picked":"Power Through","floor":12},{"not_picked":["Sword Boomerang","Anger"],"picked":"Pommel Strike","floor":14},{"not_picked":["Impervious","Berserk","Brutality"],"picked":"Immolate","floor":16},{"not_picked":["Pummel","Hemokinesis","Rage+1"],"picked":"Pommel Strike","floor":18},{"not_picked":["Shockwave","Iron Wave","Pummel"],"picked":"Headbutt+1","floor":21},{"not_picked":["Bloodletting","Hemokinesis","Perfected Strike+1"],"picked":"True Grit+1","floor":23},{"not_picked":["True Grit","Juggernaut","Second Wind"],"picked":"Power Through","floor":25},{"not_picked":["Armaments+1","Heavy Blade","Flex"],"picked":"Shrug It Off+1","floor":27},{"not_picked":["Headbutt+1","Perfected Strike","Shrug It Off"],"picked":"Offering","floor":29},{"not_picked":["Sever Soul","Reckless Charge","Armaments+1"],"picked":"Wild Strike","floor":30},{"not_picked":["Infernal Blade+1","Thunderclap","Twin Strike"],"picked":"Spot Weakness+1","floor":31},{"not_picked":["Juggernaut","Berserk","Dark Embrace"],"picked":"Reaper","floor":33},{"not_picked":["Flex","Body Slam","Headbutt","Havoc+1"],"picked":"SKIP","floor":35},{"not_picked":["Twin Strike+1","Offering","Wild Strike"],"picked":"Power Through+1","floor":36},{"not_picked":["Anger","Clash","Wild Strike"],"picked":"True Grit+1","floor":38},{"not_picked":["Headbutt+1","Burning Pact","Iron Wave+1"],"picked":"Flame Barrier","floor":39},{"not_picked":["Searing Blow","Pommel Strike","Warcry+1"],"picked":"Havoc+1","floor":40},{"not_picked":["Fire Breathing+1","Searing Blow+1","Body Slam+1"],"picked":"True Grit+1","floor":44},{"not_picked":["Armaments+1","Blood for Blood","Thunderclap+1"],"picked":"Havoc+1","floor":45},{"not_picked":["Evolve+1","Fire Breathing+1","Whirlwind+1","Cleave+1"],"picked":"SKIP","floor":47},{"not_picked":["Clash","Body Slam+1","Berserk"],"picked":"Warcry+1","floor":54}],"player_experience":155250,"relics_obtained":[{"floor":7,"key":"Gremlin Horn"},{"floor":9,"key":"MawBank"},{"floor":14,"key":"Question Card"},{"floor":23,"key":"Torii"},{"floor":25,"key":"Orichalcum"},{"floor":26,"key":"Omamori"},{"floor":30,"key":"Red Skull"},{"floor":40,"key":"Toxic Egg 2"},{"floor":45,"key":"Ancient Tea Set"},{"floor":46,"key":"Gambling Chip"},{"floor":47,"key":"PreservedInsect"},{"floor":54,"key":"Whetstone"}],"event_choices":[{"damage_healed":0,"gold_gain":0,"player_choice":"Donut","damage_taken":0,"max_hp_gain":5,"max_hp_loss":0,"event_name":"Big Fish","floor":2,"gold_loss":0},{"damage_healed":0,"gold_gain":0,"player_choice":"Entered Light","damage_taken":17,"max_hp_gain":0,"max_hp_loss":0,"event_name":"Shining Light","floor":3,"gold_loss":0,"cards_upgraded":["Defend_R","Strike_R"]},{"damage_healed":0,"gold_gain":0,"player_choice":"Take Wound","damage_taken":0,"relics_obtained":["Golden Idol"],"max_hp_gain":0,"max_hp_loss":0,"event_name":"Golden Idol","floor":13,"gold_loss":0,"cards_obtained":["Injury"]},{"damage_healed":0,"gold_gain":0,"player_choice":"Got Potions","damage_taken":0,"max_hp_gain":0,"max_hp_loss":0,"event_name":"Lab","floor":19,"gold_loss":0},{"cards_removed":["Strike_R"],"damage_healed":0,"gold_gain":0,"player_choice":"Purged","damage_taken":0,"max_hp_gain":0,"max_hp_loss":0,"event_name":"Purifier","floor":24,"gold_loss":0},{"damage_healed":0,"gold_gain":0,"player_choice":"2 cards matched","damage_taken":0,"max_hp_gain":0,"max_hp_loss":0,"event_name":"Match and Keep!","floor":42,"gold_loss":0,"cards_obtained":["Intimidate","Jack Of All Trades"]},{"damage_healed":0,"gold_gain":0,"player_choice":"Fight","damage_taken":0,"max_hp_gain":0,"max_hp_loss":0,"event_name":"MindBloom","floor":46,"gold_loss":0},{"damage_healed":0,"gold_gain":0,"player_choice":"Paid","damage_taken":0,"relics_obtained":["Red Mask"],"max_hp_gain":0,"max_hp_loss":0,"event_name":"Tomb of Lord Red Mask","floor":48,"gold_loss":301}],"is_beta":false,"boss_relics":[{"not_picked":["Eternal Feather","Lizard Tail"],"picked":"Fusion Hammer"},{"not_picked":["Snecko Eye","Tiny House"],"picked":"Mark of Pain"}],"items_purged_floors":[22,37],"is_endless":false,"potions_floor_spawned":[1,7,21,23,27,29,31,35,39,40,44],"killed_by":"The Heart","ascension_level":5}