{"gold_per_floor":[111,61,78,94,44,44,69,69,69,18,52,52,52],"floor_reached":13,"playtime":684,"items_purged":[],"score":105,"play_id":"b9278c7f-b319-47c3-b1eb-7d7c89b32bbe","local_time":"20190915051522","is_ascension_mode":true,"campfire_choices":[{"data":"Armaments","floor":6,"key":"SMITH"}],"neow_cost":"NONE","seed_source_timestamp":235882101696900,"circlet_count":0,"master_deck":["Strike_R+1","Strike_R","Strike_R","Strike_R","Defend_R","Defend_R","Defend_R","Defend_R","Bash","Spot Weakness","Cleave","Clothesline+1","Armaments+1","Pommel Strike","True Grit","Brutality"],"relics":["Burning Blood","Bottled Lightning","Meat on the Bone","Bag of Preparation","Golden Idol"],"potions_floor_usage":[11],"damage_taken":[{"damage":3,"enemies":"Jaw Worm","floor":1,"turns":5},{"damage":5,"enemies":"2 Louse","floor":3,"turns":3},{"damage":1,"enemies":"Cultist","floor":4,"turns":3},{"damage":35,"enemies":"3 Sentries","floor":7,"turns":6},{"damage":30,"enemies":"Lagavulin","floor":11,"turns":7},{"damage":7,"enemies":"Gremlin Gang","floor":13,"turns":1}],"seed_played":"-2134468487192029592","potions_obtained":[{"floor":1,"key":"Strength Potion"},{"floor":7,"key":"Block Potion"},{"floor":11,"key":"Ancient Potion"}],"is_trial":false,"path_per_floor":["M","$","M","M","?","R","E","?","T","$","E","?","M"],"character_chosen":"IRONCLAD","items_purchased":["Cleave","True Grit"],"campfire_rested":0,"item_purchase_floors":[2,10],"current_hp_per_floor":[88,88,88,88,88,88,59,41,41,41,29,7,0],"gold":52,"neow_bonus":"TEN_PERCENT_HP_BONUS","is_prod":false,"is_daily":false,"chose_seed":false,"campfire_upgraded":1,"win_rate":0,"timestamp":1568517322,"path_taken":["M","$","M","M","?","R","E","?","T","$","E","?","M"],"build_version":"2019-07-17","purchased_purges":0,"victory":false,"max_hp_per_floor":[88,88,88,88,88,88,88,88,88,88,88,88,88],"card_choices":[{"not_picked":["Combust","Pommel Strike"],"picked":"Spot Weakness","floor":1},{"not_picked":["Dropkick","Perfected Strike"],"picked":"Clothesline","floor":3},{"not_picked":["Cleave","Carnage"],"picked":"Armaments","floor":4},{"not_picked":["Cleave","Armaments"],"picked":"Pommel Strike","floor":7},{"not_picked":["Thunderclap","Second Wind"],"picked":"Brutality","floor":11}],"player_experience":141538,"relics_obtained":[{"floor":7,"key":"Bottled Lightning"},{"floor":9,"key":"Meat on the Bone"},{"floor":11,"key":"Bag of Preparation"}],"event_choices":[{"cards_removed":["Strike_R"],"damage_healed":0,"gold_gain":0,"player_choice":"Card Removal","damage_taken":0,"max_hp_gain":0,"max_hp_loss":0,"event_name":"The Cleric","floor":5,"gold_loss":50},{"damage_healed":0,"gold_gain":0,"player_choice":"Entered Light","damage_taken":18,"max_hp_gain":0,"max_hp_loss":0,"event_name":"Shining Light","floor":8,"gold_loss":0,"cards_upgraded":["Clothesline","Strike_R"]},{"damage_healed":0,"gold_gain":0,"player_choice":"Take Damage","damage_taken":22,"relics_obtained":["Golden Idol"],"max_hp_gain":0,"max_hp_loss":0,"event_name":"Golden Idol","floor":12,"gold_loss":0}],"is_beta":false,"boss_relics":[],"items_purged_floors":[],"is_endless":false,"potions_floor_spawned":[1,7,11],"killed_by":"Gremlin Gang","ascension_level":3}