{"gold_per_floor":[116,116,116,116,130,130,13,13,13,72,101,127,155,167,167,265,265,279,279,279,279],"floor_reached":21,"playtime":1217,"items_purged":[],"score":218,"play_id":"fdc9bde0-9270-4511-a655-0305818fbb8c","local_time":"20191015102724","is_ascension_mode":true,"campfire_choices":[{"data":"White Noise","floor":6,"key":"SMITH"},{"data":"White Noise","floor":8,"key":"SMITH"},{"data":"Go for the Eyes","floor":15,"key":"SMITH"}],"neow_cost":"NONE","seed_source_timestamp":2544418370920640,"circlet_count":0,"master_deck":["Strike_B","Strike_B","Strike_B","Defend_B","Defend_B","Defend_B","Defend_B","Zap","Dualcast+1","Glacier","Regret","White Noise+1","White Noise+1","Chaos","Sweeping Beam","Echo Form+1","Defragment+1","Machine Learning+1","Chaos+1","Undo","Coolheaded"],"relics":["Cracked Core","PreservedInsect","WingedGreaves","Eternal Feather","Frozen Egg 2","Odd Mushroom","Matryoshka","Snecko Eye"],"potions_floor_usage":[11,16,21],"damage_taken":[{"damage":7,"enemies":"2 Louse","floor":1,"turns":2},{"damage":4,"enemies":"Small Slimes","floor":5,"turns":4},{"damage":0,"enemies":"3 Sentries","floor":10,"turns":3},{"damage":10,"enemies":"Lagavulin","floor":11,"turns":5},{"damage":11,"enemies":"The Mushroom Lair","floor":12,"turns":3},{"damage":1,"enemies":"3 Sentries","floor":13,"turns":4},{"damage":0,"enemies":"Jaw Worm","floor":14,"turns":4},{"damage":29,"enemies":"Slime Boss","floor":16,"turns":12},{"damage":33,"enemies":"2 Thieves","floor":18,"turns":4},{"damage":42,"enemies":"3 Byrds","floor":21,"turns":3}],"seed_played":"-2557611665828940735","potions_obtained":[{"floor":10,"key":"GamblersBrew"},{"floor":12,"key":"FocusPotion"},{"floor":14,"key":"PowerPotion"}],"is_trial":false,"path_per_floor":["M","?","?","?","M","R","$","R","T","?","E","?","E","M","R","B",null,"M","?","?","M"],"character_chosen":"DEFECT","items_purchased":["White Noise","Chaos"],"campfire_rested":0,"item_purchase_floors":[7,7],"current_hp_per_floor":[75,75,68,68,64,64,64,64,64,64,54,43,42,42,51,22,82,49,33,33,0],"gold":279,"neow_bonus":"TEN_PERCENT_HP_BONUS","is_prod":false,"is_daily":false,"chose_seed":false,"campfire_upgraded":3,"win_rate":0,"timestamp":1571131644,"path_taken":["M","?","?","?","M","R","$","R","T","?","E","?","E","M","R","BOSS","M","?","?","M"],"build_version":"2019-09-09v2","purchased_purges":0,"victory":false,"max_hp_per_floor":[82,82,82,82,82,82,82,82,82,82,82,82,82,82,82,82,82,82,87,87,87],"card_choices":[{"not_picked":["Redo","Hologram"],"picked":"Glacier","floor":1},{"not_picked":["Sweeping Beam","Consume"],"picked":"White Noise","floor":5},{"not_picked":["Ball Lightning","Force Field"],"picked":"Sweeping Beam","floor":10},{"not_picked":["FTL","Turbo"],"picked":"Echo Form","floor":11},{"not_picked":["Gash","Compile Driver"],"picked":"Go for the Eyes","floor":12},{"not_picked":["Coolheaded","Stack"],"picked":"Defragment+1","floor":13},{"not_picked":["Conserve Battery","Rebound"],"picked":"Gash","floor":14},{"not_picked":["Reboot","Meteor Strike"],"picked":"Machine Learning+1","floor":16},{"not_picked":["Turbo","Cold Snap"],"picked":"Chaos+1","floor":18}],"player_experience":196595,"relics_obtained":[{"floor":9,"key":"WingedGreaves"},{"floor":10,"key":"Eternal Feather"},{"floor":11,"key":"Frozen Egg 2"},{"floor":12,"key":"Odd Mushroom"},{"floor":13,"key":"Matryoshka"}],"event_choices":[{"damage_healed":0,"gold_gain":0,"player_choice":"Grow","damage_taken":0,"max_hp_gain":0,"max_hp_loss":0,"event_name":"Living Wall","floor":2,"gold_loss":0,"cards_upgraded":["Dualcast"]},{"cards_removed":["Strike_B"],"damage_healed":0,"gold_gain":0,"player_choice":"Card Removal","damage_taken":7,"max_hp_gain":0,"max_hp_loss":0,"event_name":"Golden Wing","floor":3,"gold_loss":0},{"damage_healed":0,"gold_gain":0,"player_choice":"Box","damage_taken":0,"relics_obtained":["PreservedInsect"],"max_hp_gain":0,"max_hp_loss":0,"event_name":"Big Fish","floor":4,"gold_loss":0,"cards_obtained":["Regret"]},{"damage_healed":0,"gold_gain":0,"player_choice":"Searched \u00271\u0027 times","damage_taken":0,"max_hp_gain":0,"max_hp_loss":0,"event_name":"Dead Adventurer","floor":10,"gold_loss":0},{"damage_healed":0,"gold_gain":0,"player_choice":"Fought Mushrooms","damage_taken":0,"max_hp_gain":0,"max_hp_loss":0,"event_name":"Mushrooms","floor":12,"gold_loss":0},{"damage_healed":0,"gold_gain":0,"player_choice":"Shed Blood","damage_taken":21,"max_hp_gain":5,"max_hp_loss":0,"event_name":"Forgotten Altar","floor":19,"gold_loss":0},{"damage_healed":0,"gold_gain":0,"cards_transformed":["Gash","Go for the Eyes"],"player_choice":"Became Test Subject","damage_taken":0,"max_hp_gain":0,"max_hp_loss":0,"event_name":"Drug Dealer","floor":20,"gold_loss":0,"cards_obtained":["Undo","Coolheaded"]}],"is_beta":true,"boss_relics":[{"not_picked":["Busted Crown","Fusion Hammer"],"picked":"Snecko Eye"}],"items_purged_floors":[],"is_endless":false,"potions_floor_spawned":[10,12,14],"killed_by":"3 Byrds","ascension_level":1}