{"gold_per_floor":[119,44,44,44,56,56,68,68,68,83,114,114,131,148,148,148],"floor_reached":16,"playtime":671,"items_purged":["Pain"],"score":143,"play_id":"a3e267be-2df1-4863-84e6-6953172cafec","local_time":"20190907114842","is_ascension_mode":true,"campfire_choices":[{"floor":6.0,"key":"DIG"},{"floor":8.0,"key":"DIG"},{"floor":12.0,"key":"DIG"},{"floor":15.0,"key":"DIG"}],"neow_cost":"CURSE","seed_source_timestamp":237612264453345,"circlet_count":0,"master_deck":["Strike_R+1","Strike_R+1","Strike_R","Strike_R","Defend_R","Defend_R","Defend_R","Defend_R+1","Bash+1","Shrug It Off","Metallicize","Disarm"],"special_seed":0,"relics":["Burning Blood","Shovel","Bag of Marbles","Ornamental Fan","Gremlin Horn","Letter Opener","Whetstone","Bottled Tornado"],"potions_floor_usage":[16,16,16],"damage_taken":[{"damage":14.0,"enemies":"Cultist","floor":1.0,"turns":5.0},{"damage":4.0,"enemies":"Jaw Worm","floor":5.0,"turns":3.0},{"damage":2.0,"enemies":"2 Louse","floor":7.0,"turns":4.0},{"damage":7.0,"enemies":"Blue Slaver","floor":10.0,"turns":4.0},{"damage":34.0,"enemies":"Gremlin Nob","floor":11.0,"turns":5.0},{"damage":0.0,"enemies":"Gremlin Gang","floor":13.0,"turns":4.0},{"damage":6.0,"enemies":"Exordium Wildlife","floor":14.0,"turns":4.0},{"damage":41,"enemies":"Slime Boss","floor":16,"turns":8}],"seed_played":"1037471326955314341","potions_obtained":[{"floor":1.0,"key":"Poison Potion"},{"floor":10.0,"key":"Ancient Potion"},{"floor":11.0,"key":"SpeedPotion"},{"floor":14.0,"key":"GamblersBrew"}],"is_trial":false,"path_per_floor":["M","$","?","?","M","R","M","R","T","M","E","R","M","M","R","B"],"character_chosen":"IRONCLAD","items_purchased":[],"campfire_rested":0,"item_purchase_floors":[],"current_hp_per_floor":[64,64,48,48,50,50,54,54,54,53,25,25,31,31,31,0],"gold":148,"neow_bonus":"ONE_RARE_RELIC","is_prod":false,"is_daily":false,"chose_seed":false,"campfire_upgraded":0,"win_rate":0,"timestamp":1567882122,"path_taken":["M","$","?","?","M","R","?","R","T","M","E","R","?","M","R","BOSS"],"build_version":"2019-07-17","purchased_purges":1,"victory":false,"max_hp_per_floor":[80,80,80,80,80,80,80,80,80,80,80,80,80,80,80,80],"card_choices":[{"not_picked":["Searing Blow","Evolve","Heavy Blade"],"picked":"SKIP","floor":1.0},{"not_picked":["Iron Wave","Anger"],"picked":"Shrug It Off","floor":5.0},{"not_picked":["Dropkick","Havoc"],"picked":"Metallicize","floor":7.0},{"not_picked":["Sentinel","Dark Embrace"],"picked":"Disarm","floor":10.0},{"not_picked":["Perfected Strike","Shrug It Off","Wild Strike"],"picked":"SKIP","floor":11.0},{"not_picked":["Warcry","Anger","Pummel"],"picked":"SKIP","floor":13.0},{"not_picked":["Clash","Whirlwind","Blood for Blood"],"picked":"SKIP","floor":14.0}],"player_experience":277386,"relics_obtained":[{"floor":6.0,"key":"Bag of Marbles"},{"floor":8.0,"key":"Ornamental Fan"},{"floor":9.0,"key":"Gremlin Horn"},{"floor":11.0,"key":"Letter Opener"},{"floor":12.0,"key":"Whetstone"},{"floor":15.0,"key":"Bottled Tornado"}],"event_choices":[{"damage_healed":0.0,"max_hp_gain":0.0,"max_hp_loss":0.0,"gold_gain":0.0,"event_name":"Shining Light","player_choice":"Entered Light","floor":3.0,"gold_loss":0.0,"damage_taken":16.0,"cards_upgraded":["Strike_R","Defend_R"]},{"cards_removed":["Strike_R"],"damage_healed":0.0,"max_hp_gain":0.0,"max_hp_loss":0.0,"gold_gain":0.0,"event_name":"Bonfire Elementals","player_choice":"Offered Basic","floor":4.0,"gold_loss":0.0,"damage_taken":0.0}],"is_beta":false,"boss_relics":[],"items_purged_floors":[2],"is_endless":false,"potions_floor_spawned":[1,10,11,14],"killed_by":"Slime Boss","ascension_level":8}