{"gold_per_floor":[113,132,151,161,161,196,15,47,125,125,138,163,183,183,183,281,281,302,302,322,322,322,360,134,150,150,188,134,170,193,206,206,295,295,315,153,15,36,61,92,92,128,151,185,185,185,185,206,206,206,206,206,38,82,82],"floor_reached":55,"playtime":4904,"items_purged":["Strike_G"],"score":1716,"play_id":"e52f1df4-3acb-42aa-a03a-8515f7b031d1","local_time":"20190804092715","is_ascension_mode":true,"campfire_choices":[{"floor":10.0,"key":"REST"},{"floor":15.0,"key":"REST"},{"floor":32.0,"key":"REST"},{"floor":41,"key":"RECALL"},{"floor":45,"key":"REST"},{"floor":47,"key":"REST"},{"floor":49,"key":"REST"},{"floor":52,"key":"REST"}],"neow_cost":"NONE","seed_source_timestamp":1749731545754556,"circlet_count":0,"master_deck":["AscendersBane","Defend_G","Defend_G","Defend_G","Defend_G","Survivor","Neutralize","PiercingWail","Deadly Poison","Dagger Throw+1","A Thousand Cuts+1","Backflip","Dodge and Roll","PiercingWail","Deflect","Adrenaline","Backstab","Bite","Bite","Bite","Bite","Bite+1","Backstab","Dodge and Roll","Footwork","Dodge and Roll+1","Deflect","Blur+1","Adrenaline","Footwork+1","Purity","Dodge and Roll+1","After Image","Noxious Fumes","Deadly Poison"],"special_seed":0,"relics":["Fusion Hammer","Tingsha","Unceasing Top","Ninja Scroll","Vajra","Golden Idol","Black Star","Snake Skull","Strawberry","Pen Nib","Nunchaku","Darkstone Periapt","Anchor","The Specimen","Whetstone","HoveringKite","Ornamental Fan","Bag of Marbles","Ginger","Question Card","Dodecahedron","Orichalcum","PreservedInsect","Mummified Hand","Incense Burner"],"potions_floor_usage":[33,33,42,50,55,55,55,55],"damage_taken":[{"damage":2.0,"enemies":"Jaw Worm","floor":1.0,"turns":4.0},{"damage":0.0,"enemies":"Small Slimes","floor":2.0,"turns":4.0},{"damage":0.0,"enemies":"Cultist","floor":3.0,"turns":4.0},{"damage":20.0,"enemies":"Large Slime","floor":4.0,"turns":8.0},{"damage":4.0,"enemies":"Lagavulin","floor":6.0,"turns":7.0},{"damage":15.0,"enemies":"3 Sentries","floor":8.0,"turns":8.0},{"damage":0.0,"enemies":"2 Fungi Beasts","floor":11.0,"turns":2.0},{"damage":11.0,"enemies":"Lagavulin","floor":12.0,"turns":6.0},{"damage":2.0,"enemies":"Exordium Thugs","floor":13.0,"turns":4.0},{"damage":8.0,"enemies":"The Guardian","floor":16.0,"turns":13.0},{"damage":6.0,"enemies":"3 Byrds","floor":18.0,"turns":6.0},{"damage":1.0,"enemies":"2 Thieves","floor":20.0,"turns":3.0},{"damage":22.0,"enemies":"Book of Stabbing","floor":23.0,"turns":6.0},{"damage":0.0,"enemies":"Centurion and Healer","floor":25.0,"turns":6.0},{"damage":9.0,"enemies":"Gremlin Leader","floor":27.0,"turns":7.0},{"damage":1.0,"enemies":"Slavers","floor":29.0,"turns":8.0},{"damage":23.0,"enemies":"Cultist and Chosen","floor":30.0,"turns":8.0},{"damage":11.0,"enemies":"Snecko","floor":31.0,"turns":6.0},{"damage":50,"enemies":"Champ","floor":33,"turns":15},{"damage":1,"enemies":"3 Shapes","floor":35,"turns":3},{"damage":0,"enemies":"3 Darklings","floor":38,"turns":7},{"damage":0,"enemies":"Maw","floor":39,"turns":7},{"damage":15,"enemies":"Nemesis","floor":40,"turns":7},{"damage":0,"enemies":"Reptomancer","floor":42,"turns":8},{"damage":0,"enemies":"Giant Head","floor":44,"turns":7},{"damage":0,"enemies":"4 Shapes","floor":48,"turns":4},{"damage":57,"enemies":"Time Eater","floor":50,"turns":17},{"damage":0,"enemies":"Shield and Spear","floor":54,"turns":6},{"damage":91,"enemies":"The Heart","floor":55,"turns":9}],"seed_played":"545417624075953561","potions_obtained":[{"floor":2.0,"key":"Regen Potion"},{"floor":3.0,"key":"GhostInAJar"},{"floor":16.0,"key":"Dexterity Potion"},{"floor":20.0,"key":"GhostInAJar"},{"floor":29.0,"key":"Strength Potion"},{"floor":39,"key":"Fire Potion"},{"floor":40,"key":"Strength Potion"}],"is_trial":false,"path_per_floor":["M","M","M","M","?","E","$","E","T","R","M","E","M","?","R","B",null,"M","?","M","?","?","E","$","M","T","E","$","E","M","M","R","B",null,"M","$","?","M","M","E","R","E","T","E","R","?","R","M","R","B",null,"R","$","E","B"],"character_chosen":"THE_SILENT","items_purchased":["Backflip","Block Potion","PowerPotion","Pen Nib","Deflect","Energy Potion","Purity","Dexterity Potion","EntropicBrew"],"campfire_rested":7,"item_purchase_floors":[7,7,24,24,28,36,36,53,53],"current_hp_per_floor":[57,57,57,37,30,41,41,26,26,45,45,34,32,9,28,20,55,49,49,48,46,46,41,41,51,51,52,52,53,37,37,52,14,43,51,51,51,53,53,47,47,53,53,53,53,53,53,53,53,12,43,53,53,53,0],"gold":82,"neow_bonus":"BOSS_RELIC","is_prod":false,"is_daily":false,"chose_seed":false,"campfire_upgraded":0,"win_rate":0,"timestamp":1564936035,"path_taken":["M","M","M","M","?","E","$","E","T","R","M","E","M","?","R","BOSS","M","?","?","?","?","E","$","M","T","E","$","E","M","M","R","BOSS","M","$","?","?","M","E","R","E","T","E","R","?","R","M","R","BOSS","R","$","E","BOSS"],"build_version":"2019-07-17","purchased_purges":1,"victory":false,"max_hp_per_floor":[66,66,66,66,66,66,66,66,66,66,66,66,66,66,66,66,66,66,66,66,46,46,53,53,53,53,53,53,53,53,53,53,53,53,53,53,53,53,53,53,53,53,53,53,53,53,53,53,53,53,53,53,53,53,53],"card_choices":[{"not_picked":["Underhanded Strike","Flying Knee"],"picked":"PiercingWail","floor":1.0},{"not_picked":["Crippling Poison","Choke"],"picked":"Deadly Poison","floor":2.0},{"not_picked":["Deflect","Skewer"],"picked":"Dagger Throw","floor":3.0},{"not_picked":["Catalyst","Riddle With Holes"],"picked":"A Thousand Cuts","floor":4.0},{"not_picked":["Outmaneuver","Concentrate","Flying Knee"],"picked":"SKIP","floor":6.0},{"not_picked":["Reflex","Dagger Spray"],"picked":"Dodge and Roll","floor":8.0},{"not_picked":["Sucker Punch","Bane"],"picked":"PiercingWail","floor":11.0},{"not_picked":["Finisher","Burst"],"picked":"Deflect","floor":12.0},{"not_picked":["Blade Dance","Underhanded Strike","Backflip"],"picked":"SKIP","floor":13.0},{"not_picked":["Night Terror","Tools of the Trade"],"picked":"Adrenaline","floor":16.0},{"not_picked":["Blade Dance","Reflex","Tactician"],"picked":"SKIP","floor":18.0},{"not_picked":["Dash","Flying Knee"],"picked":"Backstab","floor":20.0},{"not_picked":["PiercingWail","Crippling Poison"],"picked":"Dodge and Roll","floor":23.0},{"not_picked":["Catalyst","Sucker Punch"],"picked":"Footwork","floor":25.0},{"not_picked":["Acrobatics","Blur"],"picked":"Dodge and Roll+1","floor":27.0},{"not_picked":["Cloak And Dagger","Riddle With Holes"],"picked":"Blur+1","floor":29.0},{"not_picked":["Finisher","Flying Knee","Backflip"],"picked":"SKIP","floor":30.0},{"not_picked":["Reflex","Prepared","Bane+1"],"picked":"SKIP","floor":31.0},{"not_picked":["Envenom","Storm of Steel"],"picked":"Adrenaline","floor":33},{"not_picked":["Leg Sweep+1","Acrobatics"],"picked":"Footwork+1","floor":35},{"not_picked":["Catalyst","Flying Knee","Endless Agony"],"picked":"SKIP","floor":38},{"not_picked":["Flechettes+1","Masterful Stab","PiercingWail"],"picked":"SKIP","floor":39},{"not_picked":["Riddle With Holes","Dagger Spray+1"],"picked":"Dodge and Roll+1","floor":40},{"not_picked":["Dagger Spray+1","Infinite Blades"],"picked":"After Image","floor":42},{"not_picked":["Prepared","Dagger Throw","Dagger Spray","Outmaneuver"],"picked":"SKIP","floor":44},{"not_picked":["Quick Slash","Flying Knee","Dagger Spray"],"picked":"Noxious Fumes","floor":48},{"not_picked":["Accuracy","Reflex","Prepared+1"],"picked":"Deadly Poison","floor":54}],"player_experience":168518,"relics_obtained":[{"floor":6.0,"key":"Tingsha"},{"floor":8.0,"key":"Unceasing Top"},{"floor":9.0,"key":"Ninja Scroll"},{"floor":12.0,"key":"Vajra"},{"floor":23.0,"key":"Snake Skull"},{"floor":23.0,"key":"Strawberry"},{"floor":26.0,"key":"Nunchaku"},{"floor":27.0,"key":"Darkstone Periapt"},{"floor":27.0,"key":"Anchor"},{"floor":29.0,"key":"The Specimen"},{"floor":29.0,"key":"Whetstone"},{"floor":40,"key":"Bag of Marbles"},{"floor":40,"key":"Ginger"},{"floor":42,"key":"Question Card"},{"floor":42,"key":"Dodecahedron"},{"floor":44,"key":"Orichalcum"},{"floor":44,"key":"PreservedInsect"},{"floor":54,"key":"Mummified Hand"},{"floor":54,"key":"Incense Burner"}],"event_choices":[{"cards_removed":["Strike_G"],"damage_healed":0.0,"max_hp_gain":0.0,"max_hp_loss":0.0,"gold_gain":0.0,"event_name":"Golden Wing","player_choice":"Card Removal","floor":5.0,"gold_loss":0.0,"damage_taken":7.0},{"damage_healed":0.0,"max_hp_gain":0.0,"max_hp_loss":0.0,"gold_gain":0.0,"event_name":"Golden Idol","player_choice":"Take Damage","floor":14.0,"gold_loss":0.0,"damage_taken":23.0,"relics_obtained":["Golden Idol"]},{"damage_healed":0.0,"max_hp_gain":0.0,"max_hp_loss":0.0,"gold_gain":0.0,"event_name":"Accursed Blacksmith","player_choice":"Forge","floor":19.0,"gold_loss":0.0,"damage_taken":0.0,"cards_upgraded":["A Thousand Cuts"]},{"damage_healed":0.0,"max_hp_gain":0.0,"max_hp_loss":20.0,"gold_gain":0.0,"event_name":"Vampires","player_choice":"Became a vampire","floor":21.0,"gold_loss":0.0,"damage_taken":0.0,"cards_obtained":["Bite","Bite","Bite","Bite","Bite"]},{"damage_healed":0.0,"max_hp_gain":0.0,"max_hp_loss":0.0,"gold_gain":0.0,"event_name":"The Library","player_choice":"Read","floor":22.0,"gold_loss":0.0,"damage_taken":0.0,"cards_obtained":["Backstab"]},{"damage_healed":0,"gold_gain":0,"player_choice":"Paid Gold","damage_taken":0,"relics_obtained":["Ornamental Fan"],"max_hp_gain":0,"max_hp_loss":0,"event_name":"WeMeetAgain","floor":37,"gold_loss":138},{"cards_removed":["Defend_G"],"damage_healed":0,"gold_gain":0,"player_choice":"Removed Skill","damage_taken":0,"max_hp_gain":0,"max_hp_loss":0,"event_name":"Falling","floor":46,"gold_loss":0}],"is_beta":false,"boss_relics":[{"not_picked":["Astrolabe","Empty Cage"],"picked":"Black Star"},{"not_picked":["Coffee Dripper","Philosopher\u0027s Stone"],"picked":"HoveringKite"}],"items_purged_floors":[7],"is_endless":false,"potions_floor_spawned":[2,3,4,16,20,29,30,31,39,40,54],"killed_by":"The Heart","ascension_level":17}