{"gold_per_floor":[119,294,304,6,6,6,19,29,29,49,60,70,90,118,118,222,222,239,254,266,282,282,317,329,341,407,419,431,461,486,498,510,522],"floor_reached":33,"playtime":4464,"items_purged":[],"score":273,"play_id":"5a0bea20-4eea-41f3-861a-15547cc3297f","local_time":"20190615195411","is_ascension_mode":false,"campfire_choices":[{"data":"Burning Pact","floor":6,"key":"SMITH"},{"floor":15,"key":"REST"},{"floor":24,"key":"REST"},{"floor":28,"key":"REST"},{"floor":32,"key":"REST"}],"neow_cost":"","seed_source_timestamp":263232179276078,"circlet_count":0,"master_deck":["Strike_R+1","Strike_R+1","Strike_R+1","Strike_R+1","Defend_R+1","Defend_R+1","Defend_R+1","Defend_R+1","Bash","Burning Pact+1","Doubt","Anger","Anger","Armaments","Armaments","Thunderclap","Battle Trance","Shrug It Off","Thunderclap","Shrug It Off","Body Slam","Brutality","Dropkick","Fire Breathing+1","Carnage","Perfected Strike","Iron Wave","Armaments","Rupture","Shrug It Off+1","Reckless Charge"],"relics":["Burning Blood","Meat on the Bone","Mercury Hourglass","Fusion Hammer","Question Card","MawBank","Blood Vial"],"potions_floor_usage":[16,19,21,23],"damage_taken":[{"damage":12,"enemies":"Small Slimes","floor":1,"turns":3},{"damage":11,"enemies":"Jaw Worm","floor":3,"turns":5},{"damage":1,"enemies":"Cultist","floor":7,"turns":3},{"damage":12,"enemies":"Large Slime","floor":8,"turns":5},{"damage":8,"enemies":"3 Louse","floor":10,"turns":3},{"damage":10,"enemies":"Looter","floor":11,"turns":3},{"damage":5,"enemies":"2 Fungi Beasts","floor":12,"turns":4},{"damage":3,"enemies":"Red Slaver","floor":13,"turns":4},{"damage":31,"enemies":"3 Sentries","floor":14,"turns":9},{"damage":54,"enemies":"The Guardian","floor":16,"turns":13},{"damage":33,"enemies":"Chosen","floor":18,"turns":6},{"damage":13,"enemies":"Shell Parasite","floor":19,"turns":6},{"damage":36,"enemies":"Shelled Parasite and Fungi","floor":20,"turns":8},{"damage":22,"enemies":"Sentry and Sphere","floor":21,"turns":4},{"damage":33,"enemies":"Gremlin Leader","floor":23,"turns":5},{"damage":5,"enemies":"Snake Plant","floor":29,"turns":4},{"damage":3,"enemies":"Centurion and Healer","floor":30,"turns":6},{"damage":99,"enemies":"Champ","floor":33,"turns":12}],"seed_played":"5199776038019799916","potions_obtained":[{"floor":1,"key":"Swift Potion"},{"floor":3,"key":"BloodPotion"},{"floor":8,"key":"GamblersBrew"},{"floor":13,"key":"EssenceOfSteel"},{"floor":16,"key":"SkillPotion"},{"floor":18,"key":"LiquidBronze"},{"floor":20,"key":"LiquidBronze"},{"floor":30,"key":"Ancient Potion"}],"is_trial":false,"path_per_floor":["M","?","M","$","?","R","M","M","T","M","M","M","M","E","R","B",null,"M","M","M","M","?","E","R","?","T","?","R","M","M","?","R","B"],"character_chosen":"IRONCLAD","items_purchased":["HandOfGreed","Anger","Armaments"],"campfire_rested":4,"item_purchase_floors":[4,4,4],"current_hp_per_floor":[74,74,69,69,90,90,90,84,84,82,78,79,82,57,84,48,90,63,65,47,43,43,28,55,55,55,55,82,85,90,90,90,0],"gold":522,"neow_bonus":"","is_prod":false,"is_daily":false,"chose_seed":false,"campfire_upgraded":1,"win_rate":0.0,"timestamp":1560653651,"path_taken":["M","?","M","$","?","R","M","M","T","M","M","M","?","E","R","BOSS","M","M","M","M","?","E","R","?","T","?","R","M","M","?","R","BOSS"],"build_version":"2019-01-23","purchased_purges":0,"victory":false,"max_hp_per_floor":[80,80,80,80,90,90,90,90,90,90,90,90,90,90,90,90,90,90,90,90,90,90,90,90,90,90,90,90,90,90,90,90,90],"card_choices":[{"not_picked":["Metallicize","Inflame"],"picked":"Burning Pact","floor":1},{"not_picked":["Perfected Strike","Iron Wave"],"picked":"Anger","floor":3},{"not_picked":["Headbutt","Body Slam"],"picked":"Armaments","floor":7},{"not_picked":["Body Slam","Sever Soul"],"picked":"Thunderclap","floor":8},{"not_picked":["Twin Strike","Ghostly Armor"],"picked":"Battle Trance","floor":10},{"not_picked":["Cleave","Sword Boomerang"],"picked":"Shrug It Off","floor":11},{"not_picked":["Clash","Warcry"],"picked":"Thunderclap","floor":12},{"not_picked":["Headbutt","Armaments"],"picked":"Shrug It Off","floor":13},{"not_picked":["Blood for Blood","Shrug It Off"],"picked":"Body Slam","floor":14},{"not_picked":["Impervious","Offering"],"picked":"Brutality","floor":16},{"not_picked":["Sword Boomerang","Flex"],"picked":"Dropkick","floor":18},{"not_picked":["Uppercut","Body Slam"],"picked":"Fire Breathing+1","floor":19},{"not_picked":["Headbutt","Anger"],"picked":"Carnage","floor":20},{"not_picked":["Dropkick","Sword Boomerang"],"picked":"Perfected Strike","floor":21},{"not_picked":["True Grit","Headbutt","Infernal Blade"],"picked":"Iron Wave","floor":23},{"not_picked":["Offering","Warcry+1","True Grit+1"],"picked":"Rupture","floor":29},{"not_picked":["Thunderclap+1","Perfected Strike","Battle Trance"],"picked":"Shrug It Off+1","floor":30}],"player_experience":0,"relics_obtained":[{"floor":9,"key":"Meat on the Bone"},{"floor":14,"key":"Mercury Hourglass"},{"floor":23,"key":"MawBank"},{"floor":26,"key":"Blood Vial"}],"event_choices":[{"damage_healed":0,"gold_gain":175,"player_choice":"AGREE","damage_taken":0,"max_hp_gain":0,"max_hp_loss":0,"event_name":"Liars Game","floor":2,"gold_loss":0,"cards_obtained":["Doubt"]},{"cards_removed":["HandOfGreed"],"damage_healed":11,"gold_gain":0,"player_choice":"Offered Rare","damage_taken":0,"max_hp_gain":10,"max_hp_loss":0,"event_name":"Bonfire Elementals","floor":5,"gold_loss":0},{"damage_healed":0,"gold_gain":0,"player_choice":"Opened","damage_taken":0,"relics_obtained":["Question Card"],"max_hp_gain":0,"max_hp_loss":0,"event_name":"The Mausoleum","floor":22,"gold_loss":0},{"damage_healed":0,"gold_gain":0,"player_choice":"Read","damage_taken":0,"max_hp_gain":0,"max_hp_loss":0,"event_name":"The Library","floor":25,"gold_loss":0,"cards_obtained":["Armaments"]},{"damage_healed":0,"gold_gain":0,"player_choice":"Simplicity","damage_taken":0,"max_hp_gain":0,"max_hp_loss":0,"event_name":"Back to Basics","floor":27,"gold_loss":0,"cards_upgraded":["Strike_R","Strike_R","Strike_R","Strike_R","Strike_R","Defend_R","Defend_R","Defend_R","Defend_R"]},{"damage_healed":0,"gold_gain":0,"cards_transformed":["Strike_R"],"player_choice":"Transformed","damage_taken":0,"max_hp_gain":0,"max_hp_loss":0,"event_name":"Transmorgrifier","floor":31,"gold_loss":0,"cards_obtained":["Reckless Charge"]}],"is_beta":false,"boss_relics":[{"not_picked":["Coffee Dripper","Ectoplasm"],"picked":"Fusion Hammer"}],"items_purged_floors":[],"is_endless":false,"potions_floor_spawned":[1,3,8,13,16,18,20,30],"killed_by":"Champ","ascension_level":0}