{"gold_per_floor":[109,109,127,144,162,162,173,173,198,198,198,211,211,211,211,309,309,322,322,322,342,356,356,380,380,406,431,431,450,322,347,347,347],"floor_reached":33,"playtime":2013,"items_purged":["Injury"],"score":482,"play_id":"fec03d7a-788b-4cc1-8ba9-53d800d6c17d","local_time":"20191019015533","is_ascension_mode":true,"campfire_choices":[{"data":"Entrench","floor":6.0,"key":"SMITH"},{"data":"Intimidate","floor":8.0,"key":"SMITH"},{"data":"Demon Form","floor":10.0,"key":"SMITH"},{"data":"Heavy Blade","floor":13.0,"key":"SMITH"},{"data":"Bash","floor":15.0,"key":"SMITH"},{"data":"Shrug It Off","floor":23.0,"key":"SMITH"},{"floor":25.0,"key":"REST"},{"data":"Disarm","floor":32.0,"key":"SMITH"}],"neow_cost":"PERCENT_DAMAGE","seed_source_timestamp":0,"circlet_count":0,"master_deck":["AscendersBane","Strike_R+1","Strike_R","Defend_R","Defend_R","Defend_R","Defend_R","Bash+1","Twin Strike+1","Demon Form+1","Entrench+1","Intimidate+1","Heavy Blade+1","Reaper","Whirlwind","Shrug It Off+1","Disarm+1","Parasite","Shrug It Off","Warcry+1"],"special_seed":0,"relics":["Burning Blood","Lantern","Golden Idol","Vajra","Cursed Key","Ancient Tea Set"],"potions_floor_usage":[33],"damage_taken":[{"damage":19.0,"enemies":"Jaw Worm","floor":1.0,"turns":4.0},{"damage":0.0,"enemies":"Small Slimes","floor":3.0,"turns":3.0},{"damage":2.0,"enemies":"Cultist","floor":4.0,"turns":4.0},{"damage":5.0,"enemies":"3 Louse","floor":5.0,"turns":3.0},{"damage":1.0,"enemies":"Looter","floor":7.0,"turns":4.0},{"damage":1.0,"enemies":"2 Fungi Beasts","floor":12.0,"turns":3.0},{"damage":17.0,"enemies":"Hexaghost","floor":16.0,"turns":7.0},{"damage":25.0,"enemies":"Spheric Guardian","floor":18.0,"turns":5.0},{"damage":32.0,"enemies":"2 Thieves","floor":21.0,"turns":5.0},{"damage":11.0,"enemies":"Centurion and Healer","floor":22.0,"turns":11.0},{"damage":51.0,"enemies":"Snake Plant","floor":24.0,"turns":8.0},{"damage":41.0,"enemies":"Shelled Parasite and Fungi","floor":27.0,"turns":7.0},{"damage":12.0,"enemies":"Cultist and Chosen","floor":29.0,"turns":7.0},{"damage":33.0,"enemies":"3 Cultists","floor":31.0,"turns":6.0},{"damage":86,"enemies":"Collector","floor":33,"turns":8}],"seed_played":"3782215000790876473","potions_obtained":[{"floor":1.0,"key":"Energy Potion"},{"floor":4.0,"key":"Energy Potion"},{"floor":5.0,"key":"Strength Potion"},{"floor":18.0,"key":"SpeedPotion"},{"floor":27.0,"key":"EntropicBrew"}],"is_trial":false,"path_per_floor":["M","?","M","M","M","R","M","R","T","R","?","M","R","?","R","B",null,"M","?","?","M","M","R","M","R","T","M","?","M","$","M","R","B"],"character_chosen":"IRONCLAD","items_purchased":["Shrug It Off"],"campfire_rested":1,"item_purchase_floors":[30],"current_hp_per_floor":[37,14,20,24,25,25,30,30,30,30,30,35,35,35,35,24,62,56,56,56,42,57,57,31,53,53,33,33,49,49,56,56,0],"gold":347,"neow_bonus":"TRANSFORM_TWO_CARDS","is_prod":false,"is_daily":false,"chose_seed":false,"campfire_upgraded":7,"win_rate":0,"timestamp":1571464533,"path_taken":["M","?","M","M","M","R","M","R","T","R","?","M","R","?","R","BOSS","M","?","?","M","M","R","M","R","T","?","?","M","$","M","R","BOSS"],"build_version":"2019-07-17","purchased_purges":1,"victory":false,"max_hp_per_floor":[75,75,75,75,75,75,75,75,75,75,75,75,75,75,75,75,75,75,75,75,75,75,75,75,75,75,75,75,75,75,75,75,75],"card_choices":[{"not_picked":["Fire Breathing","Flex","Burning Pact"],"picked":"SKIP","floor":1.0},{"not_picked":["Cleave","Body Slam","Spot Weakness"],"picked":"SKIP","floor":3.0},{"not_picked":["Wild Strike","Anger"],"picked":"Entrench","floor":4.0},{"not_picked":["Twin Strike","Reckless Charge"],"picked":"Intimidate","floor":5.0},{"not_picked":["Wild Strike","Iron Wave"],"picked":"Heavy Blade","floor":7.0},{"not_picked":["Wild Strike","Clash","Flex"],"picked":"SKIP","floor":12.0},{"not_picked":["Brutality","Impervious"],"picked":"Reaper","floor":16.0},{"not_picked":["Uppercut","Headbutt","Cleave"],"picked":"SKIP","floor":18.0},{"not_picked":["Hemokinesis","Carnage"],"picked":"Shrug It Off","floor":21.0},{"not_picked":["Pommel Strike","Perfected Strike+1","Corruption"],"picked":"SKIP","floor":22.0},{"not_picked":["Flex","Pommel Strike"],"picked":"Disarm","floor":24.0},{"not_picked":["Rage","Headbutt","Second Wind"],"picked":"SKIP","floor":27.0},{"not_picked":["Wild Strike","True Grit","Dual Wield"],"picked":"SKIP","floor":29.0},{"not_picked":["Perfected Strike","Brutality"],"picked":"Warcry+1","floor":31.0}],"player_experience":860143,"relics_obtained":[{"floor":9.0,"key":"Lantern"},{"floor":26.0,"key":"Ancient Tea Set"}],"event_choices":[{"damage_healed":0.0,"max_hp_gain":0.0,"max_hp_loss":0.0,"gold_gain":0.0,"event_name":"Shining Light","player_choice":"Entered Light","floor":2.0,"gold_loss":0.0,"damage_taken":23.0,"cards_upgraded":["Strike_R","Twin Strike"]},{"damage_healed":0.0,"max_hp_gain":0.0,"max_hp_loss":0.0,"gold_gain":0.0,"event_name":"Golden Idol","player_choice":"Take Wound","floor":11.0,"gold_loss":0.0,"damage_taken":0.0,"relics_obtained":["Golden Idol"],"cards_obtained":["Injury"]},{"damage_healed":0.0,"max_hp_gain":0.0,"max_hp_loss":0.0,"gold_gain":0.0,"event_name":"Dead Adventurer","player_choice":"Searched \u00271\u0027 times","floor":14.0,"gold_loss":0.0,"damage_taken":0.0,"relics_obtained":["Vajra"]},{"damage_healed":0.0,"max_hp_gain":0.0,"max_hp_loss":0.0,"gold_gain":0.0,"event_name":"Vampires","player_choice":"Ignored","floor":19.0,"gold_loss":0.0,"damage_taken":0.0},{"damage_healed":0.0,"max_hp_gain":0.0,"max_hp_loss":0.0,"gold_gain":0.0,"cards_transformed":["Strike_R"],"event_name":"Transmorgrifier","player_choice":"Transformed","floor":20.0,"gold_loss":0.0,"damage_taken":0.0,"cards_obtained":["Whirlwind"]},{"damage_healed":0.0,"max_hp_gain":0.0,"max_hp_loss":0.0,"gold_gain":0.0,"event_name":"The Mausoleum","player_choice":"Ignored","floor":28.0,"gold_loss":0.0,"damage_taken":0.0}],"is_beta":false,"boss_relics":[{"not_picked":["Orrery","Tiny House"],"picked":"Cursed Key"}],"items_purged_floors":[30],"is_endless":false,"potions_floor_spawned":[1,4,5,18,27],"killed_by":"Collector","ascension_level":20}