{"gold_per_floor":[113,181,193,212,230,257,20,53,77,77,97,47,63,74,74,74],"floor_reached":16,"playtime":1112,"items_purged":["Strike_G"],"score":207,"play_id":"87f04b19-c3f3-4e07-92ab-175f4e3d0d74","local_time":"20190803225542","is_ascension_mode":true,"campfire_choices":[{"floor":10.0,"key":"REST"},{"floor":15,"key":"REST"}],"neow_cost":"NONE","seed_source_timestamp":1745806551616382,"circlet_count":0,"master_deck":["AscendersBane","Strike_G","Defend_G","Defend_G","Defend_G","Defend_G","Defend_G","Survivor","Neutralize","Setup+1","Heel Hook+1","Flying Knee+1","Dodge and Roll","Dodge and Roll","Sucker Punch","Sucker Punch","Dagger Throw","Master of Strategy","Backflip","Dagger Throw"],"special_seed":0,"relics":["Astrolabe","Pantograph","Vajra","Smiling Mask","Odd Mushroom"],"potions_floor_usage":[16],"damage_taken":[{"damage":0.0,"enemies":"Cultist","floor":1.0,"turns":4.0},{"damage":0.0,"enemies":"Jaw Worm","floor":3.0,"turns":5.0},{"damage":0.0,"enemies":"2 Louse","floor":4.0,"turns":3.0},{"damage":11.0,"enemies":"Exordium Wildlife","floor":5.0,"turns":7.0},{"damage":26.0,"enemies":"Gremlin Nob","floor":6.0,"turns":6.0},{"damage":14.0,"enemies":"Lagavulin","floor":8.0,"turns":8.0},{"damage":10,"enemies":"The Mushroom Lair","floor":11,"turns":6},{"damage":0,"enemies":"Large Slime","floor":13,"turns":3},{"damage":1,"enemies":"Red Slaver","floor":14,"turns":3},{"damage":65,"enemies":"Slime Boss","floor":16,"turns":12}],"seed_played":"6645092154708868697","potions_obtained":[{"floor":4.0,"key":"Swift Potion"},{"floor":5.0,"key":"PowerPotion"},{"floor":11,"key":"Weak Potion"}],"is_trial":false,"path_per_floor":["M","?","M","M","M","E","$","E","T","R","?","$","M","M","R","B"],"character_chosen":"THE_SILENT","items_purchased":["Master of Strategy","Weak Potion"],"campfire_rested":2,"item_purchase_floors":[7,7],"current_hp_per_floor":[59,59,59,59,48,22,22,8,8,27,17,17,17,16,35,0],"gold":74,"neow_bonus":"BOSS_RELIC","is_prod":false,"is_daily":false,"chose_seed":false,"campfire_upgraded":0,"win_rate":0,"timestamp":1564898142,"path_taken":["M","?","M","M","M","E","$","E","T","R","?","?","M","M","R","BOSS"],"build_version":"2019-07-17","purchased_purges":1,"victory":false,"max_hp_per_floor":[66,66,66,66,66,66,66,66,66,66,66,66,66,66,66,66],"card_choices":[{"not_picked":["Slice","Setup"],"picked":"Dodge and Roll","floor":1.0},{"not_picked":["Blade Dance","Dagger Throw"],"picked":"Dodge and Roll","floor":3.0},{"not_picked":["Outmaneuver","Caltrops"],"picked":"Sucker Punch","floor":4.0},{"not_picked":["Prepared","Crippling Poison"],"picked":"Sucker Punch","floor":5.0},{"not_picked":["Dagger Spray","Slice"],"picked":"Dagger Throw","floor":6.0},{"not_picked":["Blade Dance","Flying Knee"],"picked":"Backflip","floor":8.0},{"not_picked":["Underhanded Strike","Cloak And Dagger"],"picked":"Dagger Throw","floor":13},{"not_picked":["Endless Agony","Outmaneuver","Quick Slash"],"picked":"SKIP","floor":14}],"player_experience":164919,"relics_obtained":[{"floor":6.0,"key":"Pantograph"},{"floor":8.0,"key":"Vajra"},{"floor":9.0,"key":"Smiling Mask"},{"floor":11,"key":"Odd Mushroom"}],"event_choices":[{"damage_healed":0.0,"max_hp_gain":0.0,"max_hp_loss":0.0,"gold_gain":68.0,"event_name":"Golden Wing","player_choice":"Gained Gold","floor":2.0,"gold_loss":0.0,"damage_taken":0.0},{"damage_healed":0,"gold_gain":0,"player_choice":"Fought Mushrooms","damage_taken":0,"max_hp_gain":0,"max_hp_loss":0,"event_name":"Mushrooms","floor":11,"gold_loss":0}],"is_beta":false,"boss_relics":[],"items_purged_floors":[12],"is_endless":false,"potions_floor_spawned":[4,5,11],"killed_by":"Slime Boss","ascension_level":17}