{"gold_per_floor":[112,125,140,160,172,172,97,97,97,132,207,235,269,284,284,355,355,367,97,111,125,0,0,31,49,49,60,70,70,103,103,103,103],"floor_reached":33,"playtime":1803,"items_purged":["Defend_R"],"score":598,"play_id":"0de9cd71-915f-4e7e-b93c-c1bbe02290e1","local_time":"20191016132211","is_ascension_mode":true,"campfire_choices":[{"data":"Uppercut","floor":6.0,"key":"SMITH"},{"data":"Armaments","floor":8.0,"key":"SMITH"},{"data":"Combust","floor":15.0,"key":"SMITH"},{"data":"Berserk","floor":23.0,"key":"SMITH"},{"floor":29.0,"key":"REST"},{"data":"Chrysalis","floor":32,"key":"SMITH"}],"neow_cost":"NONE","seed_source_timestamp":145501120299800,"circlet_count":0,"master_deck":["AscendersBane","Bash","Shrug It Off","Uppercut+1","Armaments+1","Shrug It Off","Shrug It Off","Combust+1","Feel No Pain","Berserk+1","Sentinel","Clothesline","Cleave","Havoc","Flame Barrier","Shockwave","Wild Strike","Corruption","Chrysalis+1","True Grit","Battle Trance","Sentinel","Exhume","Offering"],"special_seed":0,"relics":["Burning Blood","Happy Flower","White Beast Statue","Orichalcum","Odd Mushroom","Dream Catcher","Pandora\u0027s Box","TungstenRod","Anchor","Darkstone Periapt"],"potions_floor_usage":[30,33],"damage_taken":[{"damage":6.0,"enemies":"2 Louse","floor":1.0,"turns":4.0},{"damage":7.0,"enemies":"Small Slimes","floor":2.0,"turns":4.0},{"damage":0.0,"enemies":"Cultist","floor":3.0,"turns":4.0},{"damage":23.0,"enemies":"Lots of Slimes","floor":4.0,"turns":8.0},{"damage":1.0,"enemies":"3 Louse","floor":5.0,"turns":4.0},{"damage":9.0,"enemies":"3 Sentries","floor":10.0,"turns":11.0},{"damage":19.0,"enemies":"The Mushroom Lair","floor":12.0,"turns":6.0},{"damage":9.0,"enemies":"Gremlin Nob","floor":13.0,"turns":4.0},{"damage":2.0,"enemies":"Looter","floor":14.0,"turns":3.0},{"damage":24.0,"enemies":"The Guardian","floor":16.0,"turns":12.0},{"damage":12.0,"enemies":"3 Byrds","floor":18.0,"turns":6.0},{"damage":19.0,"enemies":"Shell Parasite","floor":20.0,"turns":4.0},{"damage":10.0,"enemies":"Chosen and Byrds","floor":21.0,"turns":7.0},{"damage":52.0,"enemies":"Gremlin Leader","floor":24.0,"turns":7.0},{"damage":8.0,"enemies":"3 Cultists","floor":25.0,"turns":5.0},{"damage":7.0,"enemies":"Cultist and Chosen","floor":27.0,"turns":8.0},{"damage":7.0,"enemies":"Snake Plant","floor":28.0,"turns":5.0},{"damage":14,"enemies":"Slavers","floor":30,"turns":6},{"damage":36,"enemies":"Champ","floor":33,"turns":20}],"seed_played":"2076808361050062643","potions_obtained":[{"floor":1.0,"key":"Weak Potion"},{"floor":5.0,"key":"Dexterity Potion"},{"floor":10.0,"key":"LiquidMemories"},{"floor":13.0,"key":"GamblersBrew"},{"floor":14.0,"key":"LiquidMemories"},{"floor":16.0,"key":"Swift Potion"},{"floor":18.0,"key":"BloodPotion"},{"floor":20.0,"key":"BloodPotion"},{"floor":21.0,"key":"Fire Potion"},{"floor":24.0,"key":"Energy Potion"},{"floor":25.0,"key":"Energy Potion"},{"floor":27.0,"key":"SkillPotion"},{"floor":28.0,"key":"SkillPotion"},{"floor":30,"key":"AttackPotion"}],"is_trial":false,"path_per_floor":["M","M","M","M","M","R","$","R","T","E","?","?","E","M","R","B",null,"M","$","M","M","?","R","E","M","T","M","M","R","E","?","R","B"],"character_chosen":"IRONCLAD","items_purchased":["Corruption","Chrysalis"],"campfire_rested":1,"item_purchase_floors":[19,19],"current_hp_per_floor":[68,67,73,56,61,61,61,61,61,58,47,34,31,35,35,17,61,55,55,57,68,68,68,22,20,20,19,18,40,32,32,32,0],"gold":103,"neow_bonus":"RANDOM_COMMON_RELIC","is_prod":false,"is_daily":false,"chose_seed":false,"campfire_upgraded":5,"win_rate":0,"timestamp":1571257331,"path_taken":["M","M","M","M","M","R","$","R","T","E","?","?","E","M","R","BOSS","M","$","M","M","?","R","E","M","T","M","M","R","E","?","R","BOSS"],"build_version":"2019-10-15","purchased_purges":1,"victory":false,"max_hp_per_floor":[75,75,75,75,75,75,75,75,75,75,75,75,75,75,75,75,75,75,75,75,75,75,75,75,75,75,75,75,75,75,75,75,75],"card_choices":[{"not_picked":["Shockwave","Twin Strike"],"picked":"Shrug It Off","floor":1.0},{"not_picked":["Fire Breathing","Clothesline"],"picked":"Uppercut","floor":2.0},{"not_picked":["True Grit","Metallicize"],"picked":"Armaments","floor":3.0},{"not_picked":["Warcry","Corruption"],"picked":"Shrug It Off","floor":4.0},{"not_picked":["Corruption","Heavy Blade"],"picked":"Shrug It Off","floor":5.0},{"not_picked":["Perfected Strike","Dark Embrace","Entrench"],"picked":"SKIP","floor":10.0},{"not_picked":["Shrug It Off","Twin Strike"],"picked":"Combust","floor":13.0},{"not_picked":["Clash","Twin Strike"],"picked":"Feel No Pain","floor":14.0},{"not_picked":["Double Tap","Bludgeon"],"picked":"Berserk","floor":16.0},{"not_picked":["Wild Strike","Cleave","Clothesline"],"picked":"SKIP","floor":18.0},{"not_picked":["Heavy Blade","Flex"],"picked":"True Grit","floor":20.0},{"not_picked":["Havoc","Flex","Pummel"],"picked":"SKIP","floor":21.0},{"not_picked":["Bloodletting+1","Wild Strike"],"picked":"Battle Trance","floor":24.0},{"not_picked":["Searing Blow","Bloodletting"],"picked":"Sentinel","floor":25.0},{"not_picked":["Flex","Flame Barrier"],"picked":"Exhume","floor":27.0},{"not_picked":["Thunderclap","Clash","Evolve"],"picked":"SKIP","floor":28.0},{"not_picked":["Second Wind","Corruption","Armaments"],"picked":"SKIP","floor":30}],"player_experience":1589823,"relics_obtained":[{"floor":9.0,"key":"White Beast Statue"},{"floor":10.0,"key":"Orichalcum"},{"floor":12.0,"key":"Odd Mushroom"},{"floor":13.0,"key":"Dream Catcher"},{"floor":24.0,"key":"TungstenRod"},{"floor":26.0,"key":"Anchor"},{"floor":30,"key":"Darkstone Periapt"}],"event_choices":[{"damage_healed":0.0,"max_hp_gain":0.0,"max_hp_loss":0.0,"gold_gain":75.0,"event_name":"World of Goop","player_choice":"Gather Gold","floor":11.0,"gold_loss":0.0,"damage_taken":11.0},{"damage_healed":0.0,"max_hp_gain":0.0,"max_hp_loss":0.0,"gold_gain":0.0,"event_name":"Mushrooms","player_choice":"Fought Mushrooms","floor":12.0,"gold_loss":0.0,"damage_taken":0.0},{"damage_healed":0.0,"max_hp_gain":0.0,"max_hp_loss":0.0,"gold_gain":0.0,"event_name":"Masked Bandits","player_choice":"Paid Fearfully","floor":22.0,"gold_loss":125.0,"damage_taken":0.0},{"damage_healed":0,"gold_gain":0,"cards_transformed":["Blood for Blood"],"player_choice":"Transformed","damage_taken":0,"max_hp_gain":0,"max_hp_loss":0,"event_name":"Transmorgrifier","floor":31,"gold_loss":0,"cards_obtained":["Offering"]}],"is_beta":true,"boss_relics":[{"not_picked":["Sozu","Coffee Dripper"],"picked":"Pandora\u0027s Box"}],"items_purged_floors":[7],"is_endless":false,"potions_floor_spawned":[1,5,10,12,13,14,16,18,20,21,24,25,27,28,30],"killed_by":"Champ","ascension_level":20}