{"gold_per_floor":[112,112,126,126,144,144,163,197,197,197,216,227,227,244,244,348,348,363,363,363,374,43,43,53,53,78,89,118,118,132,161,161,261,261,277,287,84,84],"floor_reached":38,"playtime":2494,"items_purged":["Writhe"],"score":655,"play_id":"ebc9801c-f4fc-4bc7-ae98-f62000aae890","local_time":"20191014233036","is_ascension_mode":true,"campfire_choices":[{"data":"Hyperbeam","floor":6,"key":"SMITH"},{"data":"Sweeping Beam","floor":10,"key":"SMITH"},{"data":"Buffer","floor":13,"key":"SMITH"},{"data":"Stack","floor":15,"key":"SMITH"},{"data":"Fission","floor":23,"key":"SMITH"},{"data":"Loop","floor":25,"key":"SMITH"},{"floor":29,"key":"REST"},{"floor":32,"key":"REST"}],"neow_cost":"NONE","seed_source_timestamp":340166953015600,"circlet_count":0,"master_deck":["Zap+1","Dualcast","Stack+1","Hyperbeam+1","Sweeping Beam+1","Conserve Battery","Buffer+1","Stack","Ball Lightning","Hologram","Fission+1","Aggregate","Machine Learning","Reinforced Body","Steam Power","Steam","Loop+1","Rainbow","Ball Lightning","Doom and Gloom","Static Discharge","Cold Snap","Defragment","Creative AI","Skim","Self Repair","Electrodynamics"],"relics":["Cracked Core","Ancient Tea Set","Shuriken","Pandora\u0027s Box","Incense Burner","Vajra","Omamori","Sundial","Centennial Puzzle","Snecko Eye"],"potions_floor_usage":[12,16,16,16,23,28,28,31,33,35,38,38],"damage_taken":[{"damage":1,"enemies":"Jaw Worm","floor":1,"turns":4},{"damage":1,"enemies":"Cultist","floor":3,"turns":3},{"damage":0,"enemies":"2 Louse","floor":5,"turns":2},{"damage":12,"enemies":"Exordium Wildlife","floor":7,"turns":2},{"damage":21,"enemies":"Lagavulin","floor":8,"turns":7},{"damage":0,"enemies":"2 Fungi Beasts","floor":11,"turns":1},{"damage":2,"enemies":"Large Slime","floor":12,"turns":5},{"damage":0,"enemies":"Red Slaver","floor":14,"turns":3},{"damage":0,"enemies":"Slime Boss","floor":16,"turns":5},{"damage":7,"enemies":"Shell Parasite","floor":18,"turns":5},{"damage":15,"enemies":"Chosen","floor":21,"turns":6},{"damage":3,"enemies":"Snake Plant","floor":24,"turns":2},{"damage":0,"enemies":"Centurion and Healer","floor":27,"turns":6},{"damage":28,"enemies":"Gremlin Leader","floor":28,"turns":5},{"damage":0,"enemies":"Sentry and Sphere","floor":30,"turns":4},{"damage":14,"enemies":"Book of Stabbing","floor":31,"turns":4},{"damage":12,"enemies":"Collector","floor":33,"turns":7},{"damage":12,"enemies":"3 Darklings","floor":35,"turns":3},{"damage":4,"enemies":"3 Shapes","floor":36,"turns":3},{"damage":73,"enemies":"Writhing Mass","floor":38,"turns":6}],"seed_played":"3753114427111568052","potions_obtained":[{"floor":1,"key":"Strength Potion"},{"floor":3,"key":"SpeedPotion"},{"floor":5,"key":"GamblersBrew"},{"floor":11,"key":"FocusPotion"},{"floor":14,"key":"PowerPotion"},{"floor":21,"key":"EntropicBrew"},{"floor":27,"key":"Ancient Potion"},{"floor":31,"key":"Ancient Potion"}],"is_trial":false,"path_per_floor":["M","?","M","?","M","R","M","E","T","R","M","M","R","M","R","B",null,"M","?","?","M","$","R","M","R","T","M","E","R","M","E","R","B",null,"M","M","$","M"],"character_chosen":"DEFECT","items_purchased":["Vajra","Fruit Juice","Electrodynamics","Swift Potion"],"campfire_rested":2,"item_purchase_floors":[22,22,37,37],"current_hp_per_floor":[74,74,73,73,73,73,61,40,40,40,40,38,38,38,38,38,71,64,64,64,49,49,54,51,51,51,51,23,49,49,35,61,49,78,66,62,62,0],"gold":84,"neow_bonus":"TEN_PERCENT_HP_BONUS","is_prod":false,"is_daily":false,"chose_seed":false,"campfire_upgraded":6,"win_rate":0,"timestamp":1571088636,"path_taken":["M","?","M","?","?","R","M","E","T","R","M","?","R","M","R","BOSS","M","?","?","M","$","R","M","R","T","M","E","R","M","E","R","BOSS","M","M","$","M"],"build_version":"2019-07-17","purchased_purges":1,"victory":false,"max_hp_per_floor":[82,82,82,82,82,82,82,82,82,82,82,82,82,82,82,82,82,82,82,82,82,82,87,87,87,87,87,87,87,87,87,87,87,87,87,87,87,87],"card_choices":[{"not_picked":["Gash","Go for the Eyes"],"picked":"Lockon","floor":1},{"not_picked":["Barrage","Blizzard"],"picked":"Stack","floor":3},{"not_picked":["Streamline","Steam"],"picked":"Sweeping Beam","floor":5},{"not_picked":["Reprogram","Skim"],"picked":"Conserve Battery","floor":7},{"not_picked":["Hologram","Lockon"],"picked":"Buffer","floor":8},{"not_picked":["Steam","Streamline"],"picked":"Stack","floor":11},{"not_picked":["Genetic Algorithm","Capacitor"],"picked":"Ball Lightning","floor":12},{"not_picked":["Redo","Force Field"],"picked":"Hologram","floor":14},{"not_picked":["Buffer","Creative AI"],"picked":"Fission","floor":16},{"not_picked":["Go for the Eyes","Barrage"],"picked":"Ball Lightning","floor":18},{"not_picked":["Hologram","Reprogram"],"picked":"Doom and Gloom","floor":21},{"not_picked":["Sweeping Beam","Storm"],"picked":"Static Discharge","floor":24},{"not_picked":["Conserve Battery+1","Hologram+1"],"picked":"Cold Snap","floor":27},{"not_picked":["Gash","Coolheaded","Lockon"],"picked":"SKIP","floor":28},{"not_picked":["Stack","Steam"],"picked":"Defragment","floor":30},{"not_picked":["Leap","Coolheaded","Sweeping Beam"],"picked":"SKIP","floor":31},{"not_picked":["Seek","Reboot"],"picked":"Creative AI","floor":33},{"not_picked":["Barrage","Beam Cell+1"],"picked":"Skim","floor":35},{"not_picked":["Beam Cell","Ball Lightning+1"],"picked":"Self Repair","floor":36}],"player_experience":354301,"relics_obtained":[{"floor":8,"key":"Ancient Tea Set"},{"floor":9,"key":"Shuriken"},{"floor":26,"key":"Omamori"},{"floor":28,"key":"Sundial"},{"floor":31,"key":"Centennial Puzzle"}],"event_choices":[{"damage_healed":0,"gold_gain":0,"player_choice":"Grow","damage_taken":0,"max_hp_gain":0,"max_hp_loss":0,"event_name":"Living Wall","floor":2,"gold_loss":0,"cards_upgraded":["Zap"]},{"damage_healed":0,"gold_gain":0,"cards_transformed":["Strike_B"],"player_choice":"Transformed","damage_taken":0,"max_hp_gain":0,"max_hp_loss":0,"event_name":"Transmorgrifier","floor":4,"gold_loss":0,"cards_obtained":["Hyperbeam"]},{"cards_removed":["Lockon"],"damage_healed":0,"gold_gain":0,"player_choice":"Elegance","damage_taken":0,"max_hp_gain":0,"max_hp_loss":0,"event_name":"Back to Basics","floor":19,"gold_loss":0},{"damage_healed":0,"gold_gain":0,"player_choice":"Opened","damage_taken":0,"relics_obtained":["Incense Burner"],"max_hp_gain":0,"max_hp_loss":0,"event_name":"The Mausoleum","floor":20,"gold_loss":0,"cards_obtained":["Writhe"]}],"is_beta":false,"boss_relics":[{"not_picked":["Velvet Choker","Philosopher\u0027s Stone"],"picked":"Pandora\u0027s Box"},{"not_picked":["Lizard Tail","Runic Dome"],"picked":"Snecko Eye"}],"items_purged_floors":[22],"is_endless":false,"potions_floor_spawned":[1,3,5,11,14,21,27,31],"killed_by":"Writhing Mass","ascension_level":8}