{"gold_per_floor":[119,134,13,30,42,67,78,78,132,132,152,183,183,198,198,302,302,322,338,355,44,63,63,82,82,82,82,99,99,116,130,130,232,282,292,292,65,65,15,15,33,33,33,46,46,46,46,61,61,61],"floor_reached":50,"playtime":5162,"items_purged":["Storm+1","Cold Snap"],"score":508,"play_id":"5b243134-e687-4d90-a2ce-476edfd03e00","local_time":"20191011154208","is_ascension_mode":false,"campfire_choices":[{"data":"Multi-Cast","floor":8,"key":"SMITH"},{"floor":13,"key":"REST"},{"floor":15,"key":"REST"},{"floor":23,"key":"REST"},{"floor":25,"key":"REST"},{"data":"Echo Form","floor":27,"key":"SMITH"},{"data":"Darkness","floor":29,"key":"SMITH"},{"floor":32,"key":"REST"},{"data":"Fusion","floor":40,"key":"SMITH"},{"floor":42,"key":"REST"},{"data":"Skim","floor":46,"key":"SMITH"},{"floor":49,"key":"REST"}],"neow_cost":"NONE","seed_source_timestamp":2213763229604282,"circlet_count":0,"master_deck":["Defend_B","Defend_B","Defend_B","Defend_B","Zap+1","Dualcast","Beam Cell","Coolheaded","Deep Breath","Multi-Cast+1","Hologram","Coolheaded","Biased Cognition","Fusion","BootSequence","Sweeping Beam","Doom and Gloom","Darkness+1","Echo Form+1","Coolheaded+1","Steam+1","Turbo","Reprogram","Reprogram+1","Hologram+1","Rebound","White Noise","Beam Cell+1","Fusion+1","BootSequence","Loop","Sweeping Beam","FTL+1","Turbo","All For One","Compile Driver","Turbo+1","Defragment","Deep Breath","Turbo","Stack+1","Skim+1","Doubt","Stack","Steam Power+1"],"relics":["Cracked Core","Nunchaku","Tiny Chest","Dream Catcher","Astrolabe","Frozen Eye","Sundial","Tiny House","Darkstone Periapt"],"potions_floor_usage":[12,16,33,33,50,50,50],"damage_taken":[{"damage":0,"enemies":"2 Louse","floor":1,"turns":1},{"damage":9,"enemies":"Jaw Worm","floor":2,"turns":2},{"damage":0,"enemies":"Small Slimes","floor":4,"turns":3},{"damage":6,"enemies":"3 Louse","floor":5,"turns":4},{"damage":28,"enemies":"Lagavulin","floor":6,"turns":8},{"damage":6,"enemies":"Exordium Wildlife","floor":7,"turns":3},{"damage":1,"enemies":"Large Slime","floor":11,"turns":3},{"damage":7,"enemies":"3 Sentries","floor":12,"turns":3},{"damage":8,"enemies":"3 Louse","floor":14,"turns":3},{"damage":29,"enemies":"Hexaghost","floor":16,"turns":8},{"damage":17,"enemies":"Spheric Guardian","floor":18,"turns":6},{"damage":1,"enemies":"Chosen","floor":19,"turns":5},{"damage":5,"enemies":"Snake Plant","floor":20,"turns":4},{"damage":25,"enemies":"Shelled Parasite and Fungi","floor":22,"turns":7},{"damage":23,"enemies":"Centurion and Healer","floor":24,"turns":7},{"damage":5,"enemies":"Snecko","floor":28,"turns":6},{"damage":16,"enemies":"Shelled Parasite and Fungi","floor":30,"turns":3},{"damage":19,"enemies":"Centurion and Healer","floor":31,"turns":6},{"damage":33,"enemies":"Automaton","floor":33,"turns":11},{"damage":26,"enemies":"Orb Walker","floor":35,"turns":5},{"damage":38,"enemies":"3 Shapes","floor":41,"turns":6},{"damage":36,"enemies":"Sphere and 2 Shapes","floor":44,"turns":10},{"damage":40,"enemies":"Writhing Mass","floor":48,"turns":6},{"damage":75,"enemies":"Awakened One","floor":50,"turns":5}],"seed_played":"-7706105505784567496","potions_obtained":[{"floor":2,"key":"FearPotion"},{"floor":7,"key":"FearPotion"},{"floor":11,"key":"DuplicationPotion"},{"floor":14,"key":"Dexterity Potion"},{"floor":16,"key":"Regen Potion"},{"floor":30,"key":"Swift Potion"},{"floor":33,"key":"Block Potion"},{"floor":34,"key":"Explosive Potion"}],"is_trial":false,"path_per_floor":["M","M","$","M","M","E","M","R","T","?","M","E","R","M","R","B",null,"M","M","M","$","M","R","M","R","T","R","M","R","M","M","R","B",null,"M","?","$","?","$","R","M","R","T","M","?","R","?","M","R","B"],"character_chosen":"DEFECT","items_purchased":["Coolheaded","Deep Breath","Frozen Eye","Hologram","Rebound","Defragment","Deep Breath","Turbo"],"campfire_rested":7,"item_purchase_floors":[3,3,21,21,21,37,37,39],"current_hp_per_floor":[75,66,66,66,60,32,26,26,26,26,25,18,40,32,54,25,75,58,57,52,52,27,49,26,48,48,48,43,43,27,8,30,12,80,54,54,54,54,54,54,16,40,40,4,86,86,82,42,66,0],"gold":61,"neow_bonus":"UPGRADE_CARD","is_prod":false,"is_daily":false,"chose_seed":false,"campfire_upgraded":5,"win_rate":0.0,"timestamp":1570804928,"path_taken":["M","M","$","M","M","E","M","R","T","?","M","E","R","M","R","BOSS","M","M","M","$","M","R","M","R","T","R","M","R","M","M","R","BOSS","M","?","?","?","$","R","M","R","T","M","?","R","?","M","R","BOSS"],"build_version":"2019-09-09v2","purchased_purges":2,"victory":false,"max_hp_per_floor":[75,75,75,75,75,75,75,75,75,75,75,75,75,75,75,75,75,75,75,75,75,75,75,75,75,75,75,75,75,75,75,75,75,80,80,80,80,80,80,80,80,80,80,80,86,86,82,82,82,82],"card_choices":[{"not_picked":["Sweeping Beam","Heatsinks"],"picked":"Cold Snap","floor":1},{"not_picked":["Hologram","Genetic Algorithm"],"picked":"Beam Cell","floor":2},{"not_picked":["Redo","Gash"],"picked":"Multi-Cast","floor":4},{"not_picked":["Steam","Consume"],"picked":"Hologram","floor":5},{"not_picked":["Static Discharge","Sweeping Beam"],"picked":"Coolheaded","floor":6},{"not_picked":["Cold Snap","Consume"],"picked":"Biased Cognition","floor":7},{"not_picked":["Defragment","Storm"],"picked":"BootSequence","floor":11},{"not_picked":["Streamline","Gash","Melter"],"picked":"SKIP","floor":12},{"not_picked":["Tempest","Go for the Eyes"],"picked":"Sweeping Beam","floor":13},{"not_picked":["Glacier","Melter"],"picked":"Doom and Gloom","floor":14},{"not_picked":["Go for the Eyes","Leap"],"picked":"Darkness","floor":15},{"not_picked":["Fission","Buffer"],"picked":"Echo Form","floor":16},{"not_picked":["Stack+1","FTL"],"picked":"Turbo","floor":18},{"not_picked":["Aggregate","Static Discharge"],"picked":"Reprogram","floor":19},{"not_picked":["Rip and Tear","Aggregate"],"picked":"Reprogram+1","floor":20},{"not_picked":["Go for the Eyes","Storm"],"picked":"White Noise","floor":22},{"not_picked":["Ball Lightning","Sweeping Beam"],"picked":"Beam Cell+1","floor":23},{"not_picked":["Compile Driver+1","Gash"],"picked":"Fusion","floor":24},{"not_picked":["Creative AI","Hologram"],"picked":"BootSequence","floor":25},{"not_picked":["FTL+1","Barrage"],"picked":"Loop","floor":28},{"not_picked":["Genetic Algorithm","Static Discharge"],"picked":"Sweeping Beam","floor":30},{"not_picked":["Rip and Tear","Darkness+1"],"picked":"FTL+1","floor":31},{"not_picked":["Loop","Barrage+1"],"picked":"Turbo","floor":32},{"not_picked":["Meteor Strike","Electrodynamics"],"picked":"All For One","floor":33},{"not_picked":["Beam Cell+1","Go for the Eyes"],"picked":"Compile Driver","floor":34},{"not_picked":["Redo","Steam"],"picked":"Turbo+1","floor":35},{"not_picked":["Doom and Gloom+1","Loop+1"],"picked":"Stack+1","floor":41},{"not_picked":["Meteor Strike","Beam Cell"],"picked":"Skim","floor":44},{"not_picked":["Streamline+1","Melter+1"],"picked":"Stack","floor":48},{"not_picked":["Cold Snap+1","Auto Shields+1"],"picked":"Steam Power+1","floor":49}],"player_experience":112115,"relics_obtained":[{"floor":6,"key":"Nunchaku"},{"floor":9,"key":"Tiny Chest"},{"floor":12,"key":"Dream Catcher"},{"floor":26,"key":"Sundial"},{"floor":43,"key":"Darkstone Periapt"}],"event_choices":[{"damage_healed":0,"gold_gain":0,"cards_transformed":["Strike_B"],"player_choice":"Change","damage_taken":0,"max_hp_gain":0,"max_hp_loss":0,"event_name":"Living Wall","floor":10,"gold_loss":0,"cards_obtained":["Fusion"]},{"damage_healed":0,"gold_gain":0,"player_choice":"Ignored","damage_taken":0,"max_hp_gain":0,"max_hp_loss":0,"event_name":"Tomb of Lord Red Mask","floor":36,"gold_loss":0},{"damage_healed":0,"gold_gain":0,"player_choice":"Ignored","damage_taken":0,"max_hp_gain":0,"max_hp_loss":0,"event_name":"Mysterious Sphere","floor":38,"gold_loss":0},{"damage_healed":76,"gold_gain":0,"player_choice":"Heal","damage_taken":0,"max_hp_gain":0,"max_hp_loss":0,"event_name":"MindBloom","floor":45,"gold_loss":0,"cards_obtained":["Doubt"]},{"damage_healed":0,"gold_gain":0,"player_choice":"Max HP","damage_taken":0,"max_hp_gain":0,"max_hp_loss":4,"event_name":"Winding Halls","floor":47,"gold_loss":0}],"is_beta":true,"boss_relics":[{"not_picked":["Black Star","Calling Bell"],"picked":"Astrolabe"},{"not_picked":["SlaversCollar","Velvet Choker"],"picked":"Tiny House"}],"items_purged_floors":[21,37],"is_endless":false,"potions_floor_spawned":[2,7,11,14,16,20,30,31,33,35],"killed_by":"Awakened One","ascension_level":0}