{"gold_per_floor":[113,63,63,9,33,33,33,56,56,56,76,101,101,122,122,247,247,261,261,41,59,59,99,99,120,144,144,163,163,204,217,217,343,343,361,361,100,121,121,152,152,9,9,29,49,69,112,136,136,136],"floor_reached":50,"playtime":2325,"items_purged":["Strike_B","Strike_B"],"score":609,"play_id":"151124fd-1632-4b9d-a25b-1fb9bdb104f8","local_time":"20191015141313","is_ascension_mode":false,"campfire_choices":[{"data":"Dualcast","floor":6,"key":"SMITH"},{"data":"Gash","floor":13,"key":"SMITH"},{"floor":15,"key":"REST"},{"data":"Go for the Eyes","floor":24,"key":"SMITH"},{"data":"Go for the Eyes","floor":27,"key":"SMITH"},{"data":"Zap","floor":29,"key":"SMITH"},{"floor":32,"key":"REST"},{"data":"Steam Power","floor":41,"key":"SMITH"},{"floor":49,"key":"REST"}],"neow_cost":"NONE","seed_source_timestamp":2556861967330158,"circlet_count":0,"master_deck":["Defend_B","Defend_B","Zap+1","Dualcast+1","Sweeping Beam","Gash","Steam","Gash","Gash+1","Go for the Eyes+1","All For One","FTL","Skim+1","Auto Shields+1","Go for the Eyes+1","Steam","Skim+1","Steam","Hologram","Gash+1","FTL","Good Instincts","Steam Power+1","White Noise+1","BootSequence","FTL","Turbo+1","Go for the Eyes","Steam Power","Beam Cell","Go for the Eyes+1"],"relics":["SlaversCollar","Golden Idol","Question Card","Nuclear Battery","Mercury Hourglass","MealTicket","InkBottle","Turnip","Philosopher\u0027s Stone","Anchor","War Paint"],"potions_floor_usage":[16,16,23,23,47,47,50],"damage_taken":[{"damage":0,"enemies":"Small Slimes","floor":1,"turns":2},{"damage":15,"enemies":"Jaw Worm","floor":5,"turns":5},{"damage":1,"enemies":"Cultist","floor":8,"turns":3},{"damage":20,"enemies":"Large Slime","floor":11,"turns":5},{"damage":0,"enemies":"2 Fungi Beasts","floor":12,"turns":3},{"damage":3,"enemies":"Red Slaver","floor":14,"turns":3},{"damage":8,"enemies":"Slime Boss","floor":16,"turns":7},{"damage":9,"enemies":"Shell Parasite","floor":18,"turns":6},{"damage":0,"enemies":"3 Byrds","floor":21,"turns":3},{"damage":17,"enemies":"Slavers","floor":23,"turns":6},{"damage":17,"enemies":"Centurion and Healer","floor":25,"turns":4},{"damage":1,"enemies":"Cultist and Chosen","floor":28,"turns":4},{"damage":3,"enemies":"Book of Stabbing","floor":30,"turns":4},{"damage":9,"enemies":"Sentry and Sphere","floor":31,"turns":4},{"damage":18,"enemies":"Collector","floor":33,"turns":6},{"damage":0,"enemies":"3 Darklings","floor":35,"turns":2},{"damage":0,"enemies":"3 Shapes","floor":38,"turns":3},{"damage":23,"enemies":"Reptomancer","floor":40,"turns":5},{"damage":4,"enemies":"Maw","floor":44,"turns":4},{"damage":30,"enemies":"4 Shapes","floor":45,"turns":4},{"damage":10,"enemies":"Jaw Worm Horde","floor":46,"turns":3},{"damage":19,"enemies":"Nemesis","floor":47,"turns":7},{"damage":0,"enemies":"Sphere and 2 Shapes","floor":48,"turns":4},{"damage":28,"enemies":"Time Eater","floor":50,"turns":4}],"seed_played":"-8871507078648931920","potions_obtained":[{"floor":5,"key":"Block Potion"},{"floor":12,"key":"SteroidPotion"},{"floor":14,"key":"DuplicationPotion"},{"floor":21,"key":"Dexterity Potion"},{"floor":25,"key":"Ancient Potion"},{"floor":30,"key":"Energy Potion"},{"floor":38,"key":"GamblersBrew"},{"floor":40,"key":"Swift Potion"},{"floor":44,"key":"DuplicationPotion"},{"floor":46,"key":"Swift Potion"}],"is_trial":false,"path_per_floor":["M","?","?","$","M","R","?","M","T","?","M","M","R","M","R","B",null,"M","T","$","M","?","E","R","M","T","R","M","R","E","M","R","B",null,"M","?","$","M","?","E","R","$","T","M","M","M","E","M","R","B"],"character_chosen":"DEFECT","items_purchased":["Gash","FTL","Skim","FTL","Good Instincts","BootSequence","FTL"],"campfire_rested":3,"item_purchase_floors":[4,20,20,37,37,42,42],"current_hp_per_floor":[75,75,57,57,42,42,35,34,34,34,14,14,14,11,33,25,75,66,66,66,66,66,49,49,32,32,32,31,31,28,19,41,23,75,75,75,75,75,75,52,52,67,67,63,33,23,4,4,26,0],"gold":136,"neow_bonus":"BOSS_RELIC","is_prod":false,"is_daily":false,"chose_seed":false,"campfire_upgraded":6,"win_rate":0,"timestamp":1571145193,"path_taken":["M","?","?","?","M","R","?","M","T","?","M","M","R","M","R","BOSS","M","?","$","M","?","E","R","M","T","R","M","R","E","M","R","BOSS","M","?","$","M","?","E","R","$","T","M","?","M","E","M","R","BOSS"],"build_version":"2019-09-09v2","purchased_purges":2,"victory":false,"max_hp_per_floor":[75,75,75,75,75,75,75,75,75,75,75,75,75,75,75,75,75,75,75,75,75,75,75,75,75,75,75,75,75,75,75,75,75,75,75,75,75,75,75,75,75,75,75,75,75,75,75,75,75,75],"card_choices":[{"not_picked":["Rebound","Barrage"],"picked":"Sweeping Beam","floor":1},{"not_picked":["Force Field","FTL"],"picked":"Steam","floor":5},{"not_picked":["Heatsinks","Redo"],"picked":"Gash","floor":8},{"not_picked":["Compile Driver","Streamline","Sweeping Beam"],"picked":"Gash","floor":11},{"not_picked":["Force Field","Consume","Amplify","Rebound"],"picked":"SKIP","floor":12},{"not_picked":["Coolheaded","Leap","Storm"],"picked":"Go for the Eyes","floor":14},{"not_picked":["Amplify","Echo Form","Machine Learning"],"picked":"All For One","floor":16},{"not_picked":["Leap","Stack","Storm","Blizzard"],"picked":"SKIP","floor":18},{"not_picked":["Barrage","Blizzard","Doom and Gloom"],"picked":"Auto Shields","floor":21},{"not_picked":["Compile Driver","Stack","Rebound"],"picked":"Go for the Eyes","floor":23},{"not_picked":["Turbo","Multi-Cast","Skim"],"picked":"Steam","floor":25},{"not_picked":["Storm","Streamline","Consume+1"],"picked":"Skim+1","floor":28},{"not_picked":["Conserve Battery","Leap","Storm"],"picked":"Steam","floor":30},{"not_picked":["Loop","Self Repair","Conserve Battery"],"picked":"Hologram","floor":31},{"not_picked":["Thunder Strike","Rainbow","Amplify"],"picked":"Machine Learning","floor":33},{"not_picked":["Go for the Eyes","Steam+1","Streamline"],"picked":"Gash+1","floor":35},{"not_picked":["Redo+1","Coolheaded","Biased Cognition"],"picked":"Steam Power","floor":38},{"not_picked":["Go for the Eyes","Conserve Battery","Loop+1"],"picked":"White Noise+1","floor":40},{"not_picked":["Consume+1","Rip and Tear+1","Coolheaded"],"picked":"Turbo+1","floor":44},{"not_picked":["Ball Lightning+1","Double Energy","Barrage"],"picked":"Go for the Eyes","floor":45},{"not_picked":["Ball Lightning+1","Sweeping Beam+1","Auto Shields+1"],"picked":"Steam Power","floor":46},{"not_picked":["Cold Snap+1","Leap+1","Doom and Gloom"],"picked":"Beam Cell","floor":47},{"not_picked":["Defragment","Static Discharge+1","Doom and Gloom+1"],"picked":"Go for the Eyes+1","floor":48}],"player_experience":208930,"relics_obtained":[{"floor":9,"key":"Question Card"},{"floor":19,"key":"Mercury Hourglass"},{"floor":23,"key":"MealTicket"},{"floor":26,"key":"InkBottle"},{"floor":30,"key":"Turnip"},{"floor":40,"key":"Anchor"},{"floor":47,"key":"War Paint"}],"event_choices":[{"cards_removed":["Strike_B"],"damage_healed":0,"gold_gain":0,"player_choice":"Card Removal","damage_taken":0,"max_hp_gain":0,"max_hp_loss":0,"event_name":"The Cleric","floor":2,"gold_loss":50},{"damage_healed":0,"gold_gain":0,"player_choice":"Take Damage","damage_taken":18,"relics_obtained":["Golden Idol"],"max_hp_gain":0,"max_hp_loss":0,"event_name":"Golden Idol","floor":3,"gold_loss":0},{"cards_removed":["Strike_B"],"damage_healed":0,"gold_gain":0,"player_choice":"Card Removal","damage_taken":7,"max_hp_gain":0,"max_hp_loss":0,"event_name":"Golden Wing","floor":7,"gold_loss":0},{"cards_removed":["Defend_B"],"damage_healed":0,"gold_gain":0,"player_choice":"Purged","damage_taken":0,"max_hp_gain":0,"max_hp_loss":0,"event_name":"Purifier","floor":10,"gold_loss":0},{"cards_removed":["Defend_B"],"damage_healed":0,"gold_gain":0,"player_choice":"Elegance","damage_taken":0,"max_hp_gain":0,"max_hp_loss":0,"event_name":"Back to Basics","floor":22,"gold_loss":0},{"cards_removed":["Machine Learning"],"damage_healed":0,"gold_gain":0,"player_choice":"Removed Power","damage_taken":0,"max_hp_gain":0,"max_hp_loss":0,"event_name":"Falling","floor":36,"gold_loss":0},{"damage_healed":0,"gold_gain":0,"player_choice":"Ignored","damage_taken":0,"max_hp_gain":0,"max_hp_loss":0,"event_name":"SecretPortal","floor":39,"gold_loss":0}],"is_beta":true,"boss_relics":[{"not_picked":["Pandora\u0027s Box","Runic Dome"],"picked":"Nuclear Battery"},{"not_picked":["Black Star","Cursed Key"],"picked":"Philosopher\u0027s Stone"}],"items_purged_floors":[20,37],"is_endless":false,"potions_floor_spawned":[5,12,14,21,25,30,38,40,44,46],"killed_by":"Time Eater","ascension_level":0}