{"gold_per_floor":[114,129,129,142,142,142,156,121,121,152,152,179,192,227,227,227],"floor_reached":16,"playtime":498,"items_purged":[],"score":240,"play_id":"ec507c78-3b91-473a-9224-dc42d8017fa1","local_time":"20191018122445","is_ascension_mode":true,"campfire_choices":[{"data":"Clothesline","floor":6.0,"key":"SMITH"},{"data":"Bash","floor":11.0,"key":"SMITH"},{"data":"Metallicize","floor":15.0,"key":"SMITH"}],"neow_cost":"NONE","seed_source_timestamp":316254449322300,"circlet_count":0,"master_deck":["AscendersBane","Strike_R","Strike_R","Strike_R+1","Strike_R","Defend_R","Defend_R+1","Defend_R","Defend_R","Bash+1","Ghostly Armor","Anger","Clothesline+1","Battle Trance","Power Through","Second Wind","Metallicize+1"],"special_seed":0,"relics":["Burning Blood","Eternal Feather","Molten Egg 2","Paper Frog","Potion Belt"],"potions_floor_usage":[],"damage_taken":[{"damage":5.0,"enemies":"Small Slimes","floor":1.0,"turns":3.0},{"damage":5.0,"enemies":"2 Louse","floor":2.0,"turns":4.0},{"damage":12.0,"enemies":"Jaw Worm","floor":4.0,"turns":3.0},{"damage":14.0,"enemies":"Red Slaver","floor":7.0,"turns":5.0},{"damage":17.0,"enemies":"Lagavulin","floor":10.0,"turns":6.0},{"damage":27.0,"enemies":"3 Sentries","floor":12.0,"turns":10.0},{"damage":8.0,"enemies":"3 Louse","floor":13.0,"turns":4.0},{"damage":5.0,"enemies":"Lagavulin","floor":14.0,"turns":5.0},{"damage":37,"enemies":"The Guardian","floor":16,"turns":14}],"seed_played":"-4234297509190690537","potions_obtained":[{"floor":1.0,"key":"Weak Potion"},{"floor":7.0,"key":"Weak Potion"},{"floor":14.0,"key":"Explosive Potion"}],"is_trial":false,"path_per_floor":["M","M","?","M","?","R","M","?","T","E","R","E","M","E","R","B"],"character_chosen":"IRONCLAD","items_purchased":[],"campfire_rested":0,"item_purchase_floors":[],"current_hp_per_floor":[76,77,52,46,39,39,31,51,51,40,49,28,26,27,36,0],"gold":227,"neow_bonus":"TEN_PERCENT_HP_BONUS","is_prod":false,"is_daily":false,"chose_seed":false,"campfire_upgraded":3,"win_rate":0,"timestamp":1571426685,"path_taken":["M","M","?","M","?","R","M","?","T","E","R","E","M","E","R","BOSS"],"build_version":"2019-10-17","purchased_purges":0,"victory":false,"max_hp_per_floor":[82,82,82,82,82,82,82,82,82,82,82,82,82,82,82,82],"card_choices":[{"not_picked":["Flex","Iron Wave"],"picked":"Ghostly Armor","floor":1.0},{"not_picked":["Headbutt","Warcry"],"picked":"Anger","floor":2.0},{"not_picked":["Sword Boomerang","Clash"],"picked":"Clothesline","floor":4.0},{"not_picked":["Rupture","Intimidate"],"picked":"Battle Trance","floor":7.0},{"not_picked":["Havoc","Sword Boomerang"],"picked":"Power Through","floor":10.0},{"not_picked":["Entrench","Clothesline+1"],"picked":"Second Wind","floor":12.0},{"not_picked":["Heavy Blade+1","Rage","Wild Strike+1"],"picked":"SKIP","floor":13.0},{"not_picked":["Body Slam+1","Exhume"],"picked":"Metallicize","floor":14.0}],"player_experience":1631409,"relics_obtained":[{"floor":9.0,"key":"Eternal Feather"},{"floor":10.0,"key":"Molten Egg 2"},{"floor":12.0,"key":"Paper Frog"},{"floor":14.0,"key":"Potion Belt"}],"event_choices":[{"damage_healed":0.0,"max_hp_gain":0.0,"max_hp_loss":0.0,"gold_gain":0.0,"event_name":"Shining Light","player_choice":"Entered Light","floor":3.0,"gold_loss":0.0,"damage_taken":25.0,"cards_upgraded":["Defend_R","Strike_R"]},{"cards_removed":["Strike_R"],"damage_healed":0.0,"max_hp_gain":0.0,"max_hp_loss":0.0,"gold_gain":0.0,"event_name":"Golden Wing","player_choice":"Card Removal","floor":5.0,"gold_loss":0.0,"damage_taken":7.0},{"damage_healed":20.0,"max_hp_gain":0.0,"max_hp_loss":0.0,"gold_gain":0.0,"event_name":"The Cleric","player_choice":"Healed","floor":8.0,"gold_loss":35.0,"damage_taken":0.0}],"is_beta":true,"boss_relics":[],"items_purged_floors":[],"is_endless":false,"potions_floor_spawned":[1,7,14],"killed_by":"The Guardian","ascension_level":20}