{"gold_per_floor":[109,109,29,29,29,40,59,79,79,95,78,78,78,106,106,205,205,220,160,75,89,14,14,43,55,67,93,105,130,142,165,177,288,300,322,334,357,7,27,55,71,71,71,87,103,3,35,55,55,55,55,55,4,30,30],"floor_reached":56,"playtime":5140,"items_purged":["Parasite","Parasite"],"score":1858,"play_id":"5bf5f7ba-3abb-42d4-9814-208e7226fc2e","local_time":"20190728125420","is_ascension_mode":true,"campfire_choices":[{"data":"Footwork","floor":12.0,"key":"SMITH"},{"data":"Backflip","floor":15.0,"key":"SMITH"},{"data":"Leg Sweep","floor":23.0,"key":"SMITH"},{"data":"Dodge and Roll","floor":28.0,"key":"SMITH"},{"data":"Bouncing Flask","floor":32.0,"key":"SMITH"},{"floor":49,"key":"RECALL"},{"data":"Defend_G","floor":52,"key":"SMITH"}],"neow_cost":"NONE","seed_source_timestamp":1187003563239341,"circlet_count":0,"master_deck":["AscendersBane","Strike_G","Strike_G","Strike_G","Strike_G","Defend_G+1","Defend_G+1","Defend_G","Defend_G+1","Defend_G","Survivor","Neutralize+1","Dodge and Roll+1","Noxious Fumes+1","Backflip+1","Acrobatics","Footwork+1","Adrenaline","Footwork+1","PiercingWail+1","Leg Sweep+1","Leg Sweep+1","Bouncing Flask+1","Corpse Explosion","Parasite","Backflip+1","Escape Plan+1","Malaise+1","PiercingWail+1","Footwork+1","Adrenaline+1","Noxious Fumes+1"],"special_seed":0,"relics":["Coffee Dripper","Frozen Egg 2","Darkstone Periapt","Eternal Feather","War Paint","MawBank","Ancient Tea Set","Calling Bell","Art of War","Toxic Egg 2","Pocketwatch","Spirit Poop","Mango","Paper Crane","Mercury Hourglass","Happy Flower"],"potions_floor_usage":[50,50,54,55],"damage_taken":[{"damage":1.0,"enemies":"2 Louse","floor":1.0,"turns":4.0},{"damage":0.0,"enemies":"Small Slimes","floor":6.0,"turns":4.0},{"damage":0.0,"enemies":"Cultist","floor":7.0,"turns":4.0},{"damage":6.0,"enemies":"3 Louse","floor":8.0,"turns":4.0},{"damage":3.0,"enemies":"Exordium Wildlife","floor":10.0,"turns":5.0},{"damage":7.0,"enemies":"Exordium Thugs","floor":11.0,"turns":6.0},{"damage":0.0,"enemies":"Lagavulin","floor":14.0,"turns":9.0},{"damage":2.0,"enemies":"Slime Boss","floor":16.0,"turns":17.0},{"damage":9.0,"enemies":"Chosen","floor":18.0,"turns":8.0},{"damage":8.0,"enemies":"2 Thieves","floor":19.0,"turns":4.0},{"damage":0.0,"enemies":"Snecko","floor":21.0,"turns":8.0},{"damage":7.0,"enemies":"Book of Stabbing","floor":24.0,"turns":11.0},{"damage":25.0,"enemies":"Chosen and Byrds","floor":27.0,"turns":9.0},{"damage":0.0,"enemies":"Centurion and Healer","floor":29.0,"turns":12.0},{"damage":0.0,"enemies":"3 Cultists","floor":31.0,"turns":8.0},{"damage":5.0,"enemies":"Automaton","floor":33.0,"turns":20.0},{"damage":0.0,"enemies":"3 Darklings","floor":35.0,"turns":6.0},{"damage":13.0,"enemies":"3 Shapes","floor":37.0,"turns":5.0},{"damage":1.0,"enemies":"Sphere and 2 Shapes","floor":39.0,"turns":6.0},{"damage":35.0,"enemies":"Reptomancer","floor":40.0,"turns":15.0},{"damage":0.0,"enemies":"Writhing Mass","floor":41.0,"turns":10.0},{"damage":12.0,"enemies":"Maw","floor":44.0,"turns":10.0},{"damage":7.0,"enemies":"Spire Growth","floor":45.0,"turns":9.0},{"damage":6.0,"enemies":"Giant Head","floor":47.0,"turns":14.0},{"damage":23,"enemies":"Transient","floor":48,"turns":5},{"damage":0,"enemies":"Time Eater","floor":50,"turns":23},{"damage":10,"enemies":"Shield and Spear","floor":54,"turns":8},{"damage":90,"enemies":"The Heart","floor":55,"turns":17}],"seed_played":"3693741210238151640","potions_obtained":[{"floor":7.0,"key":"FearPotion"},{"floor":11.0,"key":"Strength Potion"},{"floor":14.0,"key":"GamblersBrew"},{"floor":27.0,"key":"Fire Potion"},{"floor":29.0,"key":"Weak Potion"},{"floor":31.0,"key":"Swift Potion"},{"floor":39.0,"key":"Strength Potion"},{"floor":40.0,"key":"Poison Potion"},{"floor":47.0,"key":"Strength Potion"},{"floor":48,"key":"LiquidBronze"},{"floor":54,"key":"Fire Potion"}],"is_trial":false,"path_per_floor":["M","?","$","?","?","M","M","M","T","M","M","R","?","E","R","B",null,"M","M","?","M","$","R","E","?","T","M","R","M","$","M","R","B",null,"M","?","M","$","M","E","M","$","T","M","M","$","E","M","R","B",null,"R","$","E","B",null],"character_chosen":"THE_SILENT","items_purchased":["Noxious Fumes","Leg Sweep","Mango","Poison Potion"],"campfire_rested":0,"item_purchase_floors":[3,22,38,53],"current_hp_per_floor":[62,55,55,55,55,55,55,49,49,46,39,39,44,44,44,42,67,58,50,50,50,50,62,55,41,41,16,28,28,28,28,40,35,87,87,87,74,88,87,52,58,58,58,46,39,39,33,10,28,28,91,109,109,99,9],"gold":30,"neow_bonus":"BOSS_RELIC","is_prod":false,"is_daily":false,"chose_seed":false,"campfire_upgraded":6,"win_rate":0,"timestamp":1564343660,"path_taken":["M","?","$","?","?","M","M","M","T","M","?","R","?","E","R","BOSS","M","M","?","M","$","R","E","?","T","M","R","M","?","?","R","BOSS","M","?","M","$","?","E","M","$","T","M","M","$","E","M","R","BOSS","R","$","E","BOSS"],"build_version":"2019-07-17","purchased_purges":2,"victory":true,"max_hp_per_floor":[70,70,70,70,70,70,70,70,70,70,70,70,75,75,75,75,75,75,75,75,75,75,75,75,80,80,80,80,80,80,80,80,80,98,98,98,98,109,109,109,115,115,115,115,115,112,112,112,112,112,112,112,112,112,112],"card_choices":[{"not_picked":["Underhanded Strike","Flying Knee"],"picked":"Dodge and Roll","floor":1.0},{"not_picked":["Sucker Punch","Blur"],"picked":"Backflip","floor":6.0},{"not_picked":["Skewer","Catalyst"],"picked":"Acrobatics","floor":7.0},{"not_picked":["Slice","Blur"],"picked":"Footwork","floor":8.0},{"not_picked":["Riddle With Holes","Well Laid Plans+1","Prepared"],"picked":"SKIP","floor":10.0},{"not_picked":["Underhanded Strike","PiercingWail"],"picked":"Adrenaline","floor":11.0},{"not_picked":["Flying Knee","Skewer","PiercingWail"],"picked":"SKIP","floor":14.0},{"not_picked":["Infinite Blades+1","Dagger Spray"],"picked":"Footwork+1","floor":18.0},{"not_picked":["Blade Dance","Reflex+1"],"picked":"PiercingWail+1","floor":19.0},{"not_picked":["Cloak And Dagger","Bane","Heel Hook"],"picked":"SKIP","floor":21.0},{"not_picked":["Blade Dance+1","Dodge and Roll"],"picked":"Leg Sweep+1","floor":24.0},{"not_picked":["Slice","Terror","Flying Knee+1"],"picked":"SKIP","floor":27.0},{"not_picked":["Blade Dance","Bane","Terror"],"picked":"SKIP","floor":29.0},{"not_picked":["Cloak And Dagger","Deflect"],"picked":"Bouncing Flask","floor":31.0},{"not_picked":["Doppelganger","Die Die Die"],"picked":"Corpse Explosion","floor":33.0},{"not_picked":["Backstab","Reflex+1","Flying Knee+1"],"picked":"SKIP","floor":35.0},{"not_picked":["Quick Slash+1","Choke"],"picked":"Backflip+1","floor":37.0},{"not_picked":["Poisoned Stab","Underhanded Strike"],"picked":"Escape Plan+1","floor":39.0},{"not_picked":["Accuracy+1","Skewer+1"],"picked":"Malaise+1","floor":40.0},{"not_picked":["Tactician+1","Blade Dance+1"],"picked":"PiercingWail+1","floor":41.0},{"not_picked":["Masterful Stab","Poisoned Stab","Prepared+1"],"picked":"SKIP","floor":44.0},{"not_picked":["Poisoned Stab+1","Sucker Punch+1"],"picked":"Footwork+1","floor":45.0},{"not_picked":["Reflex+1","Sucker Punch"],"picked":"Adrenaline+1","floor":47.0},{"not_picked":["Underhanded Strike+1","Tactician+1","All Out Attack+1"],"picked":"SKIP","floor":48},{"not_picked":["Quick Slash","Poisoned Stab"],"picked":"Noxious Fumes+1","floor":54}],"player_experience":131860,"relics_obtained":[{"floor":9.0,"key":"Frozen Egg 2"},{"floor":14.0,"key":"Darkstone Periapt"},{"floor":24.0,"key":"MawBank"},{"floor":26.0,"key":"Ancient Tea Set"},{"floor":34.0,"key":"Art of War"},{"floor":34.0,"key":"Toxic Egg 2"},{"floor":34.0,"key":"Pocketwatch"},{"floor":40.0,"key":"Paper Crane"},{"floor":47.0,"key":"Mercury Hourglass"},{"floor":54,"key":"Happy Flower"}],"event_choices":[{"cards_removed":["Strike_G"],"damage_healed":0.0,"max_hp_gain":0.0,"max_hp_loss":0.0,"gold_gain":0.0,"event_name":"Golden Wing","player_choice":"Card Removal","floor":2.0,"gold_loss":0.0,"damage_taken":7.0},{"damage_healed":0.0,"max_hp_gain":0.0,"max_hp_loss":0.0,"gold_gain":0.0,"event_name":"Living Wall","player_choice":"Grow","floor":4.0,"gold_loss":0.0,"damage_taken":0.0,"cards_upgraded":["Noxious Fumes"]},{"damage_healed":0.0,"max_hp_gain":0.0,"max_hp_loss":0.0,"gold_gain":0.0,"event_name":"Accursed Blacksmith","player_choice":"Forge","floor":5.0,"gold_loss":0.0,"damage_taken":0.0,"cards_upgraded":["Neutralize"]},{"damage_healed":0.0,"max_hp_gain":5.0,"max_hp_loss":0.0,"gold_gain":0.0,"event_name":"Big Fish","player_choice":"Donut","floor":13.0,"gold_loss":0.0,"damage_taken":0.0},{"damage_healed":0.0,"max_hp_gain":0.0,"max_hp_loss":0.0,"gold_gain":0.0,"event_name":"Addict","player_choice":"Obtained Relic","floor":20.0,"gold_loss":85.0,"damage_taken":0.0,"relics_obtained":["War Paint"]},{"damage_healed":0.0,"max_hp_gain":5.0,"max_hp_loss":0.0,"gold_gain":0.0,"event_name":"Forgotten Altar","player_choice":"Shed Blood","floor":25.0,"gold_loss":0.0,"damage_taken":19.0},{"cards_removed":["Injury"],"damage_healed":0.0,"max_hp_gain":0.0,"max_hp_loss":0.0,"gold_gain":0.0,"event_name":"Bonfire Elementals","player_choice":"Offered Curse","floor":36.0,"gold_loss":0.0,"damage_taken":0.0,"relics_obtained":["Spirit Poop"]}],"is_beta":false,"boss_relics":[{"not_picked":["Fusion Hammer","Lizard Tail"],"picked":"Eternal Feather"},{"not_picked":["Snecko Eye","Cursed Key"],"picked":"Calling Bell"}],"items_purged_floors":[38,46],"is_endless":false,"potions_floor_spawned":[7,11,14,27,29,31,39,40,47,48,54],"ascension_level":11}