{"gold_per_floor":[115,40,40,40,40,40,71,71,71,89,104,104,122,132,132,235,235,251,151,151,169,188,214,224,239,239,253,264,264,264,280,280,376,376,389,90,90,100,151,151,180,193,193,193,209,236,254,254,254,254],"floor_reached":51,"playtime":2647,"items_purged":["Strike_R","Strike_R"],"score":781,"play_id":"9fe4ea7d-dbae-40fd-96c6-59050ba92ed2","local_time":"20190925215115","is_ascension_mode":false,"campfire_choices":[{"data":"Demon Form","floor":6,"key":"SMITH"},{"floor":8,"key":"REST"},{"data":"Flame Barrier","floor":15,"key":"SMITH"},{"floor":32,"key":"REST"},{"data":"Double Tap","floor":40,"key":"SMITH"},{"floor":44,"key":"REST"},{"floor":49,"key":"REST"}],"neow_cost":"NONE","seed_source_timestamp":480128178171600,"circlet_count":0,"master_deck":["Strike_R","Defend_R","Defend_R","Defend_R","Defend_R","Bash","Demon Form+1","Corruption+1","Flame Barrier+1","Shrug It Off","Uppercut","Double Tap+1","Spot Weakness","Shrug It Off+1","Flame Barrier+1"],"relics":["Burning Blood","Vajra","Singing Bowl","Busted Crown","Molten Egg 2","Ice Cream","Sozu","Dead Branch","Charon\u0027s Ashes","Art of War","Question Card","Potion Belt"],"potions_floor_usage":[23,28,33,33,33],"damage_taken":[{"damage":0,"enemies":"Small Slimes","floor":1,"turns":3},{"damage":46,"enemies":"Gremlin Nob","floor":7,"turns":5},{"damage":0,"enemies":"2 Louse","floor":10,"turns":2},{"damage":10,"enemies":"Cultist","floor":11,"turns":4},{"damage":5,"enemies":"Exordium Thugs","floor":13,"turns":7},{"damage":14,"enemies":"Large Slime","floor":14,"turns":7},{"damage":24,"enemies":"Slime Boss","floor":16,"turns":11},{"damage":16,"enemies":"Spheric Guardian","floor":18,"turns":4},{"damage":12,"enemies":"Chosen","floor":21,"turns":5},{"damage":21,"enemies":"Snake Plant","floor":22,"turns":5},{"damage":17,"enemies":"Gremlin Leader","floor":23,"turns":6},{"damage":6,"enemies":"Cultist and Chosen","floor":24,"turns":6},{"damage":29,"enemies":"Centurion and Healer","floor":25,"turns":6},{"damage":22,"enemies":"Snake Plant","floor":27,"turns":5},{"damage":13,"enemies":"3 Cultists","floor":28,"turns":5},{"damage":0,"enemies":"Centurion and Healer","floor":31,"turns":5},{"damage":41,"enemies":"Collector","floor":33,"turns":6},{"damage":6,"enemies":"Orb Walker","floor":35,"turns":4},{"damage":0,"enemies":"3 Darklings","floor":38,"turns":4},{"damage":29,"enemies":"2 Orb Walkers","floor":39,"turns":4},{"damage":53,"enemies":"Reptomancer","floor":41,"turns":4},{"damage":12,"enemies":"Writhing Mass","floor":42,"turns":5},{"damage":2,"enemies":"Sphere and 2 Shapes","floor":45,"turns":3},{"damage":51,"enemies":"Nemesis","floor":46,"turns":5},{"damage":6,"enemies":"Spire Growth","floor":47,"turns":4},{"damage":4,"enemies":"Donu and Deca","floor":50,"turns":5}],"seed_played":"-5234419776362342896","potions_obtained":[{"floor":11,"key":"EssenceOfSteel"},{"floor":14,"key":"SneckoOil"},{"floor":21,"key":"Fire Potion"},{"floor":23,"key":"Poison Potion"},{"floor":27,"key":"GamblersBrew"},{"floor":28,"key":"Fire Potion"}],"is_trial":false,"path_per_floor":["M","$","?","$","?","R","E","R","T","M","M","?","M","M","R","B",null,"M","$","?","M","M","E","M","M","T","M","M","?","?","M","R","B",null,"M","$","?","M","?","R","E","M","T","R","M","E","M","?","R","B",null],"character_chosen":"IRONCLAD","items_purchased":["Dead Branch"],"campfire_rested":4,"item_purchase_floors":[36],"current_hp_per_floor":[80,80,80,80,85,85,45,70,70,78,74,74,77,71,71,53,91,83,83,83,79,66,57,59,38,38,24,19,19,19,27,59,26,111,113,113,107,109,88,88,43,37,37,70,76,33,33,33,68,70],"gold":254,"neow_bonus":"TRANSFORM_CARD","is_prod":false,"is_daily":false,"chose_seed":false,"campfire_upgraded":3,"win_rate":0,"timestamp":1569441075,"path_taken":["M","$","?","$","?","R","E","R","T","M","M","?","?","M","R","BOSS","M","$","?","M","M","E","M","M","T","M","M","?","?","M","R","BOSS","M","$","?","M","?","R","E","M","T","R","M","E","M","?","R","BOSS"],"build_version":"2019-07-17","purchased_purges":2,"victory":true,"max_hp_per_floor":[80,80,80,80,85,85,85,85,85,87,87,87,89,91,91,91,91,93,93,93,95,97,99,101,103,103,105,107,107,107,109,109,111,111,113,113,107,109,111,111,113,113,113,113,115,117,117,117,117,117],"card_choices":[{"not_picked":["Flex","Clash"],"picked":"Corruption","floor":1},{"not_picked":["Sword Boomerang","Dual Wield"],"picked":"Flame Barrier","floor":7},{"not_picked":["Pommel Strike","Cleave","Warcry"],"picked":"Singing Bowl","floor":10},{"not_picked":["Clothesline","Searing Blow"],"picked":"Shrug It Off","floor":11},{"not_picked":["Second Wind","Flex","Anger"],"picked":"Singing Bowl","floor":13},{"not_picked":["Thunderclap","Body Slam","Heavy Blade"],"picked":"Singing Bowl","floor":14},{"not_picked":["Limit Break","Juggernaut"],"picked":"Double Tap","floor":16},{"not_picked":["Clothesline"],"picked":"Singing Bowl","floor":18},{"not_picked":["Iron Wave"],"picked":"Singing Bowl","floor":21},{"not_picked":["Heavy Blade+1"],"picked":"Singing Bowl","floor":22},{"not_picked":["Armaments+1"],"picked":"Singing Bowl","floor":23},{"not_picked":["Sentinel"],"picked":"Singing Bowl","floor":24},{"not_picked":["True Grit+1"],"picked":"Singing Bowl","floor":25},{"not_picked":["Pummel+1"],"picked":"Singing Bowl","floor":27},{"not_picked":["Havoc"],"picked":"Singing Bowl","floor":28},{"not_picked":["Dual Wield+1"],"picked":"Singing Bowl","floor":31},{"not_picked":["Double Tap"],"picked":"Singing Bowl","floor":33},{"not_picked":["Reckless Charge+1"],"picked":"Singing Bowl","floor":35},{"not_picked":["Cleave+1"],"picked":"Singing Bowl","floor":38},{"not_picked":["Clothesline+1"],"picked":"Singing Bowl","floor":39},{"not_picked":["Demon Form"],"picked":"Singing Bowl","floor":41},{"not_picked":[],"picked":"Shrug It Off+1","floor":42},{"not_picked":["Anger+1","Twin Strike+1"],"picked":"Singing Bowl","floor":45},{"not_picked":["Perfected Strike+1","Warcry+1"],"picked":"Singing Bowl","floor":46},{"not_picked":["Offering"],"picked":"Flame Barrier+1","floor":47}],"player_experience":250717,"relics_obtained":[{"floor":7,"key":"Vajra"},{"floor":9,"key":"Singing Bowl"},{"floor":23,"key":"Molten Egg 2"},{"floor":26,"key":"Ice Cream"},{"floor":39,"key":"Charon\u0027s Ashes"},{"floor":41,"key":"Art of War"},{"floor":43,"key":"Question Card"},{"floor":46,"key":"Potion Belt"}],"event_choices":[{"damage_healed":0,"gold_gain":0,"player_choice":"Ignored","damage_taken":0,"max_hp_gain":0,"max_hp_loss":0,"event_name":"Golden Idol","floor":3,"gold_loss":0},{"damage_healed":0,"gold_gain":0,"player_choice":"Donut","damage_taken":0,"max_hp_gain":5,"max_hp_loss":0,"event_name":"Big Fish","floor":5,"gold_loss":0},{"damage_healed":0,"gold_gain":0,"cards_transformed":["Strike_R"],"player_choice":"Transformed","damage_taken":0,"max_hp_gain":0,"max_hp_loss":0,"event_name":"Transmorgrifier","floor":12,"gold_loss":0,"cards_obtained":["Uppercut"]},{"damage_healed":0,"gold_gain":0,"player_choice":"Read","damage_taken":0,"max_hp_gain":0,"max_hp_loss":0,"event_name":"The Library","floor":20,"gold_loss":0,"cards_obtained":["Spot Weakness"]},{"damage_healed":0,"gold_gain":0,"player_choice":"Ignored","damage_taken":0,"max_hp_gain":0,"max_hp_loss":0,"event_name":"Cursed Tome","floor":29,"gold_loss":0},{"damage_healed":0,"gold_gain":0,"player_choice":"Ignored","damage_taken":0,"max_hp_gain":0,"max_hp_loss":0,"event_name":"Ghosts","floor":30,"gold_loss":0},{"damage_healed":0,"gold_gain":0,"player_choice":"Max HP","damage_taken":0,"max_hp_gain":0,"max_hp_loss":6,"event_name":"Winding Halls","floor":37,"gold_loss":0},{"damage_healed":0,"gold_gain":0,"player_choice":"Fight","damage_taken":0,"max_hp_gain":0,"max_hp_loss":0,"event_name":"Mysterious Sphere","floor":39,"gold_loss":0},{"damage_healed":0,"gold_gain":0,"player_choice":"Upgraded","damage_taken":0,"max_hp_gain":0,"max_hp_loss":0,"event_name":"Upgrade Shrine","floor":48,"gold_loss":0,"cards_upgraded":["Corruption"]}],"is_beta":false,"boss_relics":[{"not_picked":["Orrery","Eternal Feather"],"picked":"Busted Crown"},{"not_picked":["Runic Pyramid","Fusion Hammer"],"picked":"Sozu"}],"items_purged_floors":[2,19],"is_endless":false,"potions_floor_spawned":[11,14,21,23,27,28,39,42,47],"ascension_level":0}