{"gold_per_floor":[212,229,239,239,254,281,281,307,358,375,375,8,22,22,22,94,94,110,35,35,45,45,45,79,79,79,96,96],"floor_reached":28,"playtime":1328,"items_purged":["Shame"],"score":447,"play_id":"4a800d48-9821-452f-96cd-dec90cfe73f2","local_time":"20190913204045","is_ascension_mode":true,"campfire_choices":[{"floor":7,"key":"REST"},{"floor":15,"key":"REST"},{"floor":23,"key":"REST"},{"floor":25,"key":"REST"}],"neow_cost":"NONE","seed_source_timestamp":468905739864820,"circlet_count":0,"master_deck":["AscendersBane","Strike_R","Strike_R","Strike_R","Strike_R","Defend_R","Defend_R","Defend_R","Defend_R","Bash","Shrug It Off+1","Pommel Strike","Bludgeon+1","Whirlwind","Blood for Blood+1","Doubt","Shame","Shame","Armaments+1","True Grit"],"relics":["Burning Blood","Oddly Smooth Stone","Darkstone Periapt","Red Skull","Girya","Calling Bell","Bronze Scales","Question Card","Ginger","Omamori","Mummified Hand","Torii","Gambling Chip"],"potions_floor_usage":[3,6,13,16,16],"damage_taken":[{"damage":3,"enemies":"Jaw Worm","floor":1,"turns":5},{"damage":1,"enemies":"Cultist","floor":2,"turns":3},{"damage":0,"enemies":"2 Louse","floor":3,"turns":4},{"damage":23,"enemies":"Lots of Slimes","floor":5,"turns":7},{"damage":35,"enemies":"3 Sentries","floor":6,"turns":12},{"damage":41,"enemies":"Lagavulin","floor":8,"turns":8},{"damage":6,"enemies":"3 Louse","floor":10,"turns":4},{"damage":0,"enemies":"Exordium Wildlife","floor":13,"turns":5},{"damage":30,"enemies":"Slime Boss","floor":16,"turns":8},{"damage":36,"enemies":"Chosen","floor":18,"turns":6},{"damage":43,"enemies":"Shell Parasite","floor":21,"turns":5},{"damage":33,"enemies":"Gremlin Leader","floor":24,"turns":5},{"damage":34,"enemies":"Centurion and Healer","floor":27,"turns":8},{"damage":27,"enemies":"Book of Stabbing","floor":28,"turns":4}],"seed_played":"1547148440743021205","potions_obtained":[{"floor":2,"key":"EssenceOfSteel"},{"floor":3,"key":"Energy Potion"},{"floor":10,"key":"Energy Potion"},{"floor":13,"key":"SkillPotion"},{"floor":24,"key":"FearPotion"}],"is_trial":false,"path_per_floor":["M","M","M","?","M","E","R","E","T","M","?","$","M","?","R","B",null,"M","$","?","M","?","R","E","R","T","M","E"],"character_chosen":"IRONCLAD","items_purchased":["Girya","Regen Potion"],"campfire_rested":4,"item_purchase_floors":[12,12],"current_hp_per_floor":[71,75,75,75,58,29,51,16,16,16,16,16,36,21,43,19,79,49,49,55,18,18,47,20,49,49,21,0],"gold":96,"neow_bonus":"HUNDRED_GOLD","is_prod":false,"is_daily":false,"chose_seed":false,"campfire_upgraded":0,"win_rate":0,"timestamp":1568432445,"path_taken":["M","M","M","?","?","E","R","E","T","M","?","$","?","?","R","BOSS","M","$","?","M","?","R","E","R","T","M","E"],"build_version":"2019-07-17","purchased_purges":1,"victory":false,"max_hp_per_floor":[75,75,75,75,75,75,75,75,75,75,75,75,75,75,75,75,93,93,93,99,99,99,99,99,99,99,99,99],"card_choices":[{"not_picked":["Havoc","Sword Boomerang","Anger"],"picked":"SKIP","floor":1},{"not_picked":["Thunderclap","Pommel Strike"],"picked":"Shrug It Off","floor":2},{"not_picked":["Berserk","Warcry"],"picked":"Pommel Strike","floor":3},{"not_picked":["Fire Breathing","Twin Strike","Pommel Strike"],"picked":"SKIP","floor":5},{"not_picked":["Feel No Pain","Dual Wield","Blood for Blood"],"picked":"SKIP","floor":6},{"not_picked":["Havoc","Hemokinesis"],"picked":"Bludgeon","floor":8},{"not_picked":["Infernal Blade","Armaments"],"picked":"Whirlwind","floor":10},{"not_picked":["Wild Strike","Havoc","Thunderclap"],"picked":"SKIP","floor":13},{"not_picked":["Fire Breathing","Flex","Power Through+1"],"picked":"Warcry+1","floor":18},{"not_picked":["Sword Boomerang","Warcry","Power Through","Dropkick"],"picked":"SKIP","floor":21},{"not_picked":["Barricade","Feel No Pain","Sentinel"],"picked":"Armaments+1","floor":24},{"not_picked":["Twin Strike","Shrug It Off","Armaments"],"picked":"True Grit","floor":27}],"player_experience":310123,"relics_obtained":[{"floor":6,"key":"Oddly Smooth Stone"},{"floor":8,"key":"Darkstone Periapt"},{"floor":9,"key":"Red Skull"},{"floor":17,"key":"Bronze Scales"},{"floor":17,"key":"Question Card"},{"floor":17,"key":"Ginger"},{"floor":24,"key":"Torii"},{"floor":26,"key":"Gambling Chip"}],"event_choices":[{"damage_healed":0,"gold_gain":0,"player_choice":"Forge","damage_taken":0,"max_hp_gain":0,"max_hp_loss":0,"event_name":"Accursed Blacksmith","floor":4,"gold_loss":0,"cards_upgraded":["Shrug It Off"]},{"damage_healed":0,"gold_gain":0,"cards_transformed":["Strike_R"],"player_choice":"Transformed","damage_taken":0,"max_hp_gain":0,"max_hp_loss":0,"event_name":"Transmorgrifier","floor":11,"gold_loss":0,"cards_obtained":["Blood for Blood"]},{"damage_healed":0,"gold_gain":0,"player_choice":"Entered Light","damage_taken":15,"max_hp_gain":0,"max_hp_loss":0,"event_name":"Shining Light","floor":14,"gold_loss":0,"cards_upgraded":["Blood for Blood","Bludgeon"]},{"damage_healed":0,"gold_gain":0,"player_choice":"Stole Relic","damage_taken":0,"relics_obtained":["Omamori"],"max_hp_gain":0,"max_hp_loss":0,"event_name":"Addict","floor":20,"gold_loss":0,"cards_obtained":["Shame"]},{"cards_removed":["Warcry"],"damage_healed":0,"gold_gain":0,"player_choice":"Gave Card","damage_taken":0,"relics_obtained":["Mummified Hand"],"max_hp_gain":0,"max_hp_loss":0,"event_name":"WeMeetAgain","floor":22,"gold_loss":0}],"is_beta":false,"boss_relics":[{"not_picked":["Fusion Hammer","Black Blood"],"picked":"Calling Bell"}],"items_purged_floors":[19],"is_endless":false,"potions_floor_spawned":[2,3,10,13,24],"killed_by":"Book of Stabbing","ascension_level":14}