{"gold_per_floor":[115,134,309,309,9,74,74,105,105,105,134,134,134,147,147,244,244,261,241,28,43,4,29,48,78,101,115,115,77,107,307,307,406,406,418,433,452,29,29,61,61,93,119,134,134,13,13,13,13,13],"floor_reached":51,"playtime":3564,"items_purged":["Regret","Doubt"],"score":1188,"play_id":"ecec0db7-d028-4f5f-a147-f426dc4b4dfb","local_time":"20191015003020","is_ascension_mode":true,"campfire_choices":[{"data":"Streamline","floor":7,"key":"SMITH"},{"floor":10,"key":"REST"},{"floor":13,"key":"REST"},{"data":"Dualcast","floor":15,"key":"SMITH"},{"floor":28,"key":"REST"},{"data":"Coolheaded","floor":32,"key":"SMITH"},{"data":"Fission","floor":41,"key":"SMITH"},{"data":"Fusion","floor":49,"key":"SMITH"}],"neow_cost":"NONE","seed_source_timestamp":342672500041400,"circlet_count":0,"master_deck":["Strike_B","Strike_B","Strike_B","Defend_B+1","Defend_B","Defend_B","Defend_B","Zap+1","Dualcast+1","Doom and Gloom","Coolheaded+1","Glacier","Streamline+1","Leap+1","Buffer+1","FTL","Heatsinks+1","Capacitor+1","Storm+1","Undo+1","Conserve Battery+1","Loop+1","Compile Driver","Hello World+1","Fission+1","Loop+1","Defragment+1","Defragment+1","Capacitor+1","Double Energy+1","Heatsinks+1","Fusion+1","Apotheosis"],"relics":["Cracked Core","Gremlin Horn","Lantern","Tiny Chest","Bird Faced Urn","Juzu Bracelet","Frozen Egg 2","Mummified Hand","Black Star","PreservedInsect","Blue Candle","DataDisk","Dream Catcher","Dead Branch","Pen Nib","Pantograph","Shuriken","Nuclear Battery","Bottled Lightning","Ancient Tea Set","Orichalcum","Smiling Mask","War Paint","Bag of Preparation","Potion Belt","Meat on the Bone"],"potions_floor_usage":[11,23,25,30,50,50],"damage_taken":[{"damage":1,"enemies":"Cultist","floor":1,"turns":3},{"damage":0,"enemies":"Small Slimes","floor":2,"turns":2},{"damage":16,"enemies":"3 Sentries","floor":6,"turns":9},{"damage":25,"enemies":"Gremlin Nob","floor":8,"turns":4},{"damage":14,"enemies":"3 Sentries","floor":11,"turns":6},{"damage":2,"enemies":"2 Louse","floor":14,"turns":2},{"damage":36,"enemies":"Hexaghost","floor":16,"turns":12},{"damage":2,"enemies":"Chosen","floor":18,"turns":5},{"damage":12,"enemies":"Spheric Guardian","floor":21,"turns":5},{"damage":31,"enemies":"Slavers","floor":23,"turns":5},{"damage":0,"enemies":"Snecko","floor":24,"turns":5},{"damage":14,"enemies":"Book of Stabbing","floor":25,"turns":5},{"damage":8,"enemies":"3 Cultists","floor":27,"turns":6},{"damage":18,"enemies":"Slavers","floor":30,"turns":2},{"damage":23,"enemies":"Champ","floor":33,"turns":11},{"damage":0,"enemies":"Orb Walker","floor":35,"turns":4},{"damage":6,"enemies":"3 Darklings","floor":36,"turns":5},{"damage":2,"enemies":"Spire Growth","floor":37,"turns":5},{"damage":2,"enemies":"Nemesis","floor":40,"turns":5},{"damage":0,"enemies":"Reptomancer","floor":42,"turns":2},{"damage":0,"enemies":"Maw","floor":44,"turns":5},{"damage":32,"enemies":"Time Eater","floor":50,"turns":7}],"seed_played":"-4757435145591270506","potions_obtained":[{"floor":6,"key":"Fire Potion"},{"floor":14,"key":"FearPotion"},{"floor":16,"key":"SpeedPotion"},{"floor":19,"key":"Ancient Potion"},{"floor":24,"key":"Block Potion"},{"floor":27,"key":"AttackPotion"},{"floor":33,"key":"LiquidBronze"},{"floor":36,"key":"SkillPotion"},{"floor":40,"key":"Regen Potion"}],"is_trial":false,"path_per_floor":["M","M","?","?","$","E","R","E","T","R","E","T","R","M","R","B",null,"M","?","$","M","$","E","M","E","T","M","R","$","E","?","R","B",null,"M","M","M","$","?","E","R","E","T","M","T","$","?","?","R","B",null],"character_chosen":"DEFECT","items_purchased":["Lantern","Glacier","PreservedInsect","Heatsinks+1","Storm+1","Hello World+1","Defragment+1","Bottled Lightning","Heatsinks+1","Fusion"],"campfire_rested":3,"item_purchase_floors":[5,5,20,20,22,29,38,38,46,46],"current_hp_per_floor":[67,67,67,67,67,51,51,26,26,48,34,34,56,54,54,18,61,59,59,59,51,51,26,32,26,26,24,46,46,36,36,36,52,69,75,75,75,75,75,75,75,75,75,75,75,75,75,75,75,61],"gold":13,"neow_bonus":"UPGRADE_CARD","is_prod":false,"is_daily":false,"chose_seed":false,"campfire_upgraded":5,"win_rate":0,"timestamp":1571092220,"path_taken":["M","M","?","?","$","E","R","E","T","R","E","?","R","M","R","BOSS","M","?","?","M","$","E","M","E","T","M","R","$","E","?","R","BOSS","M","M","M","$","?","E","R","E","T","M","?","$","?","?","R","BOSS"],"build_version":"2019-07-17","purchased_purges":2,"victory":true,"max_hp_per_floor":[75,75,75,75,75,75,75,75,75,75,75,75,75,75,75,75,75,75,75,75,75,75,75,75,75,75,75,75,75,75,75,75,75,75,75,75,75,75,75,75,75,75,75,75,75,75,75,75,75,75],"card_choices":[{"not_picked":["Steam","Lockon"],"picked":"Doom and Gloom","floor":1},{"not_picked":["Hologram","Steam"],"picked":"Coolheaded","floor":2},{"not_picked":["Hologram","Go for the Eyes"],"picked":"Streamline","floor":6},{"not_picked":["Thunder Strike","Redo"],"picked":"Conserve Battery","floor":8},{"not_picked":["Tempest","Turbo","Reinforced Body"],"picked":"SKIP","floor":11},{"not_picked":["Hologram","Auto Shields"],"picked":"Leap","floor":14},{"not_picked":["Fission","Amplify"],"picked":"Buffer+1","floor":16},{"not_picked":["Scrape","Leap"],"picked":"FTL","floor":18},{"not_picked":["Reinforced Body","Self Repair+1"],"picked":"Capacitor+1","floor":21},{"not_picked":["Conserve Battery","Turbo"],"picked":"Undo+1","floor":23},{"not_picked":["Tempest+1","Gash","Coolheaded"],"picked":"SKIP","floor":24},{"not_picked":["Meteor Strike","Darkness"],"picked":"Conserve Battery+1","floor":25},{"not_picked":["Steam Power","Streamline+1"],"picked":"Loop+1","floor":27},{"not_picked":["Cold Snap","Gash"],"picked":"Compile Driver","floor":28},{"not_picked":["Darkness","Redo","Undo"],"picked":"SKIP","floor":30},{"not_picked":["Hyperbeam","Reboot"],"picked":"Fission","floor":33},{"not_picked":["Conserve Battery","Steam Power+1","Turbo"],"picked":"SKIP","floor":35},{"not_picked":["Doom and Gloom","Redo"],"picked":"Loop+1","floor":36},{"not_picked":["Compile Driver","Fusion","Barrage+1"],"picked":"SKIP","floor":37},{"not_picked":["Rebound+1","Darkness"],"picked":"Defragment+1","floor":40},{"not_picked":["Static Discharge+1","Melter+1"],"picked":"Capacitor+1","floor":42},{"not_picked":["Conserve Battery","Redo+1"],"picked":"Double Energy+1","floor":44},{"not_picked":["Violence","Swift Strike"],"picked":"Apotheosis","floor":47}],"player_experience":356795,"relics_obtained":[{"floor":6,"key":"Tiny Chest"},{"floor":8,"key":"Bird Faced Urn"},{"floor":9,"key":"Juzu Bracelet"},{"floor":11,"key":"Frozen Egg 2"},{"floor":12,"key":"Mummified Hand"},{"floor":23,"key":"Blue Candle"},{"floor":23,"key":"DataDisk"},{"floor":25,"key":"Dream Catcher"},{"floor":25,"key":"Dead Branch"},{"floor":26,"key":"Pen Nib"},{"floor":30,"key":"Pantograph"},{"floor":30,"key":"Shuriken"},{"floor":40,"key":"Orichalcum"},{"floor":40,"key":"Smiling Mask"},{"floor":42,"key":"War Paint"},{"floor":42,"key":"Bag of Preparation"},{"floor":43,"key":"Potion Belt"},{"floor":45,"key":"Meat on the Bone"}],"event_choices":[{"damage_healed":0,"gold_gain":175,"player_choice":"AGREE","damage_taken":0,"max_hp_gain":0,"max_hp_loss":0,"event_name":"Liars Game","floor":3,"gold_loss":0,"cards_obtained":["Doubt"]},{"damage_healed":0,"gold_gain":0,"player_choice":"Box","damage_taken":0,"relics_obtained":["Gremlin Horn"],"max_hp_gain":0,"max_hp_loss":0,"event_name":"Big Fish","floor":4,"gold_loss":0,"cards_obtained":["Regret"]},{"damage_healed":0,"gold_gain":0,"player_choice":"Bought 1 Potion","damage_taken":0,"max_hp_gain":0,"max_hp_loss":0,"event_name":"The Woman in Blue","floor":19,"gold_loss":0},{"damage_healed":0,"gold_gain":250,"player_choice":"Bet on Owner","damage_taken":0,"max_hp_gain":0,"max_hp_loss":0,"event_name":"The Joust","floor":31,"gold_loss":50},{"cards_removed":["Conserve Battery"],"damage_healed":0,"gold_gain":0,"player_choice":"Gave Card","damage_taken":0,"relics_obtained":["Ancient Tea Set"],"max_hp_gain":0,"max_hp_loss":0,"event_name":"WeMeetAgain","floor":39,"gold_loss":0},{"damage_healed":0,"gold_gain":0,"player_choice":"Memory 1","damage_taken":0,"max_hp_gain":0,"max_hp_loss":0,"event_name":"SensoryStone","floor":47,"gold_loss":0},{"cards_removed":["Strike_B"],"damage_healed":0,"gold_gain":0,"player_choice":"Purged","damage_taken":0,"max_hp_gain":0,"max_hp_loss":0,"event_name":"Purifier","floor":48,"gold_loss":0}],"is_beta":false,"boss_relics":[{"not_picked":["Orrery","White Beast Statue"],"picked":"Black Star"},{"not_picked":["Philosopher\u0027s Stone","Runic Dome"],"picked":"Nuclear Battery"}],"items_purged_floors":[5,38],"is_endless":false,"potions_floor_spawned":[6,14,16,24,27,33,36,37,40],"ascension_level":8}