{"gold_per_floor":[117,97,116,131,149,183,183,218,242,242,242,137,151,161,161,258,258,278,278,298,223,223,253,253],"floor_reached":24,"playtime":852,"items_purged":[],"score":249,"play_id":"e6949ca6-2acc-44a7-8c91-e3c4c0d46c62","local_time":"20191015123049","is_ascension_mode":true,"campfire_choices":[{"floor":7,"key":"DIG"},{"floor":10,"key":"DIG"},{"floor":15,"key":"REST"}],"neow_cost":"NONE","seed_source_timestamp":2552192438328128,"circlet_count":0,"master_deck":["Strike_R","Strike_R","Strike_R","Strike_R","Strike_R","Defend_R","Defend_R","Defend_R","Defend_R","Bash","CurseOfTheBell","Thunderclap","Shrug It Off","Perfected Strike","Headbutt","Demon Form","Pommel Strike","Warcry","Havoc","Fiend Fire","Armaments+1","Seeing Red","Seeing Red"],"relics":["Calling Bell","Regal Pillow","Shuriken","Shovel","Bottled Flame","Orichalcum","Red Skull","Bronze Scales","Toy Ornithopter","Thread and Needle","Lantern","Black Star","Ornamental Fan","FossilizedHelix","Meat on the Bone","Pantograph"],"potions_floor_usage":[6,6,8,23],"damage_taken":[{"damage":7,"enemies":"2 Louse","floor":1,"turns":3},{"damage":11,"enemies":"Cultist","floor":3,"turns":4},{"damage":1,"enemies":"Small Slimes","floor":4,"turns":4},{"damage":1,"enemies":"2 Fungi Beasts","floor":5,"turns":3},{"damage":38,"enemies":"Gremlin Nob","floor":6,"turns":5},{"damage":18,"enemies":"3 Sentries","floor":8,"turns":5},{"damage":4,"enemies":"Exordium Thugs","floor":13,"turns":3},{"damage":0,"enemies":"Exordium Wildlife","floor":14,"turns":2},{"damage":14,"enemies":"Slime Boss","floor":16,"turns":8},{"damage":30,"enemies":"2 Thieves","floor":18,"turns":4},{"damage":9,"enemies":"Chosen","floor":20,"turns":5},{"damage":27,"enemies":"Gremlin Leader","floor":23,"turns":6},{"damage":25,"enemies":"Snake Plant","floor":24,"turns":2}],"seed_played":"-7271563871471562961","potions_obtained":[{"floor":2,"key":"Regen Potion"},{"floor":5,"key":"GamblersBrew"},{"floor":6,"key":"SteroidPotion"},{"floor":14,"key":"GamblersBrew"},{"floor":20,"key":"SkillPotion"}],"is_trial":false,"path_per_floor":["M","?","M","M","M","E","R","E","T","R","?","?","M","M","R","B",null,"M","?","M","?","T","E","M"],"character_chosen":"IRONCLAD","items_purchased":[],"campfire_rested":1,"item_purchase_floors":[],"current_hp_per_floor":[73,73,62,61,60,36,36,18,18,18,15,15,11,11,50,36,80,50,50,41,41,41,19,0],"gold":253,"neow_bonus":"BOSS_RELIC","is_prod":false,"is_daily":false,"chose_seed":false,"campfire_upgraded":0,"win_rate":0,"timestamp":1571139049,"path_taken":["M","?","M","?","M","E","R","E","T","R","?","?","M","M","R","BOSS","M","?","M","?","?","E","?"],"build_version":"2019-09-09v2","purchased_purges":0,"victory":false,"max_hp_per_floor":[80,80,80,80,80,80,80,80,80,80,80,80,80,80,80,80,80,80,80,80,80,80,80,80],"card_choices":[{"not_picked":["Wild Strike","Anger"],"picked":"Thunderclap","floor":1},{"not_picked":["Inflame","Warcry"],"picked":"Shrug It Off","floor":3},{"not_picked":["Flex","Havoc"],"picked":"Perfected Strike","floor":4},{"not_picked":["Carnage","Reckless Charge"],"picked":"Headbutt","floor":5},{"not_picked":["Body Slam","Iron Wave"],"picked":"Demon Form","floor":6},{"not_picked":["Infernal Blade","Fire Breathing"],"picked":"Pommel Strike","floor":8},{"not_picked":["Second Wind","Sentinel"],"picked":"Warcry","floor":13},{"not_picked":["Pommel Strike","True Grit"],"picked":"Havoc","floor":14},{"not_picked":["Impervious","Juggernaut"],"picked":"Fiend Fire","floor":16},{"not_picked":["True Grit+1","Headbutt+1"],"picked":"Armaments+1","floor":18},{"not_picked":["Havoc","Cleave+1"],"picked":"Seeing Red","floor":20},{"not_picked":["Infernal Blade","Headbutt"],"picked":"Seeing Red","floor":23}],"player_experience":204307,"relics_obtained":[{"floor":0,"key":"Regal Pillow"},{"floor":0,"key":"Shuriken"},{"floor":0,"key":"Shovel"},{"floor":6,"key":"Bottled Flame"},{"floor":7,"key":"Orichalcum"},{"floor":8,"key":"Red Skull"},{"floor":9,"key":"Bronze Scales"},{"floor":10,"key":"Toy Ornithopter"},{"floor":22,"key":"FossilizedHelix"},{"floor":23,"key":"Meat on the Bone"},{"floor":23,"key":"Pantograph"}],"event_choices":[{"damage_healed":0,"gold_gain":0,"player_choice":"Bought 1 Potion","damage_taken":0,"max_hp_gain":0,"max_hp_loss":0,"event_name":"The Woman in Blue","floor":2,"gold_loss":0},{"damage_healed":0,"gold_gain":0,"player_choice":"Success","damage_taken":3,"relics_obtained":["Thread and Needle"],"max_hp_gain":0,"max_hp_loss":0,"event_name":"Scrap Ooze","floor":11,"gold_loss":0},{"damage_healed":0,"gold_gain":0,"player_choice":"Paid Gold","damage_taken":0,"relics_obtained":["Lantern"],"max_hp_gain":0,"max_hp_loss":0,"event_name":"WeMeetAgain","floor":12,"gold_loss":105},{"damage_healed":0,"gold_gain":0,"player_choice":"Opened","damage_taken":0,"relics_obtained":["Ornamental Fan"],"max_hp_gain":0,"max_hp_loss":0,"event_name":"The Mausoleum","floor":19,"gold_loss":0,"cards_obtained":["Writhe"]},{"cards_removed":["Writhe"],"damage_healed":0,"gold_gain":0,"player_choice":"Gave Gold","damage_taken":0,"max_hp_gain":0,"max_hp_loss":0,"event_name":"Beggar","floor":21,"gold_loss":75}],"is_beta":true,"boss_relics":[{"not_picked":["Fusion Hammer","Runic Pyramid"],"picked":"Black Star"}],"items_purged_floors":[],"is_endless":false,"potions_floor_spawned":[5,6,14,20],"killed_by":"Snake Plant","ascension_level":2}