{"gold_per_floor":[117,117,117,117,117,117,155,155,155,155,190,203,224,267,267,365,365,383,402,423,80,28,67,67,11,38,59,59,90,114,114,114,114],"floor_reached":33,"playtime":986,"items_purged":["Strike_R"],"score":602,"play_id":"3940b147-75a8-4277-9fea-54536e82fba4","local_time":"20191019115322","is_ascension_mode":true,"campfire_choices":[{"data":"Bash","floor":6.0,"key":"SMITH"},{"data":"Anger","floor":8.0,"key":"SMITH"},{"floor":10.0,"key":"REST"},{"data":"Fire Breathing","floor":15.0,"key":"SMITH"},{"floor":24.0,"key":"REST"},{"floor":28.0,"key":"REST"},{"floor":32.0,"key":"REST"}],"neow_cost":"NONE","seed_source_timestamp":399963774037800,"circlet_count":0,"master_deck":["AscendersBane","Strike_R","Strike_R+1","Strike_R+1","Defend_R","Defend_R","Defend_R","Defend_R","Bash+1","Anger+1","Anger","Fire Breathing+1","Feed","Seeing Red","True Grit","Apotheosis","Feel No Pain","Second Wind","True Grit","Rampage"],"special_seed":0,"relics":["Burning Blood","Golden Idol","FossilizedHelix","Meat on the Bone","Anchor","Runic Pyramid","Pen Nib","Toy Ornithopter","MealTicket","CloakClasp"],"potions_floor_usage":[],"damage_taken":[{"damage":14.0,"enemies":"Jaw Worm","floor":1.0,"turns":4.0},{"damage":32.0,"enemies":"Gremlin Nob","floor":7.0,"turns":4.0},{"damage":15.0,"enemies":"Lagavulin","floor":11.0,"turns":5.0},{"damage":7.0,"enemies":"Small Slimes","floor":12.0,"turns":3.0},{"damage":0.0,"enemies":"2 Louse","floor":13.0,"turns":2.0},{"damage":40.0,"enemies":"3 Sentries","floor":14.0,"turns":10.0},{"damage":13.0,"enemies":"Slime Boss","floor":16.0,"turns":6.0},{"damage":32.0,"enemies":"Spheric Guardian","floor":18.0,"turns":6.0},{"damage":18.0,"enemies":"Shell Parasite","floor":19.0,"turns":4.0},{"damage":11.0,"enemies":"Centurion and Healer","floor":20.0,"turns":5.0},{"damage":62.0,"enemies":"Book of Stabbing","floor":23.0,"turns":6.0},{"damage":21.0,"enemies":"Snecko","floor":27.0,"turns":12.0},{"damage":72.0,"enemies":"Slavers","floor":29.0,"turns":6.0},{"damage":0.0,"enemies":"Cultist and Chosen","floor":30.0,"turns":6.0},{"damage":66,"enemies":"Automaton","floor":33,"turns":10}],"seed_played":"-2908192009105897018","potions_obtained":[{"floor":11.0,"key":"FearPotion"},{"floor":12.0,"key":"BloodPotion"},{"floor":19.0,"key":"FearPotion"},{"floor":29.0,"key":"Ancient Potion"}],"is_trial":false,"path_per_floor":["M","?","?","$","?","R","E","R","T","R","E","M","M","E","R","B",null,"M","M","M","$","?","E","R","$","T","M","R","E","M","?","R","B"],"character_chosen":"IRONCLAD","items_purchased":["Apotheosis","Feel No Pain","True Grit"],"campfire_rested":4,"item_purchase_floors":[21,21,25],"current_hp_per_floor":[60,65,41,41,41,41,15,15,15,36,27,38,44,22,22,27,61,50,53,51,51,51,23,47,47,47,48,73,27,49,31,58,0],"gold":114,"neow_bonus":"REMOVE_CARD","is_prod":false,"is_daily":false,"chose_seed":false,"campfire_upgraded":3,"win_rate":0,"timestamp":1571511202,"path_taken":["M","?","?","$","?","R","E","R","T","R","E","M","M","E","R","BOSS","M","M","M","$","?","E","R","$","T","M","R","E","?","?","R","BOSS"],"build_version":"2019-10-18","purchased_purges":1,"victory":false,"max_hp_per_floor":[75,80,80,80,72,72,72,72,72,72,72,72,72,72,72,72,72,75,78,81,81,81,81,81,81,81,85,85,88,92,92,92,92],"card_choices":[{"not_picked":["Shrug It Off","Headbutt"],"picked":"Anger","floor":1.0},{"not_picked":["Pommel Strike","Twin Strike","Dark Embrace"],"picked":"SKIP","floor":7.0},{"not_picked":["Blood for Blood","Reckless Charge","Warcry"],"picked":"SKIP","floor":11.0},{"not_picked":["Clash","Sword Boomerang","Flex"],"picked":"SKIP","floor":12.0},{"not_picked":["Perfected Strike","Clash"],"picked":"Anger","floor":13.0},{"not_picked":["Rupture","Havoc"],"picked":"Fire Breathing","floor":14.0},{"not_picked":["Limit Break","Reaper"],"picked":"Feed","floor":16.0},{"not_picked":["Wild Strike","Warcry","Pummel"],"picked":"SKIP","floor":18.0},{"not_picked":["Dual Wield","Flex"],"picked":"Seeing Red","floor":19.0},{"not_picked":["Body Slam","Havoc"],"picked":"True Grit","floor":20.0},{"not_picked":["Dual Wield","Feed"],"picked":"Second Wind","floor":23.0},{"not_picked":["Pommel Strike","Cleave","Searing Blow"],"picked":"SKIP","floor":27.0},{"not_picked":["Clash","Ghostly Armor"],"picked":"Rampage","floor":29.0},{"not_picked":["Headbutt","Combust","Anger"],"picked":"SKIP","floor":30.0}],"player_experience":1654273,"relics_obtained":[{"floor":9.0,"key":"FossilizedHelix"},{"floor":11.0,"key":"Meat on the Bone"},{"floor":14.0,"key":"Anchor"},{"floor":23.0,"key":"Toy Ornithopter"},{"floor":26.0,"key":"MealTicket"},{"floor":29.0,"key":"CloakClasp"}],"event_choices":[{"damage_healed":0.0,"max_hp_gain":5.0,"max_hp_loss":0.0,"gold_gain":0.0,"event_name":"Big Fish","player_choice":"Donut","floor":2.0,"gold_loss":0.0,"damage_taken":0.0},{"damage_healed":0.0,"max_hp_gain":0.0,"max_hp_loss":0.0,"gold_gain":0.0,"event_name":"Shining Light","player_choice":"Entered Light","floor":3.0,"gold_loss":0.0,"damage_taken":24.0,"cards_upgraded":["Strike_R","Strike_R"]},{"damage_healed":0.0,"max_hp_gain":0.0,"max_hp_loss":8.0,"gold_gain":0.0,"event_name":"Golden Idol","player_choice":"Lose Max HP","floor":5.0,"gold_loss":0.0,"damage_taken":0.0,"relics_obtained":["Golden Idol"]},{"damage_healed":0.0,"max_hp_gain":0.0,"max_hp_loss":0.0,"gold_gain":0.0,"event_name":"WeMeetAgain","player_choice":"Paid Gold","floor":22.0,"gold_loss":52.0,"damage_taken":0.0,"relics_obtained":["Pen Nib"]},{"damage_healed":0.0,"max_hp_gain":0.0,"max_hp_loss":0.0,"gold_gain":0.0,"event_name":"Knowing Skull","player_choice":"POTION ","floor":31.0,"potions_obtained":["AttackPotion"],"gold_loss":0.0,"damage_taken":18.0,"cards_obtained":[]}],"is_beta":true,"boss_relics":[{"not_picked":["Coffee Dripper","Pandora\u0027s Box"],"picked":"Runic Pyramid"}],"items_purged_floors":[21],"is_endless":false,"potions_floor_spawned":[11,12,19,20,29],"killed_by":"Automaton","ascension_level":20}