{"gold_per_floor":[209,219,232,242,34,34,69,69,139,139,171,171,26,45,45,45],"floor_reached":16,"playtime":831,"items_purged":[],"score":132,"play_id":"c068c52a-f191-4c8d-adeb-ad796bce5087","local_time":"20190904085657","is_ascension_mode":true,"campfire_choices":[{"data":"Havoc","floor":6.0,"key":"SMITH"},{"floor":8.0,"key":"REST"},{"floor":10.0,"key":"REST"},{"data":"Entrench","floor":15.0,"key":"SMITH"}],"neow_cost":"NONE","seed_source_timestamp":387293423799673,"circlet_count":0,"master_deck":["Strike_R","Strike_R","Strike_R","Strike_R","Strike_R","Defend_R","Defend_R","Defend_R","Defend_R","Bash","Havoc+1","Exhume","Dark Embrace","Metallicize","Entrench+1"],"special_seed":0,"relics":["Burning Blood","ClockworkSouvenir","Charon\u0027s Ashes","Shuriken","Omamori","Golden Idol","Bag of Preparation"],"potions_floor_usage":[],"damage_taken":[{"damage":11.0,"enemies":"Jaw Worm","floor":1.0,"turns":5.0},{"damage":8.0,"enemies":"2 Louse","floor":2.0,"turns":4.0},{"damage":1.0,"enemies":"Cultist","floor":3.0,"turns":4.0},{"damage":13.0,"enemies":"3 Louse","floor":4.0,"turns":5.0},{"damage":65.0,"enemies":"Lagavulin","floor":7.0,"turns":9.0},{"damage":7.0,"enemies":"Gremlin Nob","floor":11.0,"turns":3.0},{"damage":11.0,"enemies":"Red Slaver","floor":14.0,"turns":5.0},{"damage":34,"enemies":"The Guardian","floor":16,"turns":12}],"seed_played":"4820600571259321093","potions_obtained":[{"floor":3.0,"key":"Swift Potion"},{"floor":7.0,"key":"Strength Potion"}],"is_trial":false,"path_per_floor":["M","M","M","M","$","R","E","R","T","R","E","?","$","M","R","B"],"character_chosen":"IRONCLAD","items_purchased":["ClockworkSouvenir","Bag of Preparation"],"campfire_rested":2,"item_purchase_floors":[5,13],"current_hp_per_floor":[75,73,78,71,71,71,12,36,36,60,59,39,39,34,34,0],"gold":45,"neow_bonus":"HUNDRED_GOLD","is_prod":false,"is_daily":false,"chose_seed":false,"campfire_upgraded":2,"win_rate":0,"timestamp":1567612617,"path_taken":["M","M","M","M","$","R","E","R","T","R","E","?","$","M","R","BOSS"],"build_version":"2019-07-17","purchased_purges":0,"victory":false,"max_hp_per_floor":[80,80,80,80,80,80,80,80,80,80,80,80,80,80,80,80],"card_choices":[{"not_picked":["Shockwave","Heavy Blade"],"picked":"Havoc","floor":1.0},{"not_picked":["Rupture","Bloodletting","Sword Boomerang"],"picked":"SKIP","floor":2.0},{"not_picked":["Sever Soul","Body Slam","Power Through"],"picked":"SKIP","floor":3.0},{"not_picked":["Body Slam","Shrug It Off"],"picked":"Exhume","floor":4.0},{"not_picked":["Carnage","Blood for Blood"],"picked":"Dark Embrace","floor":7.0},{"not_picked":["Wild Strike","Anger"],"picked":"Metallicize","floor":11.0},{"not_picked":["Iron Wave","Anger"],"picked":"Entrench","floor":14.0}],"player_experience":251830,"relics_obtained":[{"floor":7.0,"key":"Charon\u0027s Ashes"},{"floor":9.0,"key":"Shuriken"},{"floor":11.0,"key":"Omamori"}],"event_choices":[{"damage_healed":0.0,"max_hp_gain":0.0,"max_hp_loss":0.0,"gold_gain":0.0,"event_name":"Golden Idol","player_choice":"Take Damage","floor":12.0,"gold_loss":0.0,"damage_taken":20.0,"relics_obtained":["Golden Idol"]}],"is_beta":false,"boss_relics":[],"items_purged_floors":[],"is_endless":false,"potions_floor_spawned":[3,7],"killed_by":"The Guardian","ascension_level":4}