{"gold_per_floor":[117,67,67,87,97,97,131,131,131,141,166,166,166,176,176,277,277,291,291,139,156,71,71,82,82,82,98,98,98,132,6,6,109,159,174,33,51,71,71,71,105,158,158,158,158,174,188,207,207,207],"floor_reached":51,"playtime":3982,"items_purged":["Strike_G","Strike_G"],"score":1082,"play_id":"16119d33-8d37-400f-a61d-ff12534f52a0","local_time":"20190727215056","is_ascension_mode":true,"campfire_choices":[{"data":"Neutralize","floor":6,"key":"SMITH"},{"floor":8,"key":"REST"},{"floor":15,"key":"REST"},{"floor":25,"key":"REST"},{"data":"Backflip","floor":29,"key":"SMITH"},{"data":"Dodge and Roll","floor":32,"key":"SMITH"},{"data":"Footwork","floor":40,"key":"SMITH"},{"data":"Backflip","floor":45,"key":"SMITH"},{"floor":49,"key":"REST"}],"neow_cost":"NONE","seed_source_timestamp":1134260986290358,"circlet_count":0,"master_deck":["Defend_G+1","Defend_G","Defend_G","Defend_G","Defend_G","Survivor","Neutralize+1","Deadly Poison","Blur","Acrobatics","Dash","Caltrops+1","Dodge and Roll+1","After Image","Escape Plan","Unload","Heel Hook","Acrobatics","Cloak And Dagger+1","Backflip+1","Escape Plan","Corpse Explosion","Prepared+1","Footwork+1","Backflip+1","Cloak And Dagger+1","Leg Sweep+1","Catalyst+1","Parasite","Footwork+1"],"relics":["Philosopher\u0027s Stone","Bird Faced Urn","Dodecahedron","Sundial","Cursed Key","Lantern","Mango","Potion Belt","Boot","Tiny House","Oddly Smooth Stone","Ginger"],"potions_floor_usage":[7,10,16,30,33,42,42,50],"damage_taken":[{"damage":0,"enemies":"Small Slimes","floor":1,"turns":4},{"damage":0,"enemies":"2 Louse","floor":4,"turns":2},{"damage":0,"enemies":"Cultist","floor":5,"turns":4},{"damage":37,"enemies":"3 Sentries","floor":7,"turns":21},{"damage":4,"enemies":"Looter","floor":10,"turns":3},{"damage":46,"enemies":"Gremlin Nob","floor":11,"turns":7},{"damage":0,"enemies":"Large Slime","floor":14,"turns":8},{"damage":4,"enemies":"The Guardian","floor":16,"turns":10},{"damage":10,"enemies":"Spheric Guardian","floor":18,"turns":8},{"damage":5,"enemies":"Shell Parasite","floor":21,"turns":7},{"damage":33,"enemies":"Sentry and Sphere","floor":24,"turns":10},{"damage":0,"enemies":"Snecko","floor":27,"turns":5},{"damage":4,"enemies":"Book of Stabbing","floor":30,"turns":5},{"damage":3,"enemies":"Champ","floor":33,"turns":24},{"damage":0,"enemies":"Orb Walker","floor":35,"turns":4},{"damage":0,"enemies":"3 Shapes","floor":37,"turns":2},{"damage":18,"enemies":"3 Darklings","floor":38,"turns":5},{"damage":0,"enemies":"Giant Head","floor":41,"turns":13},{"damage":26,"enemies":"2 Orb Walkers","floor":42,"turns":4},{"damage":0,"enemies":"Jaw Worm Horde","floor":46,"turns":6},{"damage":4,"enemies":"Writhing Mass","floor":47,"turns":7},{"damage":10,"enemies":"Sphere and 2 Shapes","floor":48,"turns":8},{"damage":0,"enemies":"Donu and Deca","floor":50,"turns":11}],"seed_played":"-4231454625704137148","potions_obtained":[{"floor":4,"key":"SneckoOil"},{"floor":5,"key":"AttackPotion"},{"floor":14,"key":"PowerPotion"},{"floor":24,"key":"Ancient Potion"},{"floor":27,"key":"LiquidBronze"},{"floor":30,"key":"PowerPotion"},{"floor":34,"key":"FearPotion"},{"floor":35,"key":"Regen Potion"},{"floor":38,"key":"GamblersBrew"},{"floor":41,"key":"Fire Potion"},{"floor":48,"key":"Fire Potion"}],"is_trial":false,"path_per_floor":["M","?","?","M","M","R","E","R","T","M","E","?","?","M","R","B",null,"M","?","$","M","?","?","M","R","T","M","?","R","E","$","R","B",null,"M","$","M","M","$","R","E","?","T","?","R","M","M","M","R","B",null],"character_chosen":"THE_SILENT","items_purchased":["Lantern","SpeedPotion","Footwork"],"campfire_rested":4,"item_purchase_floors":[20,31,36],"current_hp_per_floor":[63,63,68,68,68,68,31,53,53,49,3,3,3,5,27,27,63,57,57,57,56,70,70,41,67,67,71,71,71,71,71,71,74,90,94,94,94,80,80,80,86,66,66,66,66,72,74,72,94,94],"gold":207,"neow_bonus":"BOSS_RELIC","is_prod":false,"is_daily":false,"chose_seed":false,"campfire_upgraded":5,"win_rate":0,"timestamp":1564289456,"path_taken":["M","?","?","M","M","R","E","R","T","M","E","?","?","?","R","BOSS","M","?","$","M","?","?","M","R","T","M","?","R","E","?","R","BOSS","M","$","?","M","?","R","E","?","T","?","R","M","M","M","R","BOSS"],"build_version":"2019-07-17","purchased_purges":2,"victory":true,"max_hp_per_floor":[70,70,75,75,75,75,75,75,75,75,75,75,75,75,75,75,75,75,75,75,75,89,89,89,89,89,89,89,89,89,89,89,89,94,94,94,94,94,94,94,94,94,94,94,94,94,94,94,94,94],"card_choices":[{"not_picked":["Underhanded Strike","Masterful Stab"],"picked":"Deadly Poison","floor":1},{"not_picked":["Slice","Acrobatics"],"picked":"Blur","floor":4},{"not_picked":["Bane","Flechettes"],"picked":"Acrobatics","floor":5},{"not_picked":["Burst","Flying Knee","Prepared"],"picked":"SKIP","floor":7},{"not_picked":["PiercingWail","Accuracy"],"picked":"Dash","floor":10},{"not_picked":["Accuracy","Flying Knee"],"picked":"Caltrops","floor":11},{"not_picked":["Deflect","Infinite Blades"],"picked":"Dodge and Roll","floor":14},{"not_picked":["A Thousand Cuts","Bullet Time"],"picked":"After Image","floor":16},{"not_picked":["Underhanded Strike","Setup"],"picked":"Escape Plan","floor":18},{"not_picked":["All Out Attack","Quick Slash+1"],"picked":"Acrobatics","floor":21},{"not_picked":["Slice+1","Backstab+1"],"picked":"Cloak And Dagger+1","floor":24},{"not_picked":["Dagger Throw","Outmaneuver"],"picked":"Backflip","floor":27},{"not_picked":["Caltrops","Flying Knee"],"picked":"Escape Plan","floor":30},{"not_picked":["Envenom","Tools of the Trade"],"picked":"Corpse Explosion","floor":33},{"not_picked":["Crippling Poison","Riddle With Holes"],"picked":"Prepared+1","floor":35},{"not_picked":["Accuracy+1","Dagger Throw","Choke"],"picked":"SKIP","floor":37},{"not_picked":["Underhanded Strike","Deflect"],"picked":"Backflip","floor":38},{"not_picked":["Masterful Stab+1","Bullet Time"],"picked":"Cloak And Dagger+1","floor":41},{"not_picked":["Deflect","Caltrops"],"picked":"Leg Sweep+1","floor":42},{"not_picked":["Deadly Poison+1","Poisoned Stab"],"picked":"Catalyst+1","floor":46},{"not_picked":["Predator+1","Acrobatics+1"],"picked":"Footwork+1","floor":47},{"not_picked":["Caltrops+1","Underhanded Strike","Slice+1"],"picked":"SKIP","floor":48}],"player_experience":119791,"relics_obtained":[{"floor":7,"key":"Bird Faced Urn"},{"floor":9,"key":"Dodecahedron"},{"floor":11,"key":"Sundial"},{"floor":30,"key":"Boot"},{"floor":41,"key":"Oddly Smooth Stone"},{"floor":42,"key":"Ginger"}],"event_choices":[{"cards_removed":["Strike_G"],"damage_healed":0,"gold_gain":0,"player_choice":"Card Removal","damage_taken":0,"max_hp_gain":0,"max_hp_loss":0,"event_name":"The Cleric","floor":2,"gold_loss":50},{"damage_healed":0,"gold_gain":0,"player_choice":"Donut","damage_taken":0,"max_hp_gain":5,"max_hp_loss":0,"event_name":"Big Fish","floor":3,"gold_loss":0},{"damage_healed":0,"gold_gain":0,"player_choice":"Ignored","damage_taken":0,"max_hp_gain":0,"max_hp_loss":0,"event_name":"Shining Light","floor":12,"gold_loss":0},{"damage_healed":0,"gold_gain":0,"player_choice":"Forge","damage_taken":0,"max_hp_gain":0,"max_hp_loss":0,"event_name":"Accursed Blacksmith","floor":13,"gold_loss":0,"cards_upgraded":["Caltrops"]},{"damage_healed":0,"gold_gain":0,"cards_transformed":["Strike_G","Strike_G"],"player_choice":"Became Test Subject","damage_taken":0,"max_hp_gain":0,"max_hp_loss":0,"event_name":"Drug Dealer","floor":19,"gold_loss":0,"cards_obtained":["Unload","Heel Hook"]},{"damage_healed":0,"gold_gain":0,"player_choice":"Obtained Relic","damage_taken":0,"relics_obtained":["Mango"],"max_hp_gain":0,"max_hp_loss":0,"event_name":"Addict","floor":22,"gold_loss":85},{"damage_healed":0,"gold_gain":0,"player_choice":"Ignored","damage_taken":0,"max_hp_gain":0,"max_hp_loss":0,"event_name":"Ghosts","floor":23,"gold_loss":0},{"damage_healed":0,"gold_gain":0,"player_choice":"Opened","damage_taken":0,"relics_obtained":["Potion Belt"],"max_hp_gain":0,"max_hp_loss":0,"event_name":"The Mausoleum","floor":28,"gold_loss":0},{"damage_healed":0,"gold_gain":0,"player_choice":"Fight","damage_taken":0,"max_hp_gain":0,"max_hp_loss":0,"event_name":"Mysterious Sphere","floor":42,"gold_loss":0},{"damage_healed":0,"gold_gain":0,"player_choice":"Memory 1","damage_taken":0,"max_hp_gain":0,"max_hp_loss":0,"event_name":"SensoryStone","floor":44,"gold_loss":0}],"is_beta":false,"boss_relics":[{"not_picked":["Busted Crown","Sozu"],"picked":"Cursed Key"},{"not_picked":["Velvet Choker","Snecko Eye"],"picked":"Tiny House"}],"items_purged_floors":[31,36],"is_endless":false,"potions_floor_spawned":[4,5,14,24,27,30,35,38,41,48],"ascension_level":8}