{"gold_per_floor":[17,17,30,46,57,57,57,92,92,126,126,146,146,164,164,164],"floor_reached":16,"playtime":1014,"items_purged":[],"score":123,"play_id":"1219e43e-066b-47a1-8734-5d408f705212","local_time":"20190912223600","is_ascension_mode":true,"campfire_choices":[{"data":"Wild Strike","floor":7,"key":"SMITH"},{"floor":13,"key":"REST"},{"data":"Spot Weakness","floor":15,"key":"SMITH"}],"neow_cost":"NO_GOLD","seed_source_timestamp":38792345003000,"circlet_count":0,"master_deck":["Strike_R","Strike_R","Strike_R","Strike_R","Defend_R","Defend_R","Defend_R","Bash","Wild Strike+1","Dark Embrace","Havoc+1","Pummel","Headbutt","Seeing Red","Pummel","Fiend Fire","Flame Barrier","Spot Weakness+1"],"relics":["Burning Blood","Potion Belt","Ornamental Fan","Darkstone Periapt"],"potions_floor_usage":[8],"damage_taken":[{"damage":7,"enemies":"2 Louse","floor":1,"turns":3},{"damage":1,"enemies":"Cultist","floor":3,"turns":4},{"damage":11,"enemies":"Small Slimes","floor":4,"turns":4},{"damage":14,"enemies":"3 Louse","floor":5,"turns":4},{"damage":27,"enemies":"3 Sentries","floor":8,"turns":8},{"damage":36,"enemies":"Lagavulin","floor":10,"turns":4},{"damage":6,"enemies":"Looter","floor":12,"turns":2},{"damage":18,"enemies":"Exordium Thugs","floor":14,"turns":5},{"damage":32,"enemies":"The Guardian","floor":16,"turns":8}],"seed_played":"6813801063734423422","potions_obtained":[{"floor":3,"key":"AttackPotion"},{"floor":4,"key":"EssenceOfSteel"},{"floor":8,"key":"LiquidBronze"}],"is_trial":false,"path_per_floor":["M","?","M","M","M","$","R","E","T","E","?","M","R","M","R","B"],"character_chosen":"IRONCLAD","items_purchased":[],"campfire_rested":1,"item_purchase_floors":[],"current_hp_per_floor":[79,79,80,75,67,67,67,46,46,16,16,16,40,28,28,0],"gold":164,"neow_bonus":"TRANSFORM_TWO_CARDS","is_prod":false,"is_daily":false,"chose_seed":false,"campfire_upgraded":2,"win_rate":0,"timestamp":1568320560,"path_taken":["M","?","M","M","?","$","R","E","T","E","?","M","R","M","R","BOSS"],"build_version":"2019-07-17","purchased_purges":0,"victory":false,"max_hp_per_floor":[80,80,80,80,80,80,80,80,80,80,80,80,80,80,80,80],"card_choices":[{"not_picked":["Thunderclap","Whirlwind"],"picked":"Havoc","floor":1},{"not_picked":["Iron Wave","Flex"],"picked":"Pummel","floor":3},{"not_picked":["Twin Strike","Pommel Strike"],"picked":"Headbutt","floor":4},{"not_picked":["Uppercut","Twin Strike"],"picked":"Seeing Red","floor":5},{"not_picked":["True Grit","Cleave"],"picked":"Pummel","floor":8},{"not_picked":["Corruption","Flex"],"picked":"Fiend Fire","floor":10},{"not_picked":["Headbutt","Iron Wave"],"picked":"Flame Barrier","floor":12},{"not_picked":["Pommel Strike","Sword Boomerang"],"picked":"Spot Weakness","floor":14}],"player_experience":82865,"relics_obtained":[{"floor":8,"key":"Potion Belt"},{"floor":9,"key":"Ornamental Fan"},{"floor":10,"key":"Darkstone Periapt"}],"event_choices":[{"damage_healed":0,"gold_gain":0,"player_choice":"Forge","damage_taken":0,"max_hp_gain":0,"max_hp_loss":0,"event_name":"Accursed Blacksmith","floor":2,"gold_loss":0,"cards_upgraded":["Havoc"]},{"damage_healed":0,"gold_gain":0,"player_choice":"Ignored","damage_taken":0,"max_hp_gain":0,"max_hp_loss":0,"event_name":"Shining Light","floor":11,"gold_loss":0}],"is_beta":false,"boss_relics":[],"items_purged_floors":[],"is_endless":false,"potions_floor_spawned":[3,4,8],"killed_by":"The Guardian","ascension_level":2}