{"gold_per_floor":[10,10,29,47,47,47,67,92,92,124,124,138,170,186,186,186],"floor_reached":16,"playtime":395,"items_purged":[],"score":244,"play_id":"dee7ae8c-8f26-471c-b614-42fd182972a5","local_time":"20191018123128","is_ascension_mode":true,"campfire_choices":[{"data":"Perfected Strike","floor":6,"key":"SMITH"},{"floor":11,"key":"REST"},{"data":"Perfected Strike","floor":15,"key":"SMITH"}],"neow_cost":"NO_GOLD","seed_source_timestamp":316771967978500,"circlet_count":0,"master_deck":["AscendersBane","Strike_R","Strike_R","Strike_R","Strike_R","Strike_R","Defend_R","Defend_R","Defend_R","Defend_R","Bash","Perfected Strike+1","Anger","Perfected Strike+1","Perfected Strike+1","Pommel Strike","Metallicize"],"relics":["Burning Blood","Gambling Chip","Singing Bowl","MealTicket","Smiling Mask","Bird Faced Urn","CloakClasp"],"potions_floor_usage":[10],"damage_taken":[{"damage":3,"enemies":"Small Slimes","floor":1,"turns":4},{"damage":1,"enemies":"Cultist","floor":3,"turns":3},{"damage":2,"enemies":"Jaw Worm","floor":4,"turns":3},{"damage":11,"enemies":"2 Fungi Beasts","floor":7,"turns":3},{"damage":35,"enemies":"3 Sentries","floor":8,"turns":9},{"damage":15,"enemies":"Lagavulin","floor":10,"turns":5},{"damage":6,"enemies":"Looter","floor":12,"turns":2},{"damage":37,"enemies":"Gremlin Nob","floor":13,"turns":4},{"damage":6,"enemies":"Blue Slaver","floor":14,"turns":3},{"damage":32,"enemies":"Hexaghost","floor":16,"turns":8}],"seed_played":"-285038924381444747","potions_obtained":[{"floor":3,"key":"LiquidBronze"},{"floor":4,"key":"PowerPotion"},{"floor":10,"key":"SmokeBomb"}],"is_trial":false,"path_per_floor":["M","?","M","M","?","R","M","E","T","E","R","M","E","M","R","B"],"character_chosen":"IRONCLAD","items_purchased":[],"campfire_rested":1,"item_purchase_floors":[],"current_hp_per_floor":[71,71,75,75,75,75,70,43,43,36,59,61,30,30,30,0],"gold":186,"neow_bonus":"ONE_RARE_RELIC","is_prod":false,"is_daily":false,"chose_seed":false,"campfire_upgraded":2,"win_rate":0,"timestamp":1571427088,"path_taken":["M","?","M","M","?","R","M","E","T","E","R","M","E","M","R","BOSS"],"build_version":"2019-10-17","purchased_purges":0,"victory":false,"max_hp_per_floor":[75,75,75,75,75,75,75,77,77,79,79,81,81,81,81,81],"card_choices":[{"not_picked":["Warcry","Corruption"],"picked":"Perfected Strike","floor":1},{"not_picked":["Intimidate","Heavy Blade"],"picked":"Anger","floor":3},{"not_picked":["Reckless Charge","Anger"],"picked":"Perfected Strike","floor":4},{"not_picked":["Body Slam","Sword Boomerang"],"picked":"Perfected Strike","floor":7},{"not_picked":["Entrench","Searing Blow","Headbutt"],"picked":"Singing Bowl","floor":8},{"not_picked":["Rampage","Thunderclap","Sword Boomerang"],"picked":"Singing Bowl","floor":10},{"not_picked":["Bludgeon","Flex","Combust"],"picked":"Singing Bowl","floor":12},{"not_picked":["Cleave","Anger"],"picked":"Pommel Strike","floor":13},{"not_picked":["Heavy Blade","Flex"],"picked":"Metallicize","floor":14}],"player_experience":1631907,"relics_obtained":[{"floor":8,"key":"MealTicket"},{"floor":9,"key":"Smiling Mask"},{"floor":10,"key":"Bird Faced Urn"},{"floor":13,"key":"CloakClasp"}],"event_choices":[{"damage_healed":0,"gold_gain":0,"player_choice":"Grow","damage_taken":0,"max_hp_gain":0,"max_hp_loss":0,"event_name":"Living Wall","floor":2,"gold_loss":0,"cards_upgraded":["Perfected Strike"]},{"damage_healed":0,"gold_gain":0,"player_choice":"Gave Potion","damage_taken":0,"relics_obtained":["Singing Bowl"],"max_hp_gain":0,"max_hp_loss":0,"event_name":"WeMeetAgain","floor":5,"gold_loss":0}],"is_beta":true,"boss_relics":[],"items_purged_floors":[],"is_endless":false,"potions_floor_spawned":[3,4,10],"killed_by":"Hexaghost","ascension_level":20}