{"gold_per_floor":[111,129,129,204,224,262,283,283,306,306,369,369,394,425,425,520,520,540,565,490,74,99,99,99,99,99,99,117,117,150,168,168,264,264,284,303,317,159,78,78,109,130,181,181,181],"floor_reached":45,"playtime":2200,"items_purged":["Strike_R"],"score":1016,"play_id":"b16a8328-a73b-43c0-b4e6-c8f5e5be016f","local_time":"20191004193612","is_ascension_mode":true,"campfire_choices":[{"data":"Shockwave","floor":8,"key":"SMITH"},{"floor":10,"key":"REST"},{"floor":12,"key":"REST"},{"data":"Metallicize","floor":15,"key":"SMITH"},{"data":"Berserk","floor":23,"key":"SMITH"},{"floor":25,"key":"REST"},{"data":"J.A.X.","floor":27,"key":"SMITH"},{"data":"Spot Weakness","floor":32,"key":"SMITH"},{"data":"Clothesline","floor":40,"key":"SMITH"},{"data":"Spot Weakness","floor":44,"key":"SMITH"}],"neow_cost":"NONE","seed_source_timestamp":277251856070900,"circlet_count":0,"master_deck":["AscendersBane","Strike_R","Strike_R","Strike_R","Defend_R","Defend_R","Defend_R","Defend_R","Bash","Clothesline+1","Shockwave+1","Metallicize+1","Spot Weakness+1","Heavy Blade+1","Reaper+1","Intimidate","Flex+1","Spot Weakness+1","Whirlwind+1","Berserk+1","Second Wind","J.A.X.+1","Sword Boomerang+1","Immolate+1","Anger+1","Rage","Limit Break","Heavy Blade+1","Armaments+1","Limit Break","Heavy Blade+1","Writhe"],"relics":["Burning Blood","PreservedInsect","Golden Idol","Molten Egg 2","Potion Belt","Tiny Chest","FossilizedHelix","Runic Pyramid","Question Card","Kunai","Cursed Key","Medical Kit","Anchor","Omamori"],"potions_floor_usage":[6,7,18,22,30,33,42],"damage_taken":[{"damage":8,"enemies":"2 Louse","floor":1,"turns":3},{"damage":16,"enemies":"Jaw Worm","floor":2,"turns":4},{"damage":0,"enemies":"Cultist","floor":5,"turns":4},{"damage":25,"enemies":"Gremlin Nob","floor":6,"turns":5},{"damage":14,"enemies":"Lots of Slimes","floor":7,"turns":7},{"damage":27,"enemies":"3 Sentries","floor":11,"turns":9},{"damage":13,"enemies":"Red Slaver","floor":13,"turns":5},{"damage":11,"enemies":"Gremlin Nob","floor":14,"turns":3},{"damage":18,"enemies":"The Guardian","floor":16,"turns":11},{"damage":55,"enemies":"3 Byrds","floor":18,"turns":7},{"damage":32,"enemies":"Spheric Guardian","floor":19,"turns":6},{"damage":20,"enemies":"Snake Plant","floor":22,"turns":4},{"damage":15,"enemies":"Centurion and Healer","floor":28,"turns":13},{"damage":39,"enemies":"Book of Stabbing","floor":30,"turns":4},{"damage":0,"enemies":"Cultist and Chosen","floor":31,"turns":3},{"damage":15,"enemies":"Champ","floor":33,"turns":9},{"damage":27,"enemies":"Orb Walker","floor":35,"turns":5},{"damage":0,"enemies":"3 Shapes","floor":36,"turns":3},{"damage":25,"enemies":"Maw","floor":37,"turns":7},{"damage":23,"enemies":"Nemesis","floor":41,"turns":5},{"damage":3,"enemies":"Transient","floor":42,"turns":6}],"seed_played":"2521782319999246966","potions_obtained":[{"floor":1,"key":"Ancient Potion"},{"floor":2,"key":"SkillPotion"},{"floor":16,"key":"Regen Potion"},{"floor":18,"key":"Energy Potion"},{"floor":28,"key":"AttackPotion"},{"floor":30,"key":"Swift Potion"},{"floor":31,"key":"EssenceOfSteel"},{"floor":36,"key":"Ancient Potion"},{"floor":42,"key":"Explosive Potion"}],"is_trial":false,"path_per_floor":["M","M","?","?","M","E","M","R","T","R","E","R","M","E","R","B",null,"M","M","?","$","M","R","?","R","T","R","M","?","E","M","R","B",null,"M","M","M","$","$","R","E","M","T","R","M"],"character_chosen":"IRONCLAD","items_purchased":["Spot Weakness","Whirlwind+1","BloodPotion","Berserk","Medical Kit","Limit Break"],"campfire_rested":3,"item_purchase_floors":[21,21,21,21,38,39],"current_hp_per_floor":[66,56,56,45,51,32,24,24,24,44,23,43,36,31,31,19,56,40,25,25,25,30,30,30,50,50,50,59,59,41,47,47,40,61,68,68,68,68,68,68,68,68,68,68,0],"gold":181,"neow_bonus":"RANDOM_COMMON_RELIC","is_prod":false,"is_daily":false,"chose_seed":false,"campfire_upgraded":7,"win_rate":0,"timestamp":1570242972,"path_taken":["M","M","?","?","M","E","M","R","T","R","E","R","M","E","R","BOSS","M","M","?","$","M","R","?","R","T","R","M","?","E","?","R","BOSS","M","M","?","?","$","R","E","M","T","R","M"],"build_version":"2019-10-04","purchased_purges":1,"victory":false,"max_hp_per_floor":[75,75,68,68,68,68,68,68,68,68,68,68,68,68,68,68,68,68,68,68,68,68,68,68,68,68,68,68,68,68,68,68,68,68,68,68,68,68,68,68,68,68,68,68,68],"card_choices":[{"not_picked":["Dropkick","Sword Boomerang"],"picked":"Clothesline","floor":1},{"not_picked":["Cleave","Sword Boomerang"],"picked":"Shockwave","floor":2},{"not_picked":["Sword Boomerang","Headbutt"],"picked":"Metallicize","floor":5},{"not_picked":["Double Tap","Warcry","Havoc"],"picked":"SKIP","floor":6},{"not_picked":["Infernal Blade","Rupture"],"picked":"Spot Weakness","floor":7},{"not_picked":["Anger+1","Clothesline+1"],"picked":"Heavy Blade+1","floor":11},{"not_picked":["Wild Strike+1","Clash+1","Second Wind"],"picked":"SKIP","floor":13},{"not_picked":["Perfected Strike+1","Intimidate","Thunderclap+1"],"picked":"SKIP","floor":14},{"not_picked":["Juggernaut","Impervious"],"picked":"Reaper+1","floor":16},{"not_picked":["Shockwave+1","Rampage+1"],"picked":"Intimidate","floor":18},{"not_picked":["Clash+1","Bloodletting"],"picked":"Flex+1","floor":19},{"not_picked":["Warcry+1","Combust"],"picked":"Second Wind","floor":22},{"not_picked":["Body Slam+1","Shrug It Off","Wild Strike+1"],"picked":"Sword Boomerang+1","floor":28},{"not_picked":["Bloodletting","Iron Wave+1","Clash+1"],"picked":"Anger+1","floor":30},{"not_picked":["Wild Strike+1","Thunderclap+1","Burning Pact"],"picked":"Rage","floor":31},{"not_picked":["Juggernaut","Bludgeon+1","Demon Form"],"picked":"Limit Break","floor":33},{"not_picked":["Flame Barrier","Thunderclap+1","Wild Strike+1","Infernal Blade"],"picked":"SKIP","floor":35},{"not_picked":["Twin Strike+1","Wild Strike+1","Havoc"],"picked":"Heavy Blade+1","floor":36},{"not_picked":["Rampage+1","Power Through","Headbutt+1"],"picked":"Armaments+1","floor":37},{"not_picked":["Barricade","Iron Wave+1","Second Wind"],"picked":"Heavy Blade+1","floor":41},{"not_picked":["Iron Wave+1","Corruption","Pommel Strike+1","Body Slam+1"],"picked":"SKIP","floor":42}],"player_experience":1254517,"relics_obtained":[{"floor":6,"key":"Molten Egg 2"},{"floor":9,"key":"Potion Belt"},{"floor":11,"key":"Tiny Chest"},{"floor":14,"key":"FossilizedHelix"},{"floor":26,"key":"Question Card"},{"floor":30,"key":"Kunai"},{"floor":41,"key":"Anchor"},{"floor":43,"key":"Omamori"}],"event_choices":[{"damage_healed":0,"gold_gain":0,"player_choice":"Lose Max HP","damage_taken":0,"relics_obtained":["Golden Idol"],"max_hp_gain":0,"max_hp_loss":7,"event_name":"Golden Idol","floor":3,"gold_loss":0},{"damage_healed":0,"gold_gain":75,"player_choice":"Gather Gold","damage_taken":11,"max_hp_gain":0,"max_hp_loss":0,"event_name":"World of Goop","floor":4,"gold_loss":0},{"cards_removed":["Strike_R"],"damage_healed":0,"gold_gain":0,"player_choice":"Gave Gold","damage_taken":0,"max_hp_gain":0,"max_hp_loss":0,"event_name":"Beggar","floor":20,"gold_loss":75},{"damage_healed":0,"gold_gain":0,"player_choice":"Obtain J.A.X.","damage_taken":0,"max_hp_gain":0,"max_hp_loss":0,"event_name":"Drug Dealer","floor":24,"gold_loss":0,"cards_obtained":["J.A.X."]},{"damage_healed":0,"gold_gain":0,"player_choice":"1 cards matched","damage_taken":0,"max_hp_gain":0,"max_hp_loss":0,"event_name":"Match and Keep!","floor":29,"gold_loss":0,"cards_obtained":["Immolate"]}],"is_beta":true,"boss_relics":[{"not_picked":["SlaversCollar","Calling Bell"],"picked":"Runic Pyramid"},{"not_picked":["Busted Crown","Philosopher\u0027s Stone"],"picked":"Cursed Key"}],"items_purged_floors":[21],"is_endless":false,"potions_floor_spawned":[1,2,5,16,18,28,30,31,36,42],"killed_by":"4 Shapes","ascension_level":20}