{"gold_per_floor":[367,367,57,68,83,109,128,154,208,234,234,245,245,256,256,328,328,314,3,3,3,18,18,50,67,92,111,111,111,131,56,56,56],"floor_reached":33,"playtime":1774,"items_purged":["Clumsy"],"score":499,"play_id":"b4ae7e82-683d-4d58-ba8c-67f4403249af","local_time":"20191017020216","is_ascension_mode":true,"campfire_choices":[{"floor":11,"key":"REST"},{"data":"Metallicize","floor":13,"key":"SMITH"},{"data":"Inflame","floor":15,"key":"SMITH"},{"floor":23,"key":"REST"},{"floor":29,"key":"REST"},{"data":"Uppercut","floor":32,"key":"SMITH"}],"neow_cost":"CURSE","seed_source_timestamp":522786421603500,"circlet_count":0,"master_deck":["AscendersBane","Defend_R","Defend_R","Defend_R","Defend_R","Bash","Metallicize+1","Perfected Strike","Rampage","Flex","Shrug It Off","Inflame+1","Seeing Red","Combust","Impervious","Clothesline","Metallicize","Immolate","Bludgeon","Ghostly Armor","Uppercut+1","Bite","Bite","Bite","Bite","Bite"],"relics":["Burning Blood","Pen Nib","Boot","Letter Opener","Orichalcum","Omamori","Snecko Eye","Kunai","Potion Belt","Art of War"],"potions_floor_usage":[8,10,16,27,33,33],"damage_taken":[{"damage":9,"enemies":"2 Louse","floor":1,"turns":3},{"damage":6,"enemies":"Cultist","floor":4,"turns":3},{"damage":3,"enemies":"Small Slimes","floor":5,"turns":3},{"damage":35,"enemies":"3 Sentries","floor":6,"turns":7},{"damage":11,"enemies":"Blue Slaver","floor":7,"turns":4},{"damage":13,"enemies":"Lagavulin","floor":8,"turns":5},{"damage":6,"enemies":"3 Sentries","floor":10,"turns":6},{"damage":5,"enemies":"2 Fungi Beasts","floor":12,"turns":3},{"damage":1,"enemies":"Looter","floor":14,"turns":3},{"damage":41,"enemies":"The Guardian","floor":16,"turns":13},{"damage":30,"enemies":"2 Thieves","floor":18,"turns":4},{"damage":14,"enemies":"Spheric Guardian","floor":22,"turns":4},{"damage":51,"enemies":"Book of Stabbing","floor":24,"turns":6},{"damage":5,"enemies":"Snake Plant","floor":25,"turns":4},{"damage":0,"enemies":"Cultist and Chosen","floor":27,"turns":3},{"damage":1,"enemies":"3 Cultists","floor":30,"turns":4},{"damage":60,"enemies":"Champ","floor":33,"turns":6}],"seed_played":"4433590370884486092","potions_obtained":[{"floor":6,"key":"FearPotion"},{"floor":7,"key":"Strength Potion"},{"floor":8,"key":"SkillPotion"},{"floor":10,"key":"SkillPotion"},{"floor":14,"key":"EssenceOfSteel"},{"floor":22,"key":"Dexterity Potion"},{"floor":25,"key":"Swift Potion"}],"is_trial":false,"path_per_floor":["M","?","$","M","M","E","M","E","T","E","R","M","R","M","R","B",null,"M","$","?","$","M","R","E","M","T","M","?","R","M","?","R","B"],"character_chosen":"IRONCLAD","items_purchased":["Pen Nib","Metallicize","Kunai","Metallicize"],"campfire_rested":3,"item_purchase_floors":[3,3,19,19],"current_hp_per_floor":[69,53,53,53,56,27,22,15,15,15,39,40,40,45,45,10,63,39,39,39,39,31,55,10,11,11,17,17,33,46,46,46,0],"gold":56,"neow_bonus":"TWO_FIFTY_GOLD","is_prod":false,"is_daily":false,"chose_seed":false,"campfire_upgraded":3,"win_rate":0,"timestamp":1571270536,"path_taken":["M","?","$","M","M","E","M","E","T","E","R","M","R","M","R","BOSS","M","$","?","?","?","R","E","M","T","M","?","R","M","?","R","BOSS"],"build_version":"2019-07-17","purchased_purges":1,"victory":false,"max_hp_per_floor":[80,80,80,80,80,80,80,80,80,80,80,80,80,80,80,80,80,80,80,80,80,80,80,80,80,80,80,56,56,56,56,56,56],"card_choices":[{"not_picked":["Searing Blow","Havoc","Reckless Charge"],"picked":"SKIP","floor":1},{"not_picked":["Heavy Blade","Pummel"],"picked":"Perfected Strike","floor":4},{"not_picked":["Sword Boomerang","Fire Breathing"],"picked":"Rampage","floor":5},{"not_picked":["Thunderclap","Brutality"],"picked":"Flex","floor":6},{"not_picked":["Clash","Power Through"],"picked":"Shrug It Off","floor":7},{"not_picked":["Iron Wave","Rage"],"picked":"Inflame","floor":8},{"not_picked":["Second Wind","Heavy Blade"],"picked":"Seeing Red","floor":10},{"not_picked":["Burning Pact","Evolve"],"picked":"Warcry","floor":12},{"not_picked":["Rupture","Burning Pact"],"picked":"Combust","floor":14},{"not_picked":["Reaper","Dark Embrace"],"picked":"Impervious","floor":16},{"not_picked":["Rage","Thunderclap"],"picked":"Clothesline","floor":18},{"not_picked":["Armaments","Headbutt","True Grit"],"picked":"SKIP","floor":22},{"not_picked":["Rupture","Heavy Blade"],"picked":"Bludgeon","floor":24},{"not_picked":["Combust","Burning Pact+1"],"picked":"Ghostly Armor","floor":25},{"not_picked":["Body Slam","Searing Blow"],"picked":"Uppercut","floor":27},{"not_picked":["Headbutt","Warcry","Anger"],"picked":"SKIP","floor":30}],"player_experience":380037,"relics_obtained":[{"floor":6,"key":"Boot"},{"floor":8,"key":"Letter Opener"},{"floor":9,"key":"Orichalcum"},{"floor":10,"key":"Omamori"},{"floor":24,"key":"Potion Belt"},{"floor":26,"key":"Art of War"}],"event_choices":[{"damage_healed":0,"gold_gain":0,"player_choice":"Entered Light","damage_taken":16,"max_hp_gain":0,"max_hp_loss":0,"event_name":"Shining Light","floor":2,"gold_loss":0,"cards_upgraded":["Strike_R","Strike_R"]},{"damage_healed":0,"gold_gain":0,"cards_transformed":["Strike_R"],"player_choice":"Transformed","damage_taken":0,"max_hp_gain":0,"max_hp_loss":0,"event_name":"Transmorgrifier","floor":20,"gold_loss":0,"cards_obtained":["Immolate"]},{"damage_healed":0,"gold_gain":0,"player_choice":"Became a vampire","damage_taken":0,"max_hp_gain":0,"max_hp_loss":24,"event_name":"Vampires","floor":28,"gold_loss":0,"cards_obtained":["Bite","Bite","Bite","Bite","Bite"]},{"cards_removed":["Warcry"],"damage_healed":0,"gold_gain":0,"player_choice":"Gave Gold","damage_taken":0,"max_hp_gain":0,"max_hp_loss":0,"event_name":"Beggar","floor":31,"gold_loss":75}],"is_beta":false,"boss_relics":[{"not_picked":["Philosopher\u0027s Stone","Runic Dome"],"picked":"Snecko Eye"}],"items_purged_floors":[3],"is_endless":false,"potions_floor_spawned":[6,7,8,10,14,22,25],"killed_by":"Champ","ascension_level":13}