{"gold_per_floor":[116,133,152,152,152,173,173,10,10,10,23,23,37,58,58,179,179,198,198,297,297,318,354,66,66,66,91,109,109,132,153,153,153],"floor_reached":33,"playtime":5697,"items_purged":[],"score":299,"play_id":"bf3b1150-82d5-4634-8bed-aed97da45133","local_time":"20191011104703","is_ascension_mode":true,"campfire_choices":[{"data":"Neutralize","floor":7,"key":"SMITH"},{"data":"Leg Sweep","floor":15,"key":"SMITH"},{"floor":25,"key":"REST"},{"floor":29,"key":"REST"},{"data":"Caltrops","floor":32,"key":"SMITH"}],"neow_cost":"NONE","seed_source_timestamp":2195530700293059,"circlet_count":0,"master_deck":["Strike_G","Strike_G","Strike_G","Strike_G","Defend_G","Defend_G","Defend_G","Defend_G","Defend_G","Survivor","Neutralize+1","Flechettes","Leg Sweep+1","Dagger Throw","Distraction","Caltrops+1","Finesse","Escape Plan","Dagger Spray","Dagger Throw","Sucker Punch","Venomology","Heel Hook","Writhe","Dodge and Roll","Crippling Poison","Dodge and Roll","Sucker Punch","Terror","Footwork+1","Poisoned Stab+1","Acrobatics+1","Backflip+1","Footwork","Noxious Fumes"],"relics":["Ring of the Snake","Golden Idol","Kunai","Darkstone Periapt","Philosopher\u0027s Stone","Ornamental Fan","InkBottle","Toy Ornithopter","Orrery","Toxic Egg 2"],"potions_floor_usage":[16,18,23,23,27,28,28,30,31,33,33,33],"damage_taken":[{"damage":2,"enemies":"Small Slimes","floor":1,"turns":4},{"damage":0,"enemies":"Jaw Worm","floor":2,"turns":5},{"damage":0,"enemies":"Cultist","floor":3,"turns":5},{"damage":1,"enemies":"Large Slime","floor":6,"turns":6},{"damage":6,"enemies":"2 Fungi Beasts","floor":11,"turns":5},{"damage":2,"enemies":"Exordium Wildlife","floor":13,"turns":6},{"damage":0,"enemies":"Large Slime","floor":14,"turns":5},{"damage":1,"enemies":"The Guardian","floor":16,"turns":16},{"damage":19,"enemies":"Spheric Guardian","floor":18,"turns":6},{"damage":11,"enemies":"3 Byrds","floor":22,"turns":3},{"damage":42,"enemies":"Gremlin Leader","floor":23,"turns":9},{"damage":21,"enemies":"Sentry and Sphere","floor":27,"turns":8},{"damage":19,"enemies":"Snake Plant","floor":28,"turns":5},{"damage":0,"enemies":"Centurion and Healer","floor":30,"turns":9},{"damage":9,"enemies":"Cultist and Chosen","floor":31,"turns":9},{"damage":52,"enemies":"Collector","floor":33,"turns":5}],"seed_played":"-6222618863906518345","potions_obtained":[{"floor":1,"key":"SkillPotion"},{"floor":11,"key":"Explosive Potion"},{"floor":13,"key":"Fire Potion"},{"floor":30,"key":"PowerPotion"}],"is_trial":false,"path_per_floor":["M","M","M","?","?","M","R","$","T","$","M","?","M","M","R","B",null,"M","?","?","?","M","E","$","R","T","M","M","R","M","M","R","B"],"character_chosen":"THE_SILENT","items_purchased":["Caltrops","Finesse","Toy Ornithopter","Orrery"],"campfire_rested":2,"item_purchase_floors":[8,8,24,24],"current_hp_per_floor":[75,75,75,56,49,48,48,48,48,48,42,42,40,40,40,39,77,58,58,58,64,53,11,11,35,35,19,10,34,39,35,35,0],"gold":153,"neow_bonus":"TEN_PERCENT_HP_BONUS","is_prod":false,"is_daily":false,"chose_seed":false,"campfire_upgraded":3,"win_rate":0,"timestamp":1570787223,"path_taken":["M","M","M","?","?","M","R","$","T","?","M","?","?","M","R","BOSS","M","?","?","?","M","E","$","R","T","M","?","R","M","M","R","BOSS"],"build_version":"2019-09-09v2","purchased_purges":0,"victory":false,"max_hp_per_floor":[77,77,77,77,77,77,77,77,77,77,77,77,77,77,77,77,77,77,77,77,83,83,83,83,83,83,83,83,83,83,83,83,83],"card_choices":[{"not_picked":["Heel Hook","Underhanded Strike"],"picked":"Flechettes","floor":1},{"not_picked":["PiercingWail","Dagger Spray"],"picked":"Leg Sweep","floor":2},{"not_picked":["Acrobatics","Prepared"],"picked":"Dagger Throw","floor":3},{"not_picked":["Bane","All Out Attack"],"picked":"Distraction","floor":6},{"not_picked":["Masterful Stab","Acrobatics"],"picked":"Escape Plan","floor":11},{"not_picked":["Finisher","Masterful Stab"],"picked":"Dagger Throw","floor":13},{"not_picked":["Prepared","Riddle With Holes"],"picked":"Sucker Punch","floor":14},{"not_picked":["Glass Knife","Doppelganger"],"picked":"Venomology","floor":16},{"not_picked":["Blade Dance","Deflect"],"picked":"Heel Hook","floor":18},{"not_picked":["Dagger Throw","Slice"],"picked":"Dodge and Roll","floor":22},{"not_picked":["Deflect","Endless Agony+1"],"picked":"Crippling Poison","floor":23},{"not_picked":["Acrobatics","Backstab"],"picked":"Dodge and Roll","floor":24},{"not_picked":["Bouncing Flask","Endless Agony"],"picked":"Sucker Punch","floor":24},{"not_picked":["Bouncing Flask","Slice"],"picked":"Terror","floor":24},{"not_picked":["Backflip+1","Deadly Poison+1"],"picked":"Footwork+1","floor":24},{"not_picked":["Calculated Gamble","Slice+1"],"picked":"Poisoned Stab+1","floor":24},{"not_picked":["Deadly Poison+1","Slice+1"],"picked":"Acrobatics+1","floor":27},{"not_picked":["Dagger Spray","Reflex+1"],"picked":"Backflip+1","floor":28},{"not_picked":["Phantasmal Killer+1","Prepared+1"],"picked":"Footwork","floor":30},{"not_picked":["Prepared+1","Outmaneuver+1"],"picked":"Noxious Fumes","floor":31}],"player_experience":94008,"relics_obtained":[{"floor":9,"key":"Darkstone Periapt"},{"floor":23,"key":"InkBottle"},{"floor":26,"key":"Toxic Egg 2"}],"event_choices":[{"damage_healed":0,"gold_gain":0,"player_choice":"Take Damage","damage_taken":19,"relics_obtained":["Golden Idol"],"max_hp_gain":0,"max_hp_loss":0,"event_name":"Golden Idol","floor":4,"gold_loss":0},{"damage_healed":0,"gold_gain":0,"player_choice":"Success","damage_taken":7,"relics_obtained":["Kunai"],"max_hp_gain":0,"max_hp_loss":0,"event_name":"Scrap Ooze","floor":5,"gold_loss":0},{"damage_healed":0,"gold_gain":0,"cards_transformed":["Strike_G"],"player_choice":"Transformed","damage_taken":0,"max_hp_gain":0,"max_hp_loss":0,"event_name":"Transmorgrifier","floor":12,"gold_loss":0,"cards_obtained":["Dagger Spray"]},{"damage_healed":0,"gold_gain":0,"player_choice":"Ignored","damage_taken":0,"max_hp_gain":0,"max_hp_loss":0,"event_name":"Ghosts","floor":19,"gold_loss":0},{"damage_healed":0,"gold_gain":99,"player_choice":"Stole From Cult","damage_taken":0,"max_hp_gain":0,"max_hp_loss":0,"event_name":"Nest","floor":20,"gold_loss":0},{"damage_healed":0,"gold_gain":0,"player_choice":"Opened","damage_taken":0,"relics_obtained":["Ornamental Fan"],"max_hp_gain":0,"max_hp_loss":0,"event_name":"The Mausoleum","floor":21,"gold_loss":0,"cards_obtained":["Writhe"]}],"is_beta":true,"boss_relics":[{"not_picked":["Snecko Eye","HoveringKite"],"picked":"Philosopher\u0027s Stone"}],"items_purged_floors":[],"is_endless":false,"potions_floor_spawned":[1,11,13,30],"killed_by":"Collector","ascension_level":1}