{"gold_per_floor":[112,128,27,39,39,71,81,81,81,109,119,151,151,162,162,260,260,277,297,297,309,320,350,350,350,350,380,396,413,433,136,136,235,235,255,165,20,32,32,44,44,72,72,84,102,25,39,57,57,57,57,57,34,62,62],"floor_reached":56,"playtime":4110,"items_purged":[],"score":1554,"play_id":"66eced9e-989f-4b32-93ac-d9de9eb8d21e","local_time":"20190920093759","is_ascension_mode":true,"campfire_choices":[{"data":"Wild Strike","floor":13,"key":"SMITH"},{"data":"Bash","floor":15,"key":"SMITH"},{"floor":24,"key":"REST"},{"floor":32,"key":"REST"},{"floor":41,"key":"RECALL"},{"floor":49,"key":"REST"},{"floor":52,"key":"REST"}],"neow_cost":"NONE","seed_source_timestamp":2661697957300,"circlet_count":0,"master_deck":["Strike_R","Strike_R","Strike_R+1","Defend_R","Defend_R","Defend_R","Defend_R","Bash+1","Wild Strike+1","Seeing Red","Iron Wave","Feed+1","Thunderclap","Headbutt","Metallicize+1","Evolve+1","Clothesline+1","Shrug It Off","Demon Form+1","Clothesline+1","Infernal Blade","Inflame+1","Corruption+1","Dark Embrace+1","Decay","Heavy Blade+1","Power Through+1","Dual Wield","Havoc","Perfected Strike","Reaper","Feel No Pain+1","Power Through+1","Shockwave+1","Parasite","Heavy Blade","Feel No Pain+1","Demon Form+1","Clothesline+1","Shrug It Off","Bludgeon"],"relics":["Burning Blood","Anchor","Paper Frog","Frozen Egg 2","Question Card","Red Skull","Bottled Tornado","Snecko Eye","Pantograph","Bird Faced Urn","WingedGreaves","Gremlin Horn","Fusion Hammer","Blood Vial","Nunchaku","Champion Belt"],"potions_floor_usage":[11,23,42,50,55,55,55,55,55,55],"damage_taken":[{"damage":1,"enemies":"Cultist","floor":1,"turns":3},{"damage":2,"enemies":"Small Slimes","floor":2,"turns":4},{"damage":0,"enemies":"Jaw Worm","floor":4,"turns":2},{"damage":35,"enemies":"3 Sentries","floor":6,"turns":10},{"damage":0,"enemies":"3 Louse","floor":7,"turns":2},{"damage":35,"enemies":"Lagavulin","floor":10,"turns":7},{"damage":0,"enemies":"Red Slaver","floor":11,"turns":2},{"damage":8,"enemies":"Gremlin Nob","floor":12,"turns":3},{"damage":0,"enemies":"Large Slime","floor":14,"turns":3},{"damage":27,"enemies":"The Guardian","floor":16,"turns":9},{"damage":19,"enemies":"Spheric Guardian","floor":18,"turns":5},{"damage":24,"enemies":"3 Byrds","floor":19,"turns":5},{"damage":14,"enemies":"Snecko","floor":21,"turns":4},{"damage":15,"enemies":"Snake Plant","floor":22,"turns":3},{"damage":60,"enemies":"Slavers","floor":23,"turns":7},{"damage":27,"enemies":"Book of Stabbing","floor":27,"turns":5},{"damage":1,"enemies":"Cultist and Chosen","floor":28,"turns":5},{"damage":10,"enemies":"3 Cultists","floor":29,"turns":5},{"damage":4,"enemies":"Centurion and Healer","floor":30,"turns":6},{"damage":34,"enemies":"Champ","floor":33,"turns":7},{"damage":0,"enemies":"Orb Walker","floor":35,"turns":4},{"damage":12,"enemies":"3 Shapes","floor":38,"turns":3},{"damage":19,"enemies":"Maw","floor":40,"turns":6},{"damage":44,"enemies":"Reptomancer","floor":42,"turns":4},{"damage":6,"enemies":"Writhing Mass","floor":44,"turns":6},{"damage":12,"enemies":"4 Shapes","floor":45,"turns":3},{"damage":20,"enemies":"3 Darklings","floor":47,"turns":4},{"damage":20,"enemies":"Spire Growth","floor":48,"turns":5},{"damage":44,"enemies":"Donu and Deca","floor":50,"turns":8},{"damage":54,"enemies":"Shield and Spear","floor":54,"turns":5},{"damage":122,"enemies":"The Heart","floor":55,"turns":7}],"seed_played":"-8992337810787896110","potions_obtained":[{"floor":4,"key":"Energy Potion"},{"floor":10,"key":"GamblersBrew"},{"floor":11,"key":"Dexterity Potion"},{"floor":12,"key":"FairyPotion"},{"floor":14,"key":"BloodPotion"},{"floor":28,"key":"EssenceOfSteel"},{"floor":35,"key":"Regen Potion"},{"floor":45,"key":"EssenceOfSteel"},{"floor":48,"key":"EntropicBrew"},{"floor":54,"key":"EssenceOfSteel"}],"is_trial":false,"path_per_floor":["M","M","$","M","?","E","M","T","T","E","M","E","R","M","R","B",null,"M","M","?","M","M","E","R","?","T","E","M","M","M","$","R","B",null,"M","?","$","M","?","M","R","E","T","M","M","$","M","M","R","B",null,"R","$","E","B",null],"character_chosen":"IRONCLAD","items_purchased":["Seeing Red","Iron Wave","Perfected Strike","Gremlin Horn","Blood Vial","Feel No Pain+1","Shrug It Off"],"campfire_rested":4,"item_purchase_floors":[3,3,31,31,37,46,53],"current_hp_per_floor":[77,80,80,80,80,55,65,65,65,36,42,40,40,50,50,29,76,63,49,49,45,40,16,48,48,48,39,56,64,80,80,117,102,119,124,124,124,122,122,123,123,106,106,132,136,136,124,132,136,117,131,136,136,92,19],"gold":62,"neow_bonus":"RANDOM_COMMON_RELIC","is_prod":false,"is_daily":false,"chose_seed":false,"campfire_upgraded":2,"win_rate":0,"timestamp":1568965079,"path_taken":["M","?","?","M","?","E","M","?","T","E","M","E","R","M","R","BOSS","M","M","?","M","?","E","R","?","T","E","M","M","M","?","R","BOSS","M","?","?","M","?","M","R","E","T","M","M","$","M","M","R","BOSS","R","$","E","BOSS"],"build_version":"2019-07-17","purchased_purges":0,"victory":true,"max_hp_per_floor":[80,80,80,80,80,84,88,88,88,88,88,88,88,92,92,92,92,92,96,96,100,104,108,108,108,108,112,116,120,124,124,124,124,124,124,124,124,128,128,132,132,132,132,132,136,136,136,136,136,136,136,136,136,136,136],"card_choices":[{"not_picked":["Twin Strike","Havoc"],"picked":"Wild Strike","floor":1},{"not_picked":["Heavy Blade","Clash","Twin Strike"],"picked":"SKIP","floor":2},{"not_picked":["Feel No Pain","Shrug It Off"],"picked":"Feed","floor":4},{"not_picked":["Clash","Power Through"],"picked":"Thunderclap","floor":6},{"not_picked":["Sentinel","Twin Strike"],"picked":"Headbutt","floor":7},{"not_picked":["Battle Trance","Warcry","Blood for Blood"],"picked":"Metallicize+1","floor":10},{"not_picked":["Sentinel","Power Through","Havoc"],"picked":"Evolve+1","floor":11},{"not_picked":["Flex","Armaments","True Grit"],"picked":"Clothesline","floor":12},{"not_picked":["Cleave","Pommel Strike","Rampage"],"picked":"Shrug It Off","floor":14},{"not_picked":["Barricade+1","Feed","Dark Embrace+1"],"picked":"Demon Form+1","floor":16},{"not_picked":["Armaments+1","Flex+1","Whirlwind"],"picked":"Clothesline+1","floor":18},{"not_picked":["Sword Boomerang","True Grit","Iron Wave"],"picked":"Infernal Blade","floor":19},{"not_picked":["Intimidate","Body Slam","Bloodletting"],"picked":"Inflame+1","floor":21},{"not_picked":["Clash","Iron Wave+1","Thunderclap"],"picked":"Corruption+1","floor":22},{"not_picked":["Heavy Blade","Thunderclap+1","Sword Boomerang"],"picked":"Dark Embrace+1","floor":23},{"not_picked":["Havoc","True Grit","Clash+1"],"picked":"Heavy Blade+1","floor":27},{"not_picked":["Wild Strike","Second Wind","Perfected Strike"],"picked":"Power Through+1","floor":28},{"not_picked":["Warcry+1","Body Slam+1","Intimidate+1"],"picked":"Dual Wield","floor":29},{"not_picked":["Bloodletting","Armaments","Clash"],"picked":"Havoc","floor":30},{"not_picked":["Immolate","Dark Embrace+1","Offering"],"picked":"Reaper","floor":33},{"not_picked":["Fire Breathing+1","Power Through+1","True Grit"],"picked":"Feel No Pain+1","floor":35},{"not_picked":["Body Slam","Fire Breathing+1","Havoc"],"picked":"Power Through+1","floor":38},{"not_picked":["Flex+1","Rage+1","Rupture+1","Sword Boomerang"],"picked":"SKIP","floor":40},{"not_picked":["Iron Wave","Exhume","Armaments"],"picked":"Shockwave+1","floor":42},{"not_picked":["Second Wind+1","Twin Strike","Iron Wave+1","Havoc+1"],"picked":"SKIP","floor":44},{"not_picked":["Bloodletting","Iron Wave","Entrench"],"picked":"Heavy Blade","floor":45},{"not_picked":["Sever Soul+1","Twin Strike+1","Warcry"],"picked":"Demon Form+1","floor":47},{"not_picked":["Twin Strike","Reckless Charge","Shockwave"],"picked":"Clothesline+1","floor":48},{"not_picked":["Shrug It Off","Pommel Strike+1","Anger+1"],"picked":"Bludgeon","floor":54}],"player_experience":188934,"relics_obtained":[{"floor":6,"key":"Paper Frog"},{"floor":8,"key":"Frozen Egg 2"},{"floor":9,"key":"Question Card"},{"floor":10,"key":"Red Skull"},{"floor":12,"key":"Bottled Tornado"},{"floor":23,"key":"Pantograph"},{"floor":26,"key":"Bird Faced Urn"},{"floor":27,"key":"WingedGreaves"},{"floor":42,"key":"Nunchaku"},{"floor":54,"key":"Champion Belt"}],"event_choices":[{"damage_healed":0,"gold_gain":0,"player_choice":"Grow","damage_taken":0,"max_hp_gain":0,"max_hp_loss":0,"event_name":"Living Wall","floor":5,"gold_loss":0,"cards_upgraded":["Feed"]},{"damage_healed":0,"gold_gain":0,"player_choice":"Forge","damage_taken":0,"max_hp_gain":0,"max_hp_loss":0,"event_name":"Accursed Blacksmith","floor":20,"gold_loss":0,"cards_upgraded":["Clothesline"]},{"damage_healed":0,"gold_gain":0,"player_choice":"Cursed","damage_taken":0,"max_hp_gain":0,"max_hp_loss":0,"event_name":"Wheel of Change","floor":25,"gold_loss":0,"cards_obtained":["Decay"]},{"cards_removed":["Strike_R"],"damage_healed":0,"gold_gain":0,"player_choice":"Upgrade and Remove","damage_taken":0,"max_hp_gain":0,"max_hp_loss":0,"event_name":"Designer","floor":36,"gold_loss":90,"cards_upgraded":["Strike_R"]},{"cards_removed":["Strike_R"],"damage_healed":0,"gold_gain":0,"player_choice":"Removed Attack","damage_taken":0,"max_hp_gain":0,"max_hp_loss":0,"event_name":"Falling","floor":39,"gold_loss":0}],"is_beta":false,"boss_relics":[{"not_picked":["Black Blood","Astrolabe"],"picked":"Snecko Eye"},{"not_picked":["Lizard Tail","Calling Bell"],"picked":"Fusion Hammer"}],"items_purged_floors":[],"is_endless":false,"potions_floor_spawned":[4,10,11,12,14,19,28,33,35,45,48,54],"ascension_level":6}