{"gold_per_floor":[116,134,134,96,96,96,123,141,141,141,159,185,185,201,201,303,303,322,235,245,245,245,245,270,270,270,290,319,332,350,74,74,172,172,185,236,251,97,108,137,137,162,162,162,173,193,228,240,240,240],"floor_reached":51,"playtime":3859,"items_purged":["Writhe"],"score":901,"play_id":"e92a82cd-662b-4b7a-a941-2fcf13bf7fc8","local_time":"20190921191033","is_ascension_mode":true,"campfire_choices":[{"data":"Neutralize","floor":6,"key":"SMITH"},{"floor":15,"key":"REST"},{"data":"Burst","floor":23,"key":"SMITH"},{"floor":25,"key":"REST"},{"floor":32,"key":"REST"},{"floor":41,"key":"REST"},{"floor":44,"key":"REST"},{"floor":49,"key":"REST"}],"neow_cost":"PERCENT_DAMAGE","seed_source_timestamp":123679298984900,"circlet_count":0,"master_deck":["Strike_G","Strike_G","Defend_G","Defend_G","Defend_G+1","Defend_G","Defend_G","Survivor","Neutralize+1","Adrenaline+1","Blade Dance","Endless Agony+1","Choke+1","Blur","Blade Dance","Venomology","Terror","Deflect","Burst+1","Finisher+1","Leg Sweep+1","Bullet Time+1","Finisher+1","Footwork","Backflip","Quick Slash","Necronomicurse","Choke","Backflip","Acrobatics","Escape Plan+1","Choke","Corpse Explosion","Dodge and Roll","After Image","Tactician","Caltrops","Predator+1","Concentrate","Tactician+1","A Thousand Cuts","Dodge and Roll+1","Cloak And Dagger+1","Calculated Gamble","Dodge and Roll","Infinite Blades+1","Envenom","Outmaneuver"],"relics":["Ring of the Snake","Letter Opener","Centennial Puzzle","Juzu Bracelet","Astrolabe","Necronomicon","Boot","FossilizedHelix","Paper Crane","Tough Bandages","Happy Flower","Black Star","Bird Faced Urn","Mummified Hand","Regal Pillow","Oddly Smooth Stone","Prayer Wheel","Turnip","Torii","Snake Skull"],"potions_floor_usage":[20,24,27,28,29,29,33,33,33,36,37,40,40,42,42,42,45,46,47,50,50,50,50],"damage_taken":[{"damage":3,"enemies":"2 Louse","floor":1,"turns":4},{"damage":1,"enemies":"Cultist","floor":2,"turns":5},{"damage":2,"enemies":"Gremlin Nob","floor":7,"turns":3},{"damage":0,"enemies":"Small Slimes","floor":8,"turns":2},{"damage":0,"enemies":"2 Fungi Beasts","floor":11,"turns":2},{"damage":12,"enemies":"Lagavulin","floor":12,"turns":5},{"damage":0,"enemies":"Red Slaver","floor":14,"turns":1},{"damage":7,"enemies":"The Guardian","floor":16,"turns":12},{"damage":0,"enemies":"Chosen","floor":18,"turns":2},{"damage":5,"enemies":"Shell Parasite","floor":20,"turns":2},{"damage":11,"enemies":"Book of Stabbing","floor":24,"turns":3},{"damage":8,"enemies":"Snake Plant","floor":27,"turns":3},{"damage":20,"enemies":"Gremlin Leader","floor":28,"turns":4},{"damage":0,"enemies":"Sentry and Sphere","floor":29,"turns":4},{"damage":0,"enemies":"Shelled Parasite and Fungi","floor":30,"turns":5},{"damage":51,"enemies":"Collector","floor":33,"turns":11},{"damage":12,"enemies":"3 Shapes","floor":35,"turns":2},{"damage":0,"enemies":"2 Orb Walkers","floor":36,"turns":2},{"damage":24,"enemies":"3 Darklings","floor":37,"turns":5},{"damage":0,"enemies":"Jaw Worm Horde","floor":39,"turns":4},{"damage":0,"enemies":"Nemesis","floor":40,"turns":5},{"damage":47,"enemies":"Giant Head","floor":42,"turns":8},{"damage":11,"enemies":"Sphere and 2 Shapes","floor":45,"turns":5},{"damage":0,"enemies":"4 Shapes","floor":46,"turns":2},{"damage":16,"enemies":"Reptomancer","floor":47,"turns":4},{"damage":0,"enemies":"Jaw Worm Horde","floor":48,"turns":3},{"damage":64,"enemies":"Awakened One","floor":50,"turns":11}],"seed_played":"-7311997844393303276","potions_obtained":[{"floor":2,"key":"LiquidBronze"},{"floor":13,"key":"FearPotion"},{"floor":13,"key":"SkillPotion"},{"floor":16,"key":"Dexterity Potion"},{"floor":28,"key":"Explosive Potion"},{"floor":29,"key":"EssenceOfSteel"},{"floor":33,"key":"LiquidBronze"},{"floor":35,"key":"Block Potion"},{"floor":37,"key":"SkillPotion"},{"floor":46,"key":"Fire Potion"},{"floor":48,"key":"AttackPotion"}],"is_trial":false,"path_per_floor":["M","M","?","$","?","R","E","M","T","?","M","E","?","M","R","B",null,"M","$","M","?","?","R","E","R","T","M","E","M","M","$","R","B",null,"M","?","M","$","M","E","R","E","T","R","M","M","E","M","R","B",null],"character_chosen":"THE_SILENT","items_purchased":["Choke","Footwork","Backflip","Happy Flower","Corpse Explosion","Dodge and Roll","Concentrate"],"campfire_rested":6,"item_purchase_floors":[4,19,19,31,31,31,38],"current_hp_per_floor":[46,45,45,45,45,45,43,43,43,29,29,17,17,17,38,31,70,70,70,65,49,49,49,38,59,59,51,31,31,31,31,52,1,70,58,58,36,36,36,42,70,27,27,63,58,58,44,48,70,14],"gold":240,"neow_bonus":"THREE_RARE_CARDS","is_prod":false,"is_daily":false,"chose_seed":false,"campfire_upgraded":2,"win_rate":0,"timestamp":1569085833,"path_taken":["M","M","?","$","?","R","E","?","T","?","M","E","?","M","R","BOSS","M","?","M","?","?","R","E","R","T","M","E","M","M","$","R","BOSS","M","?","M","$","M","E","R","E","T","R","M","M","E","M","R","BOSS"],"build_version":"2019-07-17","purchased_purges":1,"victory":true,"max_hp_per_floor":[70,70,70,70,70,70,70,70,70,70,70,70,70,70,70,70,70,70,70,70,70,70,70,70,70,70,70,70,70,70,70,70,70,70,70,70,70,70,70,70,70,70,70,70,70,70,70,70,70,70],"card_choices":[{"not_picked":["Corpse Explosion","A Thousand Cuts"],"picked":"Adrenaline","floor":0},{"not_picked":["Sucker Punch","Reflex"],"picked":"Blade Dance","floor":1},{"not_picked":["Outmaneuver","Sucker Punch"],"picked":"Endless Agony","floor":2},{"not_picked":["Outmaneuver","All Out Attack"],"picked":"Blur","floor":7},{"not_picked":["Corpse Explosion","Prepared"],"picked":"Blade Dance","floor":8},{"not_picked":["Underhanded Strike","Cloak And Dagger"],"picked":"Venomology","floor":11},{"not_picked":["Riddle With Holes","Dagger Spray"],"picked":"Terror","floor":12},{"not_picked":["Deadly Poison","Setup"],"picked":"Deflect","floor":14},{"not_picked":["Malaise","Adrenaline"],"picked":"Burst","floor":16},{"not_picked":["Outmaneuver","Deflect"],"picked":"Finisher+1","floor":18},{"not_picked":["Well Laid Plans","Poisoned Stab"],"picked":"Quick Slash","floor":20},{"not_picked":["PiercingWail","Quick Slash"],"picked":"Choke","floor":24},{"not_picked":["Bane+1","Cloak And Dagger"],"picked":"Backflip","floor":27},{"not_picked":["Grand Finale","Slice"],"picked":"Acrobatics","floor":28},{"not_picked":["Poisoned Stab","Flechettes"],"picked":"Escape Plan+1","floor":29},{"not_picked":["Bouncing Flask","All Out Attack"],"picked":"Choke","floor":30},{"not_picked":["Glass Knife","Phantasmal Killer"],"picked":"After Image","floor":33},{"not_picked":["Sucker Punch+1","Catalyst"],"picked":"Tactician","floor":35},{"not_picked":["Dagger Spray","Setup+1"],"picked":"Caltrops","floor":36},{"not_picked":["Acrobatics","Expertise+1"],"picked":"Predator+1","floor":37},{"not_picked":["Deadly Poison","Crippling Poison+1"],"picked":"Tactician+1","floor":39},{"not_picked":["Eviscerate+1","Deflect"],"picked":"A Thousand Cuts","floor":40},{"not_picked":["Flechettes","Caltrops+1"],"picked":"Dodge and Roll+1","floor":42},{"not_picked":["Deadly Poison+1","Sucker Punch+1"],"picked":"Cloak And Dagger+1","floor":45},{"not_picked":["Well Laid Plans+1","Slice","Endless Agony+1"],"picked":"SKIP","floor":45},{"not_picked":["Backflip","Terror+1"],"picked":"Calculated Gamble","floor":46},{"not_picked":["Expertise","All Out Attack"],"picked":"Dodge and Roll","floor":46},{"not_picked":["Caltrops","Reflex+1"],"picked":"Infinite Blades+1","floor":47},{"not_picked":["Infinite Blades","Backflip"],"picked":"Envenom","floor":48},{"not_picked":["Sucker Punch","Skewer+1"],"picked":"Outmaneuver","floor":48}],"player_experience":209271,"relics_obtained":[{"floor":7,"key":"Letter Opener"},{"floor":9,"key":"Centennial Puzzle"},{"floor":12,"key":"Juzu Bracelet"},{"floor":21,"key":"Necronomicon"},{"floor":24,"key":"FossilizedHelix"},{"floor":26,"key":"Paper Crane"},{"floor":28,"key":"Tough Bandages"},{"floor":36,"key":"Bird Faced Urn"},{"floor":40,"key":"Mummified Hand"},{"floor":40,"key":"Regal Pillow"},{"floor":42,"key":"Oddly Smooth Stone"},{"floor":42,"key":"Prayer Wheel"},{"floor":43,"key":"Turnip"},{"floor":47,"key":"Torii"},{"floor":47,"key":"Snake Skull"}],"event_choices":[{"damage_healed":0,"gold_gain":0,"player_choice":"Grow","damage_taken":0,"max_hp_gain":0,"max_hp_loss":0,"event_name":"Living Wall","floor":3,"gold_loss":0,"cards_upgraded":["Endless Agony"]},{"damage_healed":0,"gold_gain":0,"player_choice":"Upgraded","damage_taken":0,"max_hp_gain":0,"max_hp_loss":0,"event_name":"Upgrade Shrine","floor":5,"gold_loss":0,"cards_upgraded":["Choke"]},{"damage_healed":0,"gold_gain":0,"player_choice":"Entered Light","damage_taken":14,"max_hp_gain":0,"max_hp_loss":0,"event_name":"Shining Light","floor":10,"gold_loss":0,"cards_upgraded":["Defend_G","Adrenaline"]},{"damage_healed":0,"gold_gain":0,"player_choice":"Got Potions","damage_taken":0,"max_hp_gain":0,"max_hp_loss":0,"event_name":"Lab","floor":13,"gold_loss":0},{"damage_healed":0,"gold_gain":0,"player_choice":"Obtained Book","damage_taken":16,"max_hp_gain":0,"max_hp_loss":0,"event_name":"Cursed Tome","floor":21,"gold_loss":0},{"damage_healed":0,"gold_gain":0,"player_choice":"Opened","damage_taken":0,"relics_obtained":["Boot"],"max_hp_gain":0,"max_hp_loss":0,"event_name":"The Mausoleum","floor":22,"gold_loss":0,"cards_obtained":["Writhe"]},{"damage_healed":0,"gold_gain":0,"player_choice":"Fight","damage_taken":0,"max_hp_gain":0,"max_hp_loss":0,"event_name":"Mysterious Sphere","floor":36,"gold_loss":0}],"is_beta":false,"boss_relics":[{"not_picked":["Sozu","Runic Dome"],"picked":"Astrolabe"},{"not_picked":["Pandora\u0027s Box","Calling Bell"],"picked":"Black Star"}],"items_purged_floors":[38],"is_endless":false,"potions_floor_spawned":[2,14,16,28,29,30,33,35,37,46,48],"ascension_level":3}