{"gold_per_floor":[117,34,49,59,12,39,56,91,91,91,110,137,157,167,167,167],"floor_reached":16,"playtime":865,"items_purged":[],"score":136,"play_id":"e76914fc-ef8b-4685-83f7-98c002085038","local_time":"20191015150518","is_ascension_mode":true,"campfire_choices":[{"data":"1","floor":15,"key":"LIFT"}],"neow_cost":"NONE","seed_source_timestamp":2561444903074893,"circlet_count":0,"master_deck":["Strike_R","Strike_R","Strike_R","Strike_R","Strike_R","Defend_R","Defend_R","Defend_R","Defend_R","Bash","Spot Weakness","Shockwave","Warcry","Shrug It Off","Seeing Red","Headbutt","Dual Wield","Cleave","Juggernaut","Shrug It Off","Second Wind","Flame Barrier","Battle Trance"],"relics":["SlaversCollar","Bronze Scales","Orichalcum","Girya"],"potions_floor_usage":[6,10,12,16,16],"damage_taken":[{"damage":4,"enemies":"Cultist","floor":1,"turns":5},{"damage":4,"enemies":"2 Louse","floor":3,"turns":4},{"damage":4,"enemies":"Small Slimes","floor":4,"turns":4},{"damage":18,"enemies":"Gremlin Nob","floor":6,"turns":4},{"damage":3,"enemies":"Exordium Wildlife","floor":7,"turns":5},{"damage":12,"enemies":"3 Sentries","floor":8,"turns":4},{"damage":0,"enemies":"3 Louse","floor":11,"turns":2},{"damage":7,"enemies":"Gremlin Nob","floor":12,"turns":2},{"damage":3,"enemies":"Blue Slaver","floor":13,"turns":5},{"damage":0,"enemies":"Exordium Thugs","floor":14,"turns":4},{"damage":53,"enemies":"Slime Boss","floor":16,"turns":7}],"seed_played":"5980601857033222710","potions_obtained":[{"floor":1,"key":"Ancient Potion"},{"floor":6,"key":"SteroidPotion"},{"floor":10,"key":"GamblersBrew"},{"floor":10,"key":"LiquidBronze"},{"floor":10,"key":"BloodPotion"},{"floor":12,"key":"Ancient Potion"},{"floor":13,"key":"SkillPotion"},{"floor":14,"key":"PowerPotion"}],"is_trial":false,"path_per_floor":["M","$","M","M","$","E","M","E","T","?","M","E","M","M","R","B"],"character_chosen":"IRONCLAD","items_purchased":["Shockwave","Warcry","Headbutt"],"campfire_rested":0,"item_purchase_floors":[2,2,5],"current_hp_per_floor":[76,76,72,68,68,50,47,35,35,55,55,48,45,45,45,0],"gold":167,"neow_bonus":"BOSS_RELIC","is_prod":false,"is_daily":false,"chose_seed":false,"campfire_upgraded":0,"win_rate":0,"timestamp":1571148318,"path_taken":["M","?","M","?","?","E","M","E","T","?","M","E","M","M","R","BOSS"],"build_version":"2019-09-09v2","purchased_purges":0,"victory":false,"max_hp_per_floor":[80,80,80,80,80,80,80,80,80,80,80,80,80,80,80,80],"card_choices":[{"not_picked":["Searing Blow","Thunderclap"],"picked":"Spot Weakness","floor":1},{"not_picked":["Pommel Strike","Sever Soul"],"picked":"Shrug It Off","floor":3},{"not_picked":["Rampage","Anger"],"picked":"Seeing Red","floor":4},{"not_picked":["Sentinel","Body Slam"],"picked":"Dual Wield","floor":6},{"not_picked":["Flex","Carnage"],"picked":"Cleave","floor":7},{"not_picked":["Clothesline","Intimidate"],"picked":"Juggernaut","floor":8},{"not_picked":["Sword Boomerang","Bloodletting"],"picked":"Shrug It Off","floor":11},{"not_picked":["Flex","Rupture"],"picked":"Second Wind","floor":12},{"not_picked":["Clash","Searing Blow"],"picked":"Flame Barrier","floor":13},{"not_picked":["Rupture","Twin Strike"],"picked":"Battle Trance","floor":14}],"player_experience":213429,"relics_obtained":[{"floor":6,"key":"Bronze Scales"},{"floor":8,"key":"Orichalcum"},{"floor":12,"key":"Girya"}],"event_choices":[{"damage_healed":0,"gold_gain":0,"player_choice":"Got Potions","damage_taken":0,"max_hp_gain":0,"max_hp_loss":0,"event_name":"Lab","floor":10,"gold_loss":0}],"is_beta":true,"boss_relics":[],"items_purged_floors":[],"is_endless":false,"potions_floor_spawned":[1,6,12,13,14],"killed_by":"Slime Boss","ascension_level":2}