{"gold_per_floor":[113,124,124,140,215,215,255,255,279,294,294,294,294,329,329,424,424,447,472,472,89,14,14,14,353,431,431,431],"floor_reached":28,"playtime":882,"items_purged":["Strike_R"],"score":484,"play_id":"4ed6d863-17dc-4096-a8a7-ad92dc1b8f21","local_time":"20191016171835","is_ascension_mode":true,"campfire_choices":[{"data":"Anger","floor":6,"key":"SMITH"},{"data":"Rampage","floor":8,"key":"SMITH"},{"data":"Uppercut","floor":11,"key":"SMITH"},{"floor":15,"key":"REST"},{"floor":23,"key":"REST"}],"neow_cost":"NONE","seed_source_timestamp":160704141857200,"circlet_count":0,"master_deck":["AscendersBane","Defend_R","Defend_R","Defend_R","Defend_R","Bash","Brutality","Anger+1","Rampage+1","Anger+1","Uppercut+1","Flame Barrier","Impervious","Ghostly Armor+1","Spot Weakness+1","Rupture+1","Disarm+1","J.A.X.","Corruption","Seeing Red","Sword Boomerang"],"relics":["Burning Blood","Golden Idol","Gremlin Horn","Smiling Mask","Strawberry","Astrolabe","Strange Spoon","Old Coin","Bottled Lightning"],"potions_floor_usage":[7,7,14],"damage_taken":[{"damage":14,"enemies":"Cultist","floor":1,"turns":4},{"damage":10,"enemies":"Small Slimes","floor":2,"turns":4},{"damage":10,"enemies":"2 Louse","floor":4,"turns":4},{"damage":17,"enemies":"Gremlin Nob","floor":7,"turns":4},{"damage":12,"enemies":"Looter","floor":10,"turns":3},{"damage":11,"enemies":"Lagavulin","floor":14,"turns":5},{"damage":32,"enemies":"Slime Boss","floor":16,"turns":8},{"damage":24,"enemies":"Shell Parasite","floor":18,"turns":5},{"damage":22,"enemies":"3 Byrds","floor":19,"turns":5},{"damage":26,"enemies":"Gremlin Leader","floor":25,"turns":6},{"damage":30,"enemies":"3 Cultists","floor":28,"turns":5}],"seed_played":"-3756054915853602385","potions_obtained":[{"floor":2,"key":"Block Potion"},{"floor":4,"key":"Block Potion"},{"floor":10,"key":"Energy Potion"}],"is_trial":false,"path_per_floor":["M","M","?","M","?","R","E","R","T","M","R","?","?","E","R","B",null,"M","M","?","$","?","R","$","E","T","$","M"],"character_chosen":"IRONCLAD","items_purchased":["Corruption","Strange Spoon","Seeing Red"],"campfire_rested":2,"item_purchase_floors":[21,21,21],"current_hp_per_floor":[60,56,56,52,41,41,30,30,30,24,24,24,24,26,48,22,62,44,28,28,28,28,50,50,30,30,30,0],"gold":431,"neow_bonus":"ONE_RANDOM_RARE_CARD","is_prod":false,"is_daily":false,"chose_seed":false,"campfire_upgraded":3,"win_rate":0,"timestamp":1571271515,"path_taken":["M","M","?","M","?","R","E","R","T","M","R","?","?","E","R","BOSS","M","M","?","$","?","R","?","E","T","$","M"],"build_version":"2019-10-16","purchased_purges":1,"victory":false,"max_hp_per_floor":[75,75,68,68,68,68,68,68,68,68,68,68,68,75,75,75,75,75,75,75,75,75,75,75,75,75,75,75],"card_choices":[{"not_picked":["Dropkick","Sentinel"],"picked":"Anger","floor":1},{"not_picked":["Cleave","Shrug It Off"],"picked":"Rampage","floor":2},{"not_picked":["Clash","Warcry"],"picked":"Anger","floor":4},{"not_picked":["Clash","Searing Blow","Bloodletting"],"picked":"SKIP","floor":7},{"not_picked":["Iron Wave","Carnage"],"picked":"Uppercut","floor":10},{"not_picked":["Cleave","Havoc"],"picked":"Flame Barrier","floor":14},{"not_picked":["Limit Break","Barricade"],"picked":"Impervious","floor":16},{"not_picked":["Metallicize","Thunderclap"],"picked":"Disarm+1","floor":18},{"not_picked":["Carnage","Flex","Metallicize"],"picked":"SKIP","floor":19},{"not_picked":["Rage","Cleave"],"picked":"Sword Boomerang","floor":25}],"player_experience":1603331,"relics_obtained":[{"floor":7,"key":"Gremlin Horn"},{"floor":9,"key":"Smiling Mask"},{"floor":14,"key":"Strawberry"},{"floor":25,"key":"Old Coin"},{"floor":26,"key":"Bottled Lightning"}],"event_choices":[{"damage_healed":0,"gold_gain":0,"player_choice":"Lose Max HP","damage_taken":0,"relics_obtained":["Golden Idol"],"max_hp_gain":0,"max_hp_loss":7,"event_name":"Golden Idol","floor":3,"gold_loss":0},{"damage_healed":0,"gold_gain":75,"player_choice":"Gather Gold","damage_taken":11,"max_hp_gain":0,"max_hp_loss":0,"event_name":"World of Goop","floor":5,"gold_loss":0},{"damage_healed":0,"gold_gain":0,"player_choice":"Grow","damage_taken":0,"max_hp_gain":0,"max_hp_loss":0,"event_name":"Living Wall","floor":12,"gold_loss":0,"cards_upgraded":["Anger"]},{"damage_healed":0,"gold_gain":0,"player_choice":"Ignored","damage_taken":0,"max_hp_gain":0,"max_hp_loss":0,"event_name":"Liars Game","floor":13,"gold_loss":0},{"damage_healed":0,"gold_gain":0,"player_choice":"Obtain J.A.X.","damage_taken":0,"max_hp_gain":0,"max_hp_loss":0,"event_name":"Drug Dealer","floor":20,"gold_loss":0,"cards_obtained":["J.A.X."]},{"cards_removed":["Strike_R"],"damage_healed":0,"gold_gain":0,"player_choice":"Gave Gold","damage_taken":0,"max_hp_gain":0,"max_hp_loss":0,"event_name":"Beggar","floor":22,"gold_loss":75}],"is_beta":true,"boss_relics":[{"not_picked":["Black Blood","SacredBark"],"picked":"Astrolabe"}],"items_purged_floors":[21],"is_endless":false,"potions_floor_spawned":[2,4,10],"killed_by":"3 Cultists","ascension_level":20}