{"gold_per_floor":[13,28,41,59,75,75,100,100,100,131,131,131,172,193,193,288,288,312,325,350,350,350,350,394,417,468,518,518,518,538,559,559,652,652,666,682,745,90,104,104,148,148,171,171,171,196,272,311,311,311,311],"floor_reached":52,"playtime":2454,"items_purged":["Strike_R"],"score":2029,"play_id":"6385be87-31cd-4cc1-9dd6-84bce7729e25","local_time":"20191018184318","is_ascension_mode":true,"campfire_choices":[{"data":"Inflame","floor":6,"key":"SMITH"},{"data":"Armaments","floor":8,"key":"SMITH"},{"data":"Flame Barrier","floor":15,"key":"SMITH"},{"data":"Spot Weakness","floor":23,"key":"SMITH"},{"floor":29,"key":"REST"},{"data":"Spot Weakness","floor":32,"key":"SMITH"},{"data":"Berserk","floor":40,"key":"SMITH"},{"data":"Inflame","floor":42,"key":"SMITH"},{"data":"Intimidate","floor":44,"key":"SMITH"},{"data":"True Grit","floor":49,"key":"SMITH"}],"neow_cost":"NO_GOLD","seed_source_timestamp":337014859296600,"circlet_count":0,"master_deck":["AscendersBane","Strike_R","Defend_R","Defend_R","Defend_R","Defend_R","Bash","Inflame+1","Armaments+1","Sword Boomerang","Spot Weakness+1","Power Through","Intimidate+1","Feed","Flame Barrier+1","Brutality","Pummel","Shrug It Off","Spot Weakness+1","Sword Boomerang","Pommel Strike","Fire Breathing","Reaper","Berserk+1","Purity","Violence","Inflame+1","Madness","Madness","True Grit+1","Reaper"],"relics":["Burning Blood","FossilizedHelix","Toy Ornithopter","InkBottle","Pen Nib","Golden Idol","Regal Pillow","Runic Pyramid","Enchiridion","Gremlin Horn","Happy Flower","Coffee Dripper","Bird Faced Urn","Membership Card","Art of War","Mango","CaptainsWheel","Blood Vial","Mummified Hand","Lantern"],"potions_floor_usage":[10,13,24,33,37],"damage_taken":[{"damage":0,"enemies":"Jaw Worm","floor":1,"turns":2},{"damage":0,"enemies":"Small Slimes","floor":2,"turns":3},{"damage":0,"enemies":"Cultist","floor":3,"turns":4},{"damage":17,"enemies":"Large Slime","floor":4,"turns":6},{"damage":1,"enemies":"2 Fungi Beasts","floor":5,"turns":4},{"damage":0,"enemies":"Gremlin Nob","floor":7,"turns":3},{"damage":0,"enemies":"Lagavulin","floor":10,"turns":5},{"damage":15,"enemies":"3 Sentries","floor":13,"turns":10},{"damage":0,"enemies":"Blue Slaver","floor":14,"turns":6},{"damage":5,"enemies":"Hexaghost","floor":16,"turns":7},{"damage":19,"enemies":"Shell Parasite","floor":18,"turns":4},{"damage":3,"enemies":"2 Thieves","floor":19,"turns":4},{"damage":3,"enemies":"Snake Plant","floor":20,"turns":4},{"damage":33,"enemies":"Gremlin Leader","floor":24,"turns":7},{"damage":20,"enemies":"Shelled Parasite and Fungi","floor":25,"turns":5},{"damage":11,"enemies":"3 Cultists","floor":30,"turns":4},{"damage":0,"enemies":"Snecko","floor":31,"turns":4},{"damage":37,"enemies":"Champ","floor":33,"turns":10},{"damage":31,"enemies":"3 Shapes","floor":35,"turns":6},{"damage":0,"enemies":"Orb Walker","floor":36,"turns":3},{"damage":48,"enemies":"2 Orb Walkers","floor":37,"turns":4},{"damage":11,"enemies":"Spire Growth","floor":39,"turns":6},{"damage":6,"enemies":"Nemesis","floor":41,"turns":3},{"damage":0,"enemies":"Maw","floor":46,"turns":6},{"damage":70,"enemies":"Giant Head","floor":48,"turns":7},{"damage":76,"enemies":"Time Eater","floor":50,"turns":10},{"damage":99,"enemies":"Awakened One","floor":51,"turns":8}],"seed_played":"2797315494374437855","potions_obtained":[{"floor":1,"key":"GamblersBrew"},{"floor":5,"key":"FearPotion"},{"floor":7,"key":"AttackPotion"},{"floor":10,"key":"Regen Potion"},{"floor":13,"key":"SkillPotion"},{"floor":30,"key":"Swift Potion"},{"floor":31,"key":"PowerPotion"},{"floor":33,"key":"Strength Potion"},{"floor":36,"key":"Fire Potion"},{"floor":39,"key":"FairyPotion"}],"is_trial":false,"path_per_floor":["M","M","M","M","M","R","E","R","T","E","?","?","E","M","R","B",null,"M","M","M","?","?","R","E","M","T","?","?","R","M","M","R","B",null,"M","M","?","$","M","R","E","R","T","R","?","M","T","E","R","B","B",null],"character_chosen":"IRONCLAD","items_purchased":["Membership Card","Purity","Art of War","Mango","ElixirPotion","Violence"],"campfire_rested":1,"item_purchase_floors":[38,38,38,38,38,38],"current_hp_per_floor":[74,75,75,64,69,69,75,75,75,75,49,49,60,69,69,70,76,67,73,80,59,59,59,37,26,26,26,26,68,66,75,75,53,87,92,98,88,102,118,118,121,121,121,121,99,121,121,102,102,112,101],"gold":311,"neow_bonus":"ONE_RARE_RELIC","is_prod":false,"is_daily":false,"chose_seed":false,"campfire_upgraded":9,"win_rate":0,"timestamp":1571449398,"path_taken":["M","M","M","M","M","R","E","R","T","E","?","?","E","M","R","BOSS","M","?","M","?","?","R","E","M","T","?","?","R","M","M","R","BOSS","M","M","?","$","M","R","E","R","T","R","?","M","?","E","R","BOSS","BOSS"],"build_version":"2019-10-17","purchased_purges":1,"victory":true,"max_hp_per_floor":[75,75,75,75,75,75,75,75,75,75,75,75,75,78,78,78,78,82,85,89,89,89,89,89,92,92,92,92,92,95,98,98,98,98,101,101,104,118,118,118,121,121,121,121,121,125,125,129,129,133,133],"card_choices":[{"not_picked":["Perfected Strike","Sword Boomerang"],"picked":"Inflame","floor":1},{"not_picked":["Body Slam","Second Wind"],"picked":"Armaments","floor":2},{"not_picked":["Perfected Strike","Corruption","Twin Strike"],"picked":"SKIP","floor":3},{"not_picked":["Seeing Red","Body Slam"],"picked":"Sword Boomerang","floor":4},{"not_picked":["Pommel Strike","Cleave","Sever Soul"],"picked":"SKIP","floor":5},{"not_picked":["Inflame","Dropkick"],"picked":"Spot Weakness","floor":7},{"not_picked":["Rampage","Entrench"],"picked":"Power Through","floor":10},{"not_picked":["Havoc","Searing Blow"],"picked":"Feed","floor":13},{"not_picked":["Havoc","Sword Boomerang"],"picked":"Flame Barrier","floor":14},{"not_picked":["Bludgeon","Juggernaut"],"picked":"Brutality","floor":16},{"not_picked":["Hemokinesis","Heavy Blade"],"picked":"Pummel","floor":18},{"not_picked":["Intimidate","Clothesline"],"picked":"Shrug It Off","floor":19},{"not_picked":["Ghostly Armor","Combust","Havoc"],"picked":"SKIP","floor":20},{"not_picked":["Pommel Strike","Heavy Blade","Rampage+1"],"picked":"SKIP","floor":24},{"not_picked":["Pommel Strike","Heavy Blade","Rampage+1"],"picked":"SKIP","floor":24},{"not_picked":["Cleave","Perfected Strike"],"picked":"Sword Boomerang","floor":25},{"not_picked":["Clash+1","Thunderclap","Heavy Blade"],"picked":"SKIP","floor":30},{"not_picked":["Clothesline","Rupture"],"picked":"Reaper","floor":31},{"not_picked":["Barricade","Demon Form"],"picked":"Berserk","floor":33},{"not_picked":["Twin Strike","Evolve","Disarm"],"picked":"SKIP","floor":35},{"not_picked":["Body Slam","Clash","Twin Strike"],"picked":"SKIP","floor":36},{"not_picked":["Armaments+1","Havoc","Clash"],"picked":"SKIP","floor":39},{"not_picked":["Clothesline","Entrench"],"picked":"Inflame","floor":41},{"not_picked":["Heavy Blade+1","Sword Boomerang"],"picked":"True Grit","floor":46},{"not_picked":["Bloodletting","Carnage"],"picked":"Reaper","floor":48}],"player_experience":1646583,"relics_obtained":[{"floor":7,"key":"Toy Ornithopter"},{"floor":9,"key":"InkBottle"},{"floor":10,"key":"Pen Nib"},{"floor":13,"key":"Regal Pillow"},{"floor":21,"key":"Enchiridion"},{"floor":24,"key":"Gremlin Horn"},{"floor":26,"key":"Happy Flower"},{"floor":37,"key":"Bird Faced Urn"},{"floor":41,"key":"CaptainsWheel"},{"floor":43,"key":"Blood Vial"},{"floor":47,"key":"Mummified Hand"},{"floor":48,"key":"Lantern"}],"event_choices":[{"damage_healed":0,"gold_gain":0,"player_choice":"Take Damage","damage_taken":26,"relics_obtained":["Golden Idol"],"max_hp_gain":0,"max_hp_loss":0,"event_name":"Golden Idol","floor":11,"gold_loss":0},{"damage_healed":0,"gold_gain":0,"cards_transformed":["Strike_R"],"player_choice":"Transformed","damage_taken":0,"max_hp_gain":0,"max_hp_loss":0,"event_name":"Transmorgrifier","floor":12,"gold_loss":0,"cards_obtained":["Intimidate"]},{"damage_healed":0,"gold_gain":0,"player_choice":"Obtained Book","damage_taken":21,"max_hp_gain":0,"max_hp_loss":0,"event_name":"Cursed Tome","floor":21,"gold_loss":0},{"damage_healed":0,"gold_gain":0,"player_choice":"Read","damage_taken":0,"max_hp_gain":0,"max_hp_loss":0,"event_name":"The Library","floor":22,"gold_loss":0,"cards_obtained":["Spot Weakness"]},{"damage_healed":0,"gold_gain":50,"player_choice":"Stole From Cult","damage_taken":0,"max_hp_gain":0,"max_hp_loss":0,"event_name":"Nest","floor":27,"gold_loss":0},{"damage_healed":0,"gold_gain":0,"cards_transformed":["Strike_R","Strike_R"],"player_choice":"Became Test Subject","damage_taken":0,"max_hp_gain":0,"max_hp_loss":0,"event_name":"Drug Dealer","floor":28,"gold_loss":0,"cards_obtained":["Pommel Strike","Fire Breathing"]},{"damage_healed":0,"gold_gain":0,"player_choice":"Fight","damage_taken":0,"max_hp_gain":0,"max_hp_loss":0,"event_name":"Mysterious Sphere","floor":37,"gold_loss":0},{"damage_healed":0,"gold_gain":0,"player_choice":"Embrace Madness","damage_taken":22,"max_hp_gain":0,"max_hp_loss":0,"event_name":"Winding Halls","floor":45,"gold_loss":0,"cards_obtained":["Madness","Madness"]}],"is_beta":true,"boss_relics":[{"not_picked":["Ectoplasm","Empty Cage"],"picked":"Runic Pyramid"},{"not_picked":["Snecko Eye","Pandora\u0027s Box"],"picked":"Coffee Dripper"}],"items_purged_floors":[38],"is_endless":false,"potions_floor_spawned":[1,5,7,10,13,18,30,31,33,35,36,39,41],"ascension_level":20}