{"gold_per_floor":[111,128,147,165,20,54,54,88,88,108],"floor_reached":10,"playtime":709,"items_purged":["Defend_B"],"score":88,"play_id":"e805c4c3-8b55-4d33-9c52-e545e2bbf66e","local_time":"20190913210139","is_ascension_mode":true,"campfire_choices":[{"data":"Hello World","floor":7,"key":"SMITH"}],"neow_cost":"NONE","seed_source_timestamp":119835475049000,"circlet_count":0,"master_deck":["Strike_B","Strike_B","Strike_B","Strike_B","Defend_B","Defend_B","Defend_B","Zap","Dualcast+1","Ball Lightning","Auto Shields","Leap","Hello World+1","Storm","Defragment","Conserve Battery"],"relics":["Cracked Core","Ginger","Darkstone Periapt"],"potions_floor_usage":[6],"damage_taken":[{"damage":1,"enemies":"Cultist","floor":1,"turns":3},{"damage":7,"enemies":"Jaw Worm","floor":2,"turns":2},{"damage":0,"enemies":"2 Louse","floor":3,"turns":2},{"damage":0,"enemies":"Large Slime","floor":4,"turns":5},{"damage":9,"enemies":"3 Sentries","floor":6,"turns":5},{"damage":6,"enemies":"Lagavulin","floor":8,"turns":6},{"damage":21,"enemies":"Exordium Wildlife","floor":10,"turns":5}],"seed_played":"861832091559985548","potions_obtained":[{"floor":1,"key":"Fire Potion"},{"floor":6,"key":"Regen Potion"},{"floor":8,"key":"AttackPotion"}],"is_trial":false,"path_per_floor":["M","M","M","M","$","E","R","E","T","M"],"character_chosen":"DEFECT","items_purchased":["Storm"],"campfire_rested":0,"item_purchase_floors":[5],"current_hp_per_floor":[74,67,67,67,67,58,58,52,52,31],"gold":108,"neow_bonus":"UPGRADE_CARD","is_prod":false,"is_daily":false,"chose_seed":false,"campfire_upgraded":1,"win_rate":0,"timestamp":1568401299,"path_taken":["M","M","?","M","$","E","R","E","T","M"],"build_version":"2019-07-17","purchased_purges":1,"victory":false,"max_hp_per_floor":[75,75,75,75,75,75,75,75,75,75],"card_choices":[{"not_picked":["Force Field","Hologram"],"picked":"Ball Lightning","floor":1},{"not_picked":["Go for the Eyes","Hologram"],"picked":"Auto Shields","floor":2},{"not_picked":["Steam Power","Go for the Eyes"],"picked":"Leap","floor":3},{"not_picked":["Sweeping Beam","Cold Snap"],"picked":"Hello World","floor":4},{"not_picked":["Double Energy","Darkness"],"picked":"Defragment","floor":6},{"not_picked":["Core Surge","Redo"],"picked":"Conserve Battery","floor":8},{"not_picked":["Conserve Battery","Hologram","Coolheaded"],"picked":"SKIP","floor":10}],"player_experience":96420,"relics_obtained":[{"floor":6,"key":"Ginger"},{"floor":8,"key":"Darkstone Periapt"}],"event_choices":[],"is_beta":false,"boss_relics":[],"items_purged_floors":[5],"is_endless":false,"potions_floor_spawned":[1,6,8],"killed_by":"Exordium Wildlife","ascension_level":2}