{"gold_per_floor":[119,119,40,40,51,81,6,34,112,132,132,143,143,156,156,231,231,246,246,264,278,298,298,312,337,385,385,395,73,100,114,114,192,192,204,204,123,345,360,360,235,269,269,66,98,44,61,89,89,89,89],"floor_reached":52,"playtime":4025,"items_purged":["Regret","Injury","Strike_R","Strike_R"],"score":1940,"play_id":"7802907b-2ab7-41b5-ab66-06846ed01f07","local_time":"20191017082629","is_ascension_mode":true,"campfire_choices":[{"data":"Clothesline","floor":11.0,"key":"SMITH"},{"data":"True Grit","floor":13.0,"key":"SMITH"},{"data":"Bash","floor":15.0,"key":"SMITH"},{"floor":23.0,"key":"REST"},{"floor":27.0,"key":"REST"},{"data":"Heavy Blade","floor":32.0,"key":"SMITH"},{"data":"Spot Weakness","floor":40.0,"key":"SMITH"},{"data":"Limit Break","floor":49,"key":"SMITH"}],"neow_cost":"NONE","seed_source_timestamp":211987279030200,"circlet_count":0,"master_deck":["AscendersBane","Strike_R","Strike_R","Strike_R","Defend_R","Defend_R","Defend_R","Defend_R","Bash+1","Clothesline+1","Battle Trance","Hemokinesis+1","Evolve","True Grit+1","Battle Trance","Double Tap","Warcry+1","Wild Strike+1","Shrug It Off","Reaper","Havoc+1","Heavy Blade+1","Disarm","Reaper","Armaments+1","Spot Weakness+1","Shrug It Off","Limit Break+1","Pummel"],"special_seed":0,"relics":["Burning Blood","NeowsBlessing","Oddly Smooth Stone","Bronze Scales","TungstenRod","InkBottle","Cursed Key","MealTicket","Pen Nib","Brimstone","Red Mask","Coffee Dripper","Juzu Bracelet","Torii","Ornamental Fan"],"potions_floor_usage":[48],"damage_taken":[{"damage":0.0,"enemies":"Jaw Worm","floor":1.0,"turns":1.0},{"damage":0.0,"enemies":"2 Louse","floor":5.0,"turns":1.0},{"damage":0.0,"enemies":"Lagavulin","floor":6.0,"turns":2.0},{"damage":33.0,"enemies":"3 Sentries","floor":8.0,"turns":11.0},{"damage":0.0,"enemies":"Small Slimes","floor":10.0,"turns":3.0},{"damage":4.0,"enemies":"Red Slaver","floor":12.0,"turns":3.0},{"damage":9.0,"enemies":"Large Slime","floor":14.0,"turns":5.0},{"damage":25.0,"enemies":"The Guardian","floor":16.0,"turns":10.0},{"damage":22.0,"enemies":"Shell Parasite","floor":18.0,"turns":7.0},{"damage":8.0,"enemies":"3 Byrds","floor":20.0,"turns":4.0},{"damage":28.0,"enemies":"3 Cultists","floor":21.0,"turns":6.0},{"damage":14.0,"enemies":"Chosen and Byrds","floor":22.0,"turns":4.0},{"damage":15.0,"enemies":"Snake Plant","floor":24.0,"turns":4.0},{"damage":28.0,"enemies":"Slavers","floor":25.0,"turns":7.0},{"damage":22.0,"enemies":"Shelled Parasite and Fungi","floor":28.0,"turns":5.0},{"damage":12.0,"enemies":"Masked Bandits","floor":30.0,"turns":3.0},{"damage":7.0,"enemies":"Chosen and Byrds","floor":31.0,"turns":4.0},{"damage":78.0,"enemies":"Automaton","floor":33.0,"turns":9.0},{"damage":8.0,"enemies":"Orb Walker","floor":35.0,"turns":3.0},{"damage":34.0,"enemies":"3 Darklings","floor":39.0,"turns":6.0},{"damage":36.0,"enemies":"Reptomancer","floor":42.0,"turns":6.0},{"damage":7,"enemies":"Nemesis","floor":45,"turns":5},{"damage":49,"enemies":"4 Shapes","floor":47,"turns":7},{"damage":16,"enemies":"Giant Head","floor":48,"turns":5},{"damage":85,"enemies":"Time Eater","floor":50,"turns":9},{"damage":51,"enemies":"Donu and Deca","floor":51,"turns":7}],"seed_played":"-3593100489703808746","potions_obtained":[{"floor":10.0,"key":"SteroidPotion"},{"floor":12.0,"key":"Dexterity Potion"},{"floor":14.0,"key":"PowerPotion"},{"floor":16.0,"key":"LiquidMemories"},{"floor":22.0,"key":"SpeedPotion"},{"floor":25.0,"key":"SkillPotion"},{"floor":28.0,"key":"FearPotion"},{"floor":30.0,"key":"Block Potion"},{"floor":33.0,"key":"Explosive Potion"},{"floor":39.0,"key":"Block Potion"},{"floor":47,"key":"SkillPotion"}],"is_trial":false,"path_per_floor":["M","?","$","?","M","E","$","E","T","M","R","M","R","M","R","B",null,"M","?","M","M","M","R","M","E","T","R","M","$","?","M","R","B",null,"M","?","$","?","M","R","$","E","T","$","E","$","M","E","R","B","B",null],"character_chosen":"IRONCLAD","items_purchased":["Battle Trance","Brimstone","Heavy Blade","Spot Weakness","Shrug It Off","BloodPotion"],"campfire_rested":2,"item_purchase_floors":[3,29,29,37,44,46],"current_hp_per_floor":[74,74,74,74,75,75,75,48,48,54,54,56,56,53,53,34,65,49,49,47,25,17,39,30,8,8,30,18,33,34,60,60,16,60,68,68,71,71,71,71,71,51,51,66,71,71,71,61,61,71,71],"gold":89,"neow_bonus":"THREE_ENEMY_KILL","is_prod":false,"is_daily":false,"chose_seed":false,"campfire_upgraded":6,"win_rate":0,"timestamp":1571325989,"path_taken":["M","?","$","?","M","E","?","E","T","M","R","?","R","M","R","BOSS","M","?","M","M","M","R","M","E","T","R","?","$","?","M","R","BOSS","M","?","$","?","M","R","$","E","T","$","E","?","M","E","R","BOSS","BOSS"],"build_version":"2019-10-16","purchased_purges":4,"victory":true,"max_hp_per_floor":[75,75,75,75,75,75,75,75,75,75,75,75,75,75,75,75,75,75,75,75,75,75,75,75,75,75,75,75,75,75,75,75,75,75,75,71,71,71,71,71,71,71,71,71,71,71,71,71,71,71,71],"card_choices":[{"not_picked":["Warcry","Clash"],"picked":"Clothesline","floor":1.0},{"not_picked":["Pommel Strike","Rupture"],"picked":"Hemokinesis","floor":5.0},{"not_picked":["Blood for Blood","Entrench"],"picked":"Evolve","floor":6.0},{"not_picked":["Inflame","Blood for Blood"],"picked":"True Grit","floor":8.0},{"not_picked":["Fire Breathing","Twin Strike","Rage"],"picked":"SKIP","floor":10.0},{"not_picked":["Clash","Anger"],"picked":"Battle Trance","floor":12.0},{"not_picked":["Whirlwind","Heavy Blade","Sever Soul"],"picked":"SKIP","floor":14.0},{"not_picked":["Demon Form","Exhume"],"picked":"Double Tap","floor":16.0},{"not_picked":["Clash","Pummel"],"picked":"Warcry+1","floor":18.0},{"not_picked":["Warcry","Evolve"],"picked":"Wild Strike+1","floor":20.0},{"not_picked":["Thunderclap+1","Uppercut+1","Pommel Strike"],"picked":"SKIP","floor":21.0},{"not_picked":["Body Slam","Pommel Strike"],"picked":"Shrug It Off","floor":22.0},{"not_picked":["Iron Wave","Cleave","Heavy Blade+1"],"picked":"SKIP","floor":24.0},{"not_picked":["Clothesline","Warcry"],"picked":"Reaper","floor":25.0},{"not_picked":["Burning Pact","Flame Barrier"],"picked":"Havoc+1","floor":28.0},{"not_picked":["Rampage","Sword Boomerang"],"picked":"Disarm","floor":30.0},{"not_picked":["Cleave","Whirlwind","Twin Strike"],"picked":"SKIP","floor":31.0},{"not_picked":["Impervious","Feed"],"picked":"Reaper","floor":33.0},{"not_picked":["Body Slam","Heavy Blade"],"picked":"Armaments+1","floor":35.0},{"not_picked":["Thunderclap","Wild Strike+1","Pommel Strike"],"picked":"SKIP","floor":39.0},{"not_picked":["Fire Breathing+1","Juggernaut","Twin Strike"],"picked":"SKIP","floor":42.0},{"not_picked":["Twin Strike","Inflame"],"picked":"Limit Break","floor":45},{"not_picked":["True Grit","Armaments"],"picked":"Pummel","floor":47},{"not_picked":["Rage","Perfected Strike","Clothesline"],"picked":"SKIP","floor":48}],"player_experience":1604789,"relics_obtained":[{"floor":6.0,"key":"Bronze Scales"},{"floor":8.0,"key":"TungstenRod"},{"floor":9.0,"key":"InkBottle"},{"floor":25.0,"key":"MealTicket"},{"floor":26.0,"key":"Pen Nib"},{"floor":30.0,"key":"Red Mask"},{"floor":42.0,"key":"Juzu Bracelet"},{"floor":45,"key":"Torii"},{"floor":48,"key":"Ornamental Fan"}],"event_choices":[{"damage_healed":0.0,"max_hp_gain":0.0,"max_hp_loss":0.0,"gold_gain":0.0,"event_name":"Big Fish","player_choice":"Box","floor":2.0,"gold_loss":0.0,"damage_taken":0.0,"relics_obtained":["Oddly Smooth Stone"],"cards_obtained":["Regret"]},{"damage_healed":0.0,"max_hp_gain":0.0,"max_hp_loss":0.0,"gold_gain":0.0,"event_name":"The Cleric","player_choice":"Leave","floor":4.0,"gold_loss":0.0,"damage_taken":0.0},{"damage_healed":0.0,"max_hp_gain":0.0,"max_hp_loss":0.0,"gold_gain":0.0,"event_name":"Upgrade Shrine","player_choice":"Upgraded","floor":19.0,"gold_loss":0.0,"damage_taken":0.0,"cards_upgraded":["Hemokinesis"]},{"damage_healed":0.0,"max_hp_gain":0.0,"max_hp_loss":0.0,"gold_gain":0.0,"event_name":"Masked Bandits","player_choice":"Fought Bandits","floor":30.0,"gold_loss":0.0,"damage_taken":0.0},{"damage_healed":0.0,"max_hp_gain":0.0,"max_hp_loss":4.0,"gold_gain":0.0,"event_name":"Winding Halls","player_choice":"Max HP","floor":36.0,"gold_loss":0.0,"damage_taken":0.0},{"damage_healed":0.0,"max_hp_gain":0.0,"max_hp_loss":0.0,"gold_gain":222.0,"event_name":"Tomb of Lord Red Mask","player_choice":"Wore Mask","floor":38.0,"gold_loss":0.0,"damage_taken":0.0}],"is_beta":true,"boss_relics":[{"not_picked":["Philosopher\u0027s Stone","Ectoplasm"],"picked":"Cursed Key"},{"not_picked":["Fusion Hammer","SacredBark"],"picked":"Coffee Dripper"}],"items_purged_floors":[7,29,41,44],"is_endless":false,"potions_floor_spawned":[10,12,14,16,18,22,25,28,30,33,39,47],"ascension_level":20}