{"gold_per_floor":[210,223,298,218,218,218,250,50,50,63,80,80],"floor_reached":12,"playtime":567,"items_purged":[],"score":86,"play_id":"f0cea012-61bf-4248-b378-fa31c9cbf3c7","local_time":"20190901160205","is_ascension_mode":true,"campfire_choices":[{"data":"Entrench","floor":6.0,"key":"SMITH"}],"neow_cost":"NONE","seed_source_timestamp":153893282407012,"circlet_count":0,"master_deck":["Strike_R","Strike_R","Strike_R","Strike_R","Strike_R","Defend_R","Defend_R","Defend_R","Defend_R","Body Slam","Entrench+1","True Grit","Entrench"],"special_seed":0,"relics":["Burning Blood","Prayer Wheel","Omamori","Self Forming Clay"],"potions_floor_usage":[7,7],"damage_taken":[{"damage":8.0,"enemies":"2 Louse","floor":1.0,"turns":4.0},{"damage":9.0,"enemies":"Small Slimes","floor":2.0,"turns":4.0},{"damage":54,"enemies":"Gremlin Nob","floor":7,"turns":7},{"damage":1,"enemies":"Jaw Worm","floor":10,"turns":6},{"damage":11,"enemies":"3 Louse","floor":11,"turns":6},{"damage":26,"enemies":"Lagavulin","floor":12,"turns":7}],"seed_played":"3542997843417835275","potions_obtained":[{"floor":1.0,"key":"Dexterity Potion"},{"floor":2.0,"key":"GamblersBrew"},{"floor":11,"key":"FearPotion"}],"is_trial":false,"path_per_floor":["M","M","?","$","?","R","E","$","T","M","M","E"],"character_chosen":"IRONCLAD","items_purchased":["Entrench","True Grit","Omamori"],"campfire_rested":0,"item_purchase_floors":[4,8,8],"current_hp_per_floor":[78,75,64,64,57,57,9,9,9,14,9,0],"gold":80,"neow_bonus":"HUNDRED_GOLD","is_prod":false,"is_daily":false,"chose_seed":false,"campfire_upgraded":1,"win_rate":0,"timestamp":1567378925,"path_taken":["M","M","?","$","?","R","E","$","T","M","M","E"],"build_version":"2019-07-17","purchased_purges":0,"victory":false,"max_hp_per_floor":[80,80,80,80,80,80,80,80,80,80,80,80],"card_choices":[{"not_picked":["Flame Barrier","Perfected Strike"],"picked":"Body Slam","floor":1.0},{"not_picked":["Perfected Strike","Cleave","Pummel"],"picked":"SKIP","floor":2.0},{"not_picked":["Bludgeon","Heavy Blade","Dropkick"],"picked":"SKIP","floor":7},{"not_picked":["Anger","Twin Strike"],"picked":"Entrench","floor":10},{"not_picked":["Thunderclap","Corruption","Clash"],"picked":"SKIP","floor":10},{"not_picked":["Whirlwind","Shockwave","Carnage"],"picked":"SKIP","floor":11},{"not_picked":["Warcry","Thunderclap","Rampage"],"picked":"SKIP","floor":11}],"player_experience":235917,"relics_obtained":[{"floor":7,"key":"Prayer Wheel"},{"floor":9,"key":"Self Forming Clay"}],"event_choices":[{"damage_healed":0.0,"max_hp_gain":0.0,"max_hp_loss":0.0,"gold_gain":75.0,"event_name":"World of Goop","player_choice":"Gather Gold","floor":3.0,"gold_loss":0.0,"damage_taken":11.0},{"cards_removed":["Bash"],"damage_healed":0.0,"max_hp_gain":0.0,"max_hp_loss":0.0,"gold_gain":0.0,"event_name":"Golden Wing","player_choice":"Card Removal","floor":5.0,"gold_loss":0.0,"damage_taken":7.0}],"is_beta":false,"boss_relics":[],"items_purged_floors":[],"is_endless":false,"potions_floor_spawned":[1,2,11],"killed_by":"Lagavulin","ascension_level":2}