{"gold_per_floor":[11,23,198,209,223,257,257,284,284,284,68,79,98,111,111,212,212,230,145,220,232,247,276,296,314,314,159,159,187,187,199,199,299,299,317,79,79,79,79,79,94,108,108,108,127,146,146,158,158,158],"floor_reached":51,"playtime":4051,"items_purged":["Injury"],"score":907,"play_id":"9abb6171-944e-455d-832e-2c743b108218","local_time":"20190702090002","is_ascension_mode":true,"campfire_choices":[{"floor":7.0,"key":"REST"},{"data":"Noxious Fumes","floor":15.0,"key":"SMITH"},{"floor":28.0,"key":"REST"},{"floor":32.0,"key":"REST"},{"data":"Malaise","floor":40.0,"key":"SMITH"},{"data":"Dodge and Roll","floor":44.0,"key":"SMITH"},{"data":"Dodge and Roll","floor":47.0,"key":"SMITH"},{"floor":49.0,"key":"REST"}],"neow_cost":"NO_GOLD","seed_source_timestamp":0,"circlet_count":0,"master_deck":["Defend_G+1","Defend_G+1","Defend_G+1","Defend_G+1","Defend_G+1","Strike_G+1","Survivor","Neutralize+1","Tools of the Trade","Bouncing Flask","PiercingWail","Dodge and Roll","Deflect","PiercingWail","Noxious Fumes+1","Dodge and Roll+1","PiercingWail","Malaise+1","After Image+1","Dash+1","Escape Plan+1","Backflip","Noxious Fumes+1","Footwork+1","Dodge and Roll+1","Backflip","Wraith Form v2+1","Bandage Up","Panacea","Madness","Madness","Prepared+1","Crippling Poison+1","Blur","Blur"],"special_seed":0,"relics":["Ring of the Snake","Centennial Puzzle","Meat on the Bone","Ornamental Fan","Bag of Preparation","Astrolabe","Frozen Egg 2","Oddly Smooth Stone","Gambling Chip","Juzu Bracelet","Empty Cage","Paper Crane","Prayer Wheel"],"potions_floor_usage":[50,50],"damage_taken":[{"damage":0.0,"enemies":"Cultist","floor":1.0,"turns":4.0},{"damage":0.0,"enemies":"Jaw Worm","floor":2.0,"turns":5.0},{"damage":0.0,"enemies":"2 Louse","floor":4.0,"turns":4.0},{"damage":14.0,"enemies":"Exordium Wildlife","floor":5.0,"turns":9.0},{"damage":36.0,"enemies":"Gremlin Nob","floor":6.0,"turns":5.0},{"damage":20.0,"enemies":"3 Sentries","floor":8.0,"turns":11.0},{"damage":1.0,"enemies":"Gremlin Gang","floor":12.0,"turns":6.0},{"damage":3.0,"enemies":"Blue Slaver","floor":13.0,"turns":4.0},{"damage":0.0,"enemies":"Looter","floor":14.0,"turns":4.0},{"damage":20.0,"enemies":"The Guardian","floor":16.0,"turns":9.0},{"damage":4.0,"enemies":"3 Byrds","floor":18.0,"turns":9.0},{"damage":2.0,"enemies":"Shell Parasite","floor":21.0,"turns":8.0},{"damage":0.0,"enemies":"Chosen and Byrds","floor":22.0,"turns":8.0},{"damage":25.0,"enemies":"Book of Stabbing","floor":23.0,"turns":12.0},{"damage":8.0,"enemies":"Centurion and Healer","floor":24.0,"turns":12.0},{"damage":1.0,"enemies":"Snake Plant","floor":25.0,"turns":7.0},{"damage":15.0,"enemies":"Gremlin Leader","floor":29.0,"turns":8.0},{"damage":0.0,"enemies":"Snecko","floor":31.0,"turns":5.0},{"damage":15.0,"enemies":"Champ","floor":33.0,"turns":17.0},{"damage":1.0,"enemies":"Orb Walker","floor":35.0,"turns":7.0},{"damage":1.0,"enemies":"3 Darklings","floor":41.0,"turns":8.0},{"damage":1.0,"enemies":"Spire Growth","floor":42.0,"turns":8.0},{"damage":3.0,"enemies":"Transient","floor":45.0,"turns":5.0},{"damage":3.0,"enemies":"3 Darklings","floor":46.0,"turns":9.0},{"damage":4.0,"enemies":"4 Shapes","floor":48.0,"turns":4.0},{"damage":44,"enemies":"Awakened One","floor":50,"turns":21}],"seed_played":"2389044597276415846","potions_obtained":[{"floor":1.0,"key":"Strength Potion"},{"floor":2.0,"key":"Fire Potion"},{"floor":8.0,"key":"Ancient Potion"},{"floor":13.0,"key":"FearPotion"},{"floor":22.0,"key":"SpeedPotion"},{"floor":29.0,"key":"Swift Potion"},{"floor":31.0,"key":"FearPotion"},{"floor":41.0,"key":"Explosive Potion"},{"floor":42.0,"key":"LiquidBronze"},{"floor":45.0,"key":"GhostInAJar"}],"is_trial":false,"path_per_floor":["M","M","?","M","M","E","R","E","T","?","$","M","M","M","R","B",null,"M","?","?","M","M","E","M","M","T","$","R","E","?","M","R","B",null,"M","$","?","?","$","R","M","M","T","R","M","M","R","M","R","B",null],"character_chosen":"THE_SILENT","items_purchased":["Noxious Fumes","Bag of Preparation","Footwork+1","Paper Crane"],"campfire_rested":4,"item_purchase_floors":[11,11,27,36],"current_hp_per_floor":[63,63,63,63,49,13,34,14,14,14,14,25,34,46,46,38,62,58,58,51,49,49,36,40,39,39,39,60,45,45,45,66,51,65,64,64,54,45,45,45,48,51,51,51,52,53,53,53,70,42],"gold":158,"neow_bonus":"THREE_RARE_CARDS","is_prod":false,"is_daily":false,"chose_seed":false,"campfire_upgraded":4,"win_rate":0,"timestamp":1562083202,"path_taken":["M","M","?","M","M","E","R","E","T","?","$","M","?","M","R","BOSS","M","?","?","M","M","E","M","?","T","$","R","E","?","M","R","BOSS","M","$","?","?","$","R","M","M","T","R","M","M","R","M","R","BOSS"],"build_version":"2019-01-23","purchased_purges":1,"victory":true,"max_hp_per_floor":[70,70,70,70,70,70,70,70,70,70,70,70,70,70,70,70,70,70,70,70,70,70,70,70,70,70,70,70,70,70,70,70,70,70,70,70,70,70,70,70,70,70,70,70,70,70,70,70,70,70],"card_choices":[{"not_picked":["Unload","Phantasmal Killer"],"picked":"Tools of the Trade","floor":0.0},{"not_picked":["Sucker Punch","Catalyst"],"picked":"Bouncing Flask","floor":1.0},{"not_picked":["Catalyst","Blade Dance"],"picked":"PiercingWail","floor":2.0},{"not_picked":["Flying Knee","Poisoned Stab"],"picked":"Dodge and Roll","floor":4.0},{"not_picked":["Acrobatics","Storm of Steel","Predator"],"picked":"SKIP","floor":5.0},{"not_picked":["Underhanded Strike","Unload"],"picked":"Deflect","floor":6.0},{"not_picked":["Reflex","Slice"],"picked":"PiercingWail","floor":8.0},{"not_picked":["Flying Knee","All Out Attack"],"picked":"Dodge and Roll","floor":12.0},{"not_picked":["Prepared","Endless Agony","Cloak And Dagger"],"picked":"SKIP","floor":13.0},{"not_picked":["Sucker Punch","Dagger Throw"],"picked":"PiercingWail","floor":14.0},{"not_picked":["Grand Finale","Venomology"],"picked":"Malaise","floor":16.0},{"not_picked":["Eviscerate","Backstab"],"picked":"Escape Plan+1","floor":18.0},{"not_picked":["Quick Slash","Slice","Poisoned Stab"],"picked":"SKIP","floor":21.0},{"not_picked":["PiercingWail","Calculated Gamble+1"],"picked":"Backflip","floor":22.0},{"not_picked":["Dagger Spray","Tactician","Outmaneuver"],"picked":"SKIP","floor":23.0},{"not_picked":["Outmaneuver","Acrobatics"],"picked":"Noxious Fumes+1","floor":24.0},{"not_picked":["Masterful Stab","Flechettes","Sucker Punch"],"picked":"SKIP","floor":25.0},{"not_picked":["Backstab","Concentrate"],"picked":"Dodge and Roll","floor":29.0},{"not_picked":["Flying Knee","Caltrops+1"],"picked":"Backflip","floor":31.0},{"not_picked":["Malaise","Bullet Time"],"picked":"Wraith Form v2+1","floor":33.0},{"not_picked":["Finisher","Dagger Throw+1","Terror"],"picked":"SKIP","floor":35.0},{"not_picked":["Deep Breath","Violence"],"picked":"Bandage Up","floor":37.0},{"not_picked":["Deep Breath","Mind Blast"],"picked":"Panacea","floor":37.0},{"not_picked":["Poisoned Stab+1","Cloak And Dagger"],"picked":"Prepared+1","floor":41.0},{"not_picked":["Expertise","Choke+1","Slice"],"picked":"SKIP","floor":42.0},{"not_picked":["Heel Hook","Dagger Throw"],"picked":"Crippling Poison+1","floor":45.0},{"not_picked":["Slice+1","PiercingWail","Acrobatics"],"picked":"SKIP","floor":45.0},{"not_picked":["Flying Knee","Choke"],"picked":"Blur","floor":46.0},{"not_picked":["Poisoned Stab","Outmaneuver","Infinite Blades+1"],"picked":"SKIP","floor":46.0},{"not_picked":["Malaise","Flying Knee+1"],"picked":"Blur","floor":48.0},{"not_picked":["Cloak And Dagger+1","Deflect","Flechettes"],"picked":"SKIP","floor":48.0}],"player_experience":110343,"relics_obtained":[{"floor":6.0,"key":"Centennial Puzzle"},{"floor":8.0,"key":"Meat on the Bone"},{"floor":9.0,"key":"Ornamental Fan"},{"floor":23.0,"key":"Oddly Smooth Stone"},{"floor":26.0,"key":"Gambling Chip"},{"floor":29.0,"key":"Juzu Bracelet"},{"floor":43.0,"key":"Prayer Wheel"}],"event_choices":[{"damage_healed":0.0,"max_hp_gain":0.0,"max_hp_loss":0.0,"gold_gain":175.0,"event_name":"Liars Game","player_choice":"AGREE","floor":3.0,"gold_loss":0.0,"damage_taken":0.0,"cards_obtained":["Doubt"]},{"damage_healed":0.0,"max_hp_gain":0.0,"max_hp_loss":0.0,"gold_gain":0.0,"event_name":"Accursed Blacksmith","player_choice":"Forge","floor":10.0,"gold_loss":0.0,"damage_taken":0.0,"cards_upgraded":["Neutralize"]},{"damage_healed":0.0,"max_hp_gain":0.0,"max_hp_loss":0.0,"gold_gain":0.0,"event_name":"Addict","player_choice":"Obtained Relic","floor":19.0,"gold_loss":85.0,"damage_taken":0.0,"relics_obtained":["Frozen Egg 2"]},{"damage_healed":0.0,"max_hp_gain":0.0,"max_hp_loss":0.0,"gold_gain":75.0,"event_name":"FaceTrader","player_choice":"Touch","floor":20.0,"gold_loss":0.0,"damage_taken":7.0},{"damage_healed":0.0,"max_hp_gain":0.0,"max_hp_loss":0.0,"gold_gain":0.0,"event_name":"Back to Basics","player_choice":"Simplicity","floor":30.0,"gold_loss":0.0,"damage_taken":0.0,"cards_upgraded":["Defend_G","Defend_G","Defend_G","Defend_G","Defend_G","Strike_G","Strike_G","Strike_G"]},{"damage_healed":0.0,"max_hp_gain":0.0,"max_hp_loss":0.0,"gold_gain":0.0,"event_name":"SensoryStone","player_choice":"Memory 3","floor":37.0,"gold_loss":0.0,"damage_taken":10.0},{"damage_healed":0.0,"max_hp_gain":0.0,"max_hp_loss":0.0,"gold_gain":0.0,"event_name":"Winding Halls","player_choice":"Embrace Madness","floor":38.0,"gold_loss":0.0,"damage_taken":9.0,"cards_obtained":["Madness","Madness"]}],"is_beta":false,"boss_relics":[{"not_picked":["Ectoplasm","Calling Bell"],"picked":"Astrolabe"},{"not_picked":["Snecko Eye","Lizard Tail"],"picked":"Empty Cage"}],"items_purged_floors":[27],"is_endless":false,"potions_floor_spawned":[1,2,8,13,22,29,31,41,42,45],"ascension_level":7}