{"gold_per_floor":[113,124,124,143,68,68,102,102,102,102,120,155,27,60,60,60],"floor_reached":16,"playtime":443,"items_purged":["Strike_R"],"score":236,"play_id":"5a2cb3c8-ed50-4fc3-adca-17b1df08822b","local_time":"20191014110139","is_ascension_mode":true,"campfire_choices":[{"data":"Spot Weakness","floor":6,"key":"SMITH"},{"data":"Demon Form","floor":8,"key":"SMITH"},{"floor":10,"key":"REST"},{"floor":15,"key":"REST"}],"neow_cost":"NONE","seed_source_timestamp":323698062906500,"circlet_count":0,"master_deck":["AscendersBane","Strike_R","Strike_R","Strike_R","Defend_R","Defend_R","Defend_R","Defend_R","Bash","Spot Weakness+1","Anger","Carnage","Demon Form+1","Combust","Armaments","Shrug It Off"],"relics":["Burning Blood","Potion Belt","Nunchaku","Sundial","Blood Vial"],"potions_floor_usage":[12,16,16,16],"damage_taken":[{"damage":6,"enemies":"2 Louse","floor":1,"turns":4},{"damage":28,"enemies":"Jaw Worm","floor":2,"turns":7},{"damage":7,"enemies":"Cultist","floor":4,"turns":4},{"damage":35,"enemies":"3 Sentries","floor":7,"turns":8},{"damage":13,"enemies":"2 Fungi Beasts","floor":11,"turns":4},{"damage":26,"enemies":"Lagavulin","floor":12,"turns":6},{"damage":20,"enemies":"3 Sentries","floor":14,"turns":5},{"damage":46,"enemies":"Hexaghost","floor":16,"turns":8}],"seed_played":"-2692039433913018844","potions_obtained":[{"floor":1,"key":"Dexterity Potion"},{"floor":7,"key":"PowerPotion"},{"floor":11,"key":"DuplicationPotion"},{"floor":14,"key":"ElixirPotion"}],"is_trial":false,"path_per_floor":["M","M","?","M","?","R","E","R","T","R","M","E","$","E","R","B"],"character_chosen":"IRONCLAD","items_purchased":["Shrug It Off"],"campfire_rested":2,"item_purchase_floors":[13],"current_hp_per_floor":[75,53,58,57,57,57,28,28,28,54,47,27,27,13,39,0],"gold":60,"neow_bonus":"TEN_PERCENT_HP_BONUS","is_prod":false,"is_daily":false,"chose_seed":false,"campfire_upgraded":2,"win_rate":0,"timestamp":1571076099,"path_taken":["M","M","?","M","?","R","E","R","T","R","M","E","?","E","R","BOSS"],"build_version":"2019-10-11","purchased_purges":1,"victory":false,"max_hp_per_floor":[82,82,87,87,87,87,87,87,87,87,87,87,87,87,87,87],"card_choices":[{"not_picked":["Intimidate","Anger"],"picked":"Spot Weakness","floor":1},{"not_picked":["Thunderclap","Pommel Strike"],"picked":"Anger","floor":2},{"not_picked":["Havoc","Twin Strike"],"picked":"Carnage","floor":4},{"not_picked":["Anger","Wild Strike"],"picked":"Demon Form","floor":7},{"not_picked":["Carnage","Armaments"],"picked":"Combust","floor":11},{"not_picked":["Cleave","Rampage"],"picked":"Armaments","floor":12},{"not_picked":["Iron Wave","Cleave","Blood for Blood"],"picked":"SKIP","floor":14}],"player_experience":1558797,"relics_obtained":[{"floor":7,"key":"Potion Belt"},{"floor":9,"key":"Nunchaku"},{"floor":12,"key":"Sundial"},{"floor":14,"key":"Blood Vial"}],"event_choices":[{"damage_healed":0,"gold_gain":0,"player_choice":"Donut","damage_taken":0,"max_hp_gain":5,"max_hp_loss":0,"event_name":"Big Fish","floor":3,"gold_loss":0},{"cards_removed":["Strike_R"],"damage_healed":0,"gold_gain":0,"player_choice":"Card Removal","damage_taken":0,"max_hp_gain":0,"max_hp_loss":0,"event_name":"The Cleric","floor":5,"gold_loss":75}],"is_beta":true,"boss_relics":[],"items_purged_floors":[13],"is_endless":false,"potions_floor_spawned":[1,7,11,14],"killed_by":"Hexaghost","ascension_level":20}