{"gold_per_floor":[367,367,26,36,52,384,384,417,496,507,528,544,544,562,562,663,663,674,674,241,255,265,291,303,323,350,350,369,369,403,415,415,518,518,533,533,202,221,99,99,118,118,118,129,5,25,39,0,0,0],"floor_reached":51,"playtime":3872,"items_purged":["Strike_G"],"score":939,"play_id":"f6332a56-85ad-4a04-82ab-62e7575f3389","local_time":"20191018223328","is_ascension_mode":true,"campfire_choices":[{"floor":7,"key":"REST"},{"floor":13,"key":"REST"},{"data":"Noxious Fumes","floor":15,"key":"SMITH"},{"floor":27,"key":"REST"},{"floor":29,"key":"REST"},{"floor":32,"key":"REST"},{"data":"Apotheosis","floor":40,"key":"SMITH"},{"data":"Footwork","floor":42,"key":"SMITH"},{"floor":49,"key":"REST"}],"neow_cost":"PERCENT_DAMAGE","seed_source_timestamp":680948659081100,"circlet_count":0,"master_deck":["Strike_G","Strike_G","Defend_G","Defend_G","Defend_G","Defend_G","Defend_G","Survivor","Neutralize","Noxious Fumes+1","Caltrops","Cloak And Dagger","Quick Slash","Predator","Dagger Spray","Crippling Poison","Flying Knee","Bouncing Flask","Die Die Die","Sadistic Nature","PiercingWail","Cloak And Dagger","Bouncing Flask","Poisoned Stab+1","Catalyst","After Image","Apotheosis+1","Endless Agony+1","Footwork+1","Deflect","Cloak And Dagger","Dodge and Roll"],"relics":["Ring of the Snake","Thread and Needle","Old Coin","Pen Nib","Pantograph","Odd Mushroom","Busted Crown","Chemical X","Kunai","Anchor","Torii","Runic Pyramid","Mango","Lantern","Sundial","Red Mask"],"potions_floor_usage":[16,18,23,23,25,28,33,33,46,46,47],"damage_taken":[{"damage":0,"enemies":"Small Slimes","floor":1,"turns":4},{"damage":2,"enemies":"Cultist","floor":4,"turns":5},{"damage":0,"enemies":"Jaw Worm","floor":5,"turns":5},{"damage":19,"enemies":"3 Sentries","floor":6,"turns":8},{"damage":21,"enemies":"Gremlin Nob","floor":8,"turns":4},{"damage":0,"enemies":"Exordium Wildlife","floor":10,"turns":5},{"damage":8,"enemies":"The Mushroom Lair","floor":11,"turns":4},{"damage":0,"enemies":"Lots of Slimes","floor":12,"turns":2},{"damage":0,"enemies":"Red Slaver","floor":14,"turns":4},{"damage":37,"enemies":"Slime Boss","floor":16,"turns":10},{"damage":3,"enemies":"Chosen","floor":18,"turns":4},{"damage":0,"enemies":"3 Byrds","floor":21,"turns":3},{"damage":6,"enemies":"Sentry and Sphere","floor":22,"turns":4},{"damage":20,"enemies":"Book of Stabbing","floor":23,"turns":6},{"damage":24,"enemies":"Snake Plant","floor":24,"turns":5},{"damage":4,"enemies":"Snecko","floor":25,"turns":5},{"damage":0,"enemies":"Centurion and Healer","floor":28,"turns":5},{"damage":21,"enemies":"Slavers","floor":30,"turns":4},{"damage":18,"enemies":"Shelled Parasite and Fungi","floor":31,"turns":5},{"damage":14,"enemies":"Champ","floor":33,"turns":8},{"damage":2,"enemies":"3 Darklings","floor":35,"turns":4},{"damage":5,"enemies":"3 Shapes","floor":38,"turns":4},{"damage":12,"enemies":"Sphere and 2 Shapes","floor":41,"turns":6},{"damage":17,"enemies":"Spire Growth","floor":44,"turns":5},{"damage":20,"enemies":"Transient","floor":46,"turns":5},{"damage":17,"enemies":"Jaw Worm Horde","floor":47,"turns":3},{"damage":37,"enemies":"Donu and Deca","floor":50,"turns":10}],"seed_played":"4345809678651065387","potions_obtained":[{"floor":8,"key":"Weak Potion"},{"floor":10,"key":"EssenceOfSteel"},{"floor":11,"key":"FearPotion"},{"floor":16,"key":"Swift Potion"},{"floor":21,"key":"GamblersBrew"},{"floor":25,"key":"GhostInAJar"},{"floor":30,"key":"SpeedPotion"},{"floor":31,"key":"EssenceOfSteel"},{"floor":33,"key":"Swift Potion"},{"floor":35,"key":"Dexterity Potion"},{"floor":41,"key":"EssenceOfSteel"}],"is_trial":false,"path_per_floor":["M","?","$","M","M","E","R","E","T","M","?","M","R","M","R","B",null,"M","?","$","M","M","E","M","M","T","R","M","R","E","M","R","B",null,"M","T","$","M","$","R","M","R","T","M","$","M","M","?","R","B",null],"character_chosen":"THE_SILENT","items_purchased":["Thread and Needle","Caltrops","Sadistic Nature","PiercingWail","Chemical X","Lantern","Apotheosis","Footwork","Deflect","SpeedPotion"],"campfire_rested":6,"item_purchase_floors":[3,3,20,20,20,37,37,39,39,45],"current_hp_per_floor":[45,45,45,43,43,24,45,24,24,24,16,16,37,37,37,25,59,56,56,56,56,50,30,6,2,2,23,23,44,23,5,26,37,62,60,74,74,69,69,69,57,57,57,40,40,20,3,3,28,16],"gold":0,"neow_bonus":"TWO_FIFTY_GOLD","is_prod":false,"is_daily":false,"chose_seed":false,"campfire_upgraded":3,"win_rate":0,"timestamp":1571430808,"path_taken":["M","?","$","?","M","E","R","E","T","M","?","M","R","M","R","BOSS","M","?","$","M","M","E","?","M","T","R","M","R","E","M","R","BOSS","M","?","$","?","$","R","M","R","T","M","$","M","M","?","R","BOSS"],"build_version":"2019-07-17","purchased_purges":1,"victory":true,"max_hp_per_floor":[70,70,70,70,70,70,70,70,70,70,70,70,70,70,70,70,70,70,70,70,70,70,70,70,70,70,70,70,70,70,70,70,70,70,70,84,84,84,84,84,84,84,84,84,84,84,84,84,84,84],"card_choices":[{"not_picked":["Slice","Bane"],"picked":"Noxious Fumes","floor":1},{"not_picked":["Blade Dance","Outmaneuver"],"picked":"Cloak And Dagger","floor":4},{"not_picked":["Riddle With Holes","PiercingWail"],"picked":"Quick Slash","floor":5},{"not_picked":["Heel Hook","Wraith Form v2"],"picked":"Predator","floor":6},{"not_picked":["Quick Slash","Blade Dance"],"picked":"Dagger Spray","floor":8},{"not_picked":["Backflip","Poisoned Stab"],"picked":"Crippling Poison","floor":10},{"not_picked":["Underhanded Strike","Deadly Poison"],"picked":"Flying Knee","floor":11},{"not_picked":["Backflip","Dagger Spray"],"picked":"Bouncing Flask","floor":12},{"not_picked":["Choke","Eviscerate","Tactician"],"picked":"SKIP","floor":14},{"not_picked":["Choke","Eviscerate","Tactician"],"picked":"SKIP","floor":14},{"not_picked":["Malaise","Phantasmal Killer"],"picked":"Die Die Die","floor":16},{"not_picked":["Setup"],"picked":"SKIP","floor":18},{"not_picked":[],"picked":"Cloak And Dagger","floor":21},{"not_picked":["Outmaneuver"],"picked":"SKIP","floor":22},{"not_picked":["Finisher"],"picked":"SKIP","floor":23},{"not_picked":[],"picked":"Bouncing Flask","floor":24},{"not_picked":[],"picked":"Poisoned Stab+1","floor":25},{"not_picked":[],"picked":"Catalyst","floor":28},{"not_picked":["Reflex"],"picked":"SKIP","floor":30},{"not_picked":["Deflect"],"picked":"SKIP","floor":31},{"not_picked":[],"picked":"After Image","floor":33},{"not_picked":["Skewer+1"],"picked":"SKIP","floor":35},{"not_picked":[],"picked":"Endless Agony+1","floor":38},{"not_picked":["Bane"],"picked":"SKIP","floor":41},{"not_picked":["Outmaneuver+1"],"picked":"SKIP","floor":44},{"not_picked":[],"picked":"Cloak And Dagger","floor":46},{"not_picked":[],"picked":"Dodge and Roll","floor":47}],"player_experience":392473,"relics_obtained":[{"floor":6,"key":"Old Coin"},{"floor":8,"key":"Pen Nib"},{"floor":9,"key":"Pantograph"},{"floor":11,"key":"Odd Mushroom"},{"floor":23,"key":"Kunai"},{"floor":26,"key":"Anchor"},{"floor":30,"key":"Torii"},{"floor":36,"key":"Mango"},{"floor":43,"key":"Sundial"}],"event_choices":[{"cards_removed":["Strike_G"],"damage_healed":0,"gold_gain":0,"player_choice":"Offered Basic","damage_taken":0,"max_hp_gain":0,"max_hp_loss":0,"event_name":"Bonfire Elementals","floor":2,"gold_loss":0},{"damage_healed":0,"gold_gain":0,"player_choice":"Fought Mushrooms","damage_taken":0,"max_hp_gain":0,"max_hp_loss":0,"event_name":"Mushrooms","floor":11,"gold_loss":0},{"cards_removed":["Strike_G"],"damage_healed":0,"gold_gain":0,"player_choice":"Purged","damage_taken":0,"max_hp_gain":0,"max_hp_loss":0,"event_name":"Purifier","floor":19,"gold_loss":0},{"damage_healed":0,"gold_gain":0,"player_choice":"Paid","damage_taken":0,"relics_obtained":["Red Mask"],"max_hp_gain":0,"max_hp_loss":0,"event_name":"Tomb of Lord Red Mask","floor":48,"gold_loss":39}],"is_beta":false,"boss_relics":[{"not_picked":["Astrolabe","White Beast Statue"],"picked":"Busted Crown"},{"not_picked":["Runic Dome","Coffee Dripper"],"picked":"Runic Pyramid"}],"items_purged_floors":[45],"is_endless":false,"potions_floor_spawned":[8,10,11,12,14,16,21,25,30,31,33,35,41],"ascension_level":8}