{"gold_per_floor":[111,111,134,148,162,206,206,227,254,254,254,294,314,357,357,483,483,498,517,542,31,50,50,68,103,126,126,145,163,163,202,202,323,323,336,110,134,150,163,163,207,207,230,271,117,137,12,53,65,77],"floor_reached":51,"playtime":4278,"items_purged":["Strike_G","Doubt","Strike_G"],"score":1139,"play_id":"02f54f5a-6bad-45b1-88c2-b5bfc5d9e544","local_time":"20190923235534","is_ascension_mode":true,"campfire_choices":[{"data":"Burst","floor":7,"key":"SMITH"},{"floor":10,"key":"REST"},{"floor":15,"key":"REST"},{"data":"Noxious Fumes","floor":23,"key":"SMITH"},{"data":"Footwork","floor":27,"key":"SMITH"},{"data":"Noxious Fumes","floor":32,"key":"SMITH"},{"data":"Catalyst","floor":40,"key":"SMITH"},{"floor":49,"key":"REST"}],"neow_cost":"NONE","seed_source_timestamp":313160726052000,"circlet_count":0,"master_deck":["Strike_G","Strike_G","Defend_G","Defend_G","Defend_G","Defend_G","Defend_G","Survivor","Neutralize","Infinite Blades","Escape Plan","Cloak And Dagger","Burst+1","Blade Dance","Noxious Fumes+1","Finisher","Noxious Fumes+1","Catalyst","Die Die Die","Dodge and Roll","Endless Agony+1","Dash","Footwork+1","Master of Strategy","Escape Plan+1","Backstab","Catalyst+1","Backflip+1","Leg Sweep+1","Venomology","PiercingWail+1","Escape Plan+1","Escape Plan+1","Dodge and Roll","Deflect+1","Noxious Fumes+1","Prepared+1"],"relics":["Ring of the Snake","Golden Idol","Bag of Preparation","PreservedInsect","Happy Flower","Snake Skull","Letter Opener","Cursed Key","Meat on the Bone","Ginger","Strawberry","Pantograph","Black Star","Oddly Smooth Stone","Juzu Bracelet","Art of War","Vajra","Orichalcum","Dream Catcher","MawBank","Bird Faced Urn"],"potions_floor_usage":[5,12,13,16,25,33,33,38,38,41,44,46,46,50,50,50],"damage_taken":[{"damage":4,"enemies":"Small Slimes","floor":1,"turns":5},{"damage":0,"enemies":"Cultist","floor":3,"turns":3},{"damage":1,"enemies":"Jaw Worm","floor":4,"turns":6},{"damage":5,"enemies":"Gremlin Gang","floor":5,"turns":6},{"damage":26,"enemies":"3 Sentries","floor":6,"turns":9},{"damage":0,"enemies":"3 Louse","floor":8,"turns":5},{"damage":24,"enemies":"Gremlin Nob","floor":12,"turns":4},{"damage":1,"enemies":"Exordium Thugs","floor":13,"turns":4},{"damage":11,"enemies":"3 Sentries","floor":14,"turns":5},{"damage":0,"enemies":"The Guardian","floor":16,"turns":7},{"damage":14,"enemies":"Shell Parasite","floor":18,"turns":4},{"damage":0,"enemies":"Chosen","floor":19,"turns":3},{"damage":7,"enemies":"Centurion and Healer","floor":20,"turns":7},{"damage":13,"enemies":"Snecko","floor":22,"turns":5},{"damage":2,"enemies":"3 Cultists","floor":24,"turns":4},{"damage":17,"enemies":"Book of Stabbing","floor":25,"turns":5},{"damage":3,"enemies":"Centurion and Healer","floor":28,"turns":6},{"damage":17,"enemies":"Shelled Parasite and Fungi","floor":29,"turns":3},{"damage":20,"enemies":"Slavers","floor":31,"turns":3},{"damage":18,"enemies":"Collector","floor":33,"turns":8},{"damage":11,"enemies":"3 Darklings","floor":35,"turns":4},{"damage":0,"enemies":"Orb Walker","floor":37,"turns":1},{"damage":8,"enemies":"Transient","floor":38,"turns":5},{"damage":10,"enemies":"Jaw Worm Horde","floor":39,"turns":4},{"damage":7,"enemies":"Nemesis","floor":41,"turns":5},{"damage":7,"enemies":"Giant Head","floor":44,"turns":6},{"damage":0,"enemies":"4 Shapes","floor":46,"turns":4},{"damage":0,"enemies":"Reptomancer","floor":48,"turns":6},{"damage":4,"enemies":"Donu and Deca","floor":50,"turns":9}],"seed_played":"-3863098266324998442","potions_obtained":[{"floor":1,"key":"Dexterity Potion"},{"floor":4,"key":"Fire Potion"},{"floor":8,"key":"Strength Potion"},{"floor":12,"key":"AttackPotion"},{"floor":13,"key":"GhostInAJar"},{"floor":16,"key":"Poison Potion"},{"floor":22,"key":"GhostInAJar"},{"floor":25,"key":"Poison Potion"},{"floor":33,"key":"GhostInAJar"},{"floor":35,"key":"PowerPotion"},{"floor":41,"key":"AttackPotion"}],"is_trial":false,"path_per_floor":["M","?","M","M","M","E","R","M","T","R","?","E","M","E","R","B",null,"M","M","M","$","M","R","M","E","T","R","M","M","?","E","R","B",null,"M","$","M","M","M","R","E","?","T","E","$","M","$","E","R","B",null],"character_chosen":"THE_SILENT","items_purchased":["Meat on the Bone","Footwork","Master of Strategy","Oddly Smooth Stone","Dodge and Roll"],"campfire_rested":3,"item_purchase_floors":[21,21,21,36,45],"current_hp_per_floor":[73,54,54,53,48,22,22,22,22,45,45,21,20,9,32,32,66,52,52,45,45,44,44,42,37,44,44,53,48,48,40,40,47,75,64,64,64,56,46,46,51,51,51,44,44,44,44,44,69,84],"gold":89,"neow_bonus":"TEN_PERCENT_HP_BONUS","is_prod":false,"is_daily":false,"chose_seed":false,"campfire_upgraded":5,"win_rate":0,"timestamp":1569275734,"path_taken":["M","?","M","M","M","E","R","M","T","R","?","E","?","E","R","BOSS","M","?","M","$","M","R","M","E","T","R","M","M","?","E","R","BOSS","M","$","?","M","M","R","E","?","T","E","$","M","?","E","R","BOSS"],"build_version":"2019-07-17","purchased_purges":3,"victory":true,"max_hp_per_floor":[77,77,77,77,77,77,77,77,77,77,77,77,77,77,77,77,77,77,77,77,77,77,77,77,77,84,84,84,84,84,84,84,84,84,84,84,84,84,84,84,84,84,84,84,84,84,84,84,84,84],"card_choices":[{"not_picked":["PiercingWail","Backflip"],"picked":"Infinite Blades","floor":1},{"not_picked":["Deflect","Eviscerate"],"picked":"Escape Plan","floor":3},{"not_picked":["Heel Hook","Outmaneuver"],"picked":"Cloak And Dagger","floor":4},{"not_picked":["Poisoned Stab","Dagger Spray"],"picked":"Burst","floor":5},{"not_picked":["Blur","PiercingWail"],"picked":"Blade Dance","floor":6},{"not_picked":["Dagger Throw","Acrobatics"],"picked":"Noxious Fumes","floor":8},{"not_picked":["Blade Dance","Sucker Punch"],"picked":"Finisher","floor":12},{"not_picked":["PiercingWail","All Out Attack"],"picked":"Noxious Fumes","floor":13},{"not_picked":["Heel Hook","Wraith Form v2"],"picked":"Catalyst","floor":14},{"not_picked":["Malaise","Phantasmal Killer"],"picked":"Die Die Die","floor":16},{"not_picked":["Leg Sweep","Deadly Poison+1"],"picked":"Dodge and Roll","floor":18},{"not_picked":["Deadly Poison+1","Deflect"],"picked":"Endless Agony+1","floor":19},{"not_picked":["Bouncing Flask","Bane"],"picked":"Dash","floor":20},{"not_picked":["Skewer","Predator"],"picked":"Escape Plan+1","floor":22},{"not_picked":["Slice","Dagger Throw","Tools of the Trade"],"picked":"SKIP","floor":24},{"not_picked":["Caltrops","Backflip"],"picked":"Backstab","floor":25},{"not_picked":["Crippling Poison","Underhanded Strike"],"picked":"Catalyst","floor":28},{"not_picked":["Underhanded Strike","Poisoned Stab"],"picked":"Backflip+1","floor":29},{"not_picked":["Choke+1","Die Die Die"],"picked":"Leg Sweep+1","floor":31},{"not_picked":["Bullet Time","Malaise"],"picked":"Venomology","floor":33},{"not_picked":["Poisoned Stab","Accuracy","Slice"],"picked":"SKIP","floor":35},{"not_picked":["Bane","Flechettes"],"picked":"PiercingWail+1","floor":37},{"not_picked":["Underhanded Strike","Flying Knee","Outmaneuver+1"],"picked":"SKIP","floor":38},{"not_picked":["Outmaneuver","Tools of the Trade","Setup+1"],"picked":"SKIP","floor":39},{"not_picked":["Blade Dance","Slice+1"],"picked":"Escape Plan+1","floor":41},{"not_picked":["Prepared","Calculated Gamble"],"picked":"Escape Plan+1","floor":44},{"not_picked":["Riddle With Holes+1","Calculated Gamble"],"picked":"Deflect+1","floor":46},{"not_picked":["Calculated Gamble+1","Dagger Spray+1"],"picked":"Noxious Fumes+1","floor":48},{"not_picked":["Backflip+1","Dagger Throw"],"picked":"Prepared+1","floor":49}],"player_experience":235268,"relics_obtained":[{"floor":6,"key":"Bag of Preparation"},{"floor":9,"key":"PreservedInsect"},{"floor":12,"key":"Snake Skull"},{"floor":14,"key":"Letter Opener"},{"floor":25,"key":"Ginger"},{"floor":26,"key":"Strawberry"},{"floor":31,"key":"Pantograph"},{"floor":41,"key":"Juzu Bracelet"},{"floor":41,"key":"Art of War"},{"floor":43,"key":"Vajra"},{"floor":44,"key":"Orichalcum"},{"floor":44,"key":"Dream Catcher"},{"floor":48,"key":"MawBank"},{"floor":48,"key":"Bird Faced Urn"}],"event_choices":[{"damage_healed":0,"gold_gain":0,"player_choice":"Take Damage","damage_taken":19,"relics_obtained":["Golden Idol"],"max_hp_gain":0,"max_hp_loss":0,"event_name":"Golden Idol","floor":2,"gold_loss":0},{"damage_healed":0,"gold_gain":0,"player_choice":"Gave Potion","damage_taken":0,"relics_obtained":["Happy Flower"],"max_hp_gain":0,"max_hp_loss":0,"event_name":"WeMeetAgain","floor":11,"gold_loss":0},{"cards_removed":["Clumsy"],"damage_healed":0,"gold_gain":0,"player_choice":"Removed Curses","damage_taken":0,"max_hp_gain":0,"max_hp_loss":0,"event_name":"Fountain of Cleansing","floor":30,"gold_loss":0},{"cards_removed":["Strike_G"],"damage_healed":0,"gold_gain":0,"player_choice":"Removed Attack","damage_taken":0,"max_hp_gain":0,"max_hp_loss":0,"event_name":"Falling","floor":42,"gold_loss":0}],"is_beta":false,"boss_relics":[{"not_picked":["Empty Cage","Sozu"],"picked":"Cursed Key"},{"not_picked":["Ring of the Serpent","Runic Dome"],"picked":"Black Star"}],"items_purged_floors":[36,45,47],"is_endless":false,"potions_floor_spawned":[1,4,8,12,13,16,22,25,33,35,41,46],"ascension_level":5}