{"gold_per_floor":[117,34,44,44,61,61,96,96,96,96,127,139,167,147,147,222,222,241,70,88,88,3,29,0,15,15,15,15,115,115,127,127,205,205,218,233,246,266,266,266,295,306,333,333,333,350,36,51,51,51,51,51,51,76,76],"floor_reached":56,"playtime":4419,"items_purged":["Strike_G","Strike_G"],"score":1942,"play_id":"76367956-74eb-4831-8474-398481912b9e","local_time":"20190803085556","is_ascension_mode":true,"campfire_choices":[{"data":"Neutralize","floor":6.0,"key":"SMITH"},{"floor":8.0,"key":"REST"},{"data":"Cloak And Dagger","floor":10.0,"key":"SMITH"},{"data":"Backflip","floor":15.0,"key":"SMITH"},{"floor":28.0,"key":"REST"},{"floor":32.0,"key":"REST"},{"data":"Envenom","floor":40.0,"key":"SMITH"},{"floor":49.0,"key":"RECALL"},{"data":"Leg Sweep","floor":52.0,"key":"SMITH"}],"neow_cost":"NONE","seed_source_timestamp":1608471890891186,"circlet_count":0,"master_deck":["AscendersBane","Strike_G","Strike_G","Defend_G","Defend_G","Defend_G","Defend_G","Defend_G","Survivor","Neutralize+1","Quick Slash","Cloak And Dagger+1","Quick Slash","PiercingWail","Footwork","Backflip+1","Envenom+1","After Image","Noxious Fumes","Escape Plan","Backflip","Blade Dance","RitualDagger","Deflect","Blade Dance","Leg Sweep+1"],"special_seed":0,"relics":["Busted Crown","Mercury Hourglass","Sundial","Kunai","Juzu Bracelet","WristBlade","Bag of Marbles","Girya","Frozen Egg 2","Incense Burner","Pantograph","Runic Pyramid","Shuriken","Snake Skull","Strawberry"],"potions_floor_usage":[55],"damage_taken":[{"damage":0.0,"enemies":"2 Louse","floor":1.0,"turns":4.0},{"damage":0.0,"enemies":"Jaw Worm","floor":3.0,"turns":4.0},{"damage":2.0,"enemies":"Cultist","floor":5.0,"turns":4.0},{"damage":11.0,"enemies":"3 Sentries","floor":7.0,"turns":11.0},{"damage":1.0,"enemies":"Lagavulin","floor":11.0,"turns":5.0},{"damage":0.0,"enemies":"3 Louse","floor":12.0,"turns":3.0},{"damage":13.0,"enemies":"Gremlin Nob","floor":13.0,"turns":4.0},{"damage":23.0,"enemies":"The Guardian","floor":16.0,"turns":12.0},{"damage":5.0,"enemies":"Spheric Guardian","floor":18.0,"turns":4.0},{"damage":0.0,"enemies":"3 Byrds","floor":20.0,"turns":5.0},{"damage":41.0,"enemies":"Slavers","floor":23.0,"turns":8.0},{"damage":11.0,"enemies":"Snake Plant","floor":25.0,"turns":5.0},{"damage":1.0,"enemies":"Colosseum Slavers","floor":29.0,"turns":5.0},{"damage":12.0,"enemies":"Colosseum Nobs","floor":29.0,"turns":6.0},{"damage":2.0,"enemies":"Snecko","floor":31.0,"turns":9.0},{"damage":0.0,"enemies":"Champ","floor":33.0,"turns":14.0},{"damage":0.0,"enemies":"3 Shapes","floor":35.0,"turns":4.0},{"damage":6.0,"enemies":"3 Darklings","floor":36.0,"turns":8.0},{"damage":0.0,"enemies":"4 Shapes","floor":37.0,"turns":5.0},{"damage":4.0,"enemies":"Sphere and 2 Shapes","floor":38.0,"turns":8.0},{"damage":4.0,"enemies":"Giant Head","floor":41.0,"turns":14.0},{"damage":0.0,"enemies":"Maw","floor":42.0,"turns":8.0},{"damage":2.0,"enemies":"Spire Growth","floor":46.0,"turns":7.0},{"damage":5.0,"enemies":"Transient","floor":48.0,"turns":5.0},{"damage":18.0,"enemies":"Awakened One","floor":50.0,"turns":15.0},{"damage":24.0,"enemies":"Shield and Spear","floor":54.0,"turns":10.0},{"damage":73,"enemies":"The Heart","floor":55,"turns":12}],"seed_played":"1964200325438941802","potions_obtained":[{"floor":3.0,"key":"Strength Potion"},{"floor":12.0,"key":"GamblersBrew"},{"floor":14.0,"key":"Fruit Juice"},{"floor":18.0,"key":"Dexterity Potion"},{"floor":25.0,"key":"Swift Potion"},{"floor":31.0,"key":"SpeedPotion"},{"floor":35.0,"key":"FairyPotion"},{"floor":41.0,"key":"Ancient Potion"}],"is_trial":false,"path_per_floor":["M","$","M","?","M","R","E","R","T","R","E","M","E","?","R","B",null,"M","$","M","?","?","E","?","M","T","$","R","?","?","M","R","B",null,"M","M","M","M","?","R","E","M","T","?","?","M","$","M","R","B",null,"R","$","E","B",null],"character_chosen":"THE_SILENT","items_purchased":["Quick Slash","Block Potion","Noxious Fumes","Strength Potion","Leg Sweep","Snake Skull"],"campfire_rested":3,"item_purchase_floors":[2,2,19,19,47,47],"current_hp_per_floor":[59,59,59,59,57,57,46,65,65,65,64,64,51,56,56,33,62,57,57,57,57,57,16,16,5,5,5,26,13,7,5,26,51,66,66,60,60,56,56,56,52,52,52,52,52,50,50,45,45,52,66,66,66,49,1],"gold":76,"neow_bonus":"BOSS_RELIC","is_prod":false,"is_daily":false,"chose_seed":false,"campfire_upgraded":5,"win_rate":0,"timestamp":1564847756,"path_taken":["M","$","M","?","M","R","E","R","T","R","E","M","E","?","R","BOSS","M","$","M","?","?","E","?","M","T","$","R","?","?","M","R","BOSS","M","M","M","M","?","R","E","M","T","?","?","M","$","M","R","BOSS","R","$","E","BOSS"],"build_version":"2019-07-17","purchased_purges":2,"victory":true,"max_hp_per_floor":[66,66,66,66,66,66,66,66,66,66,66,66,66,71,71,71,71,71,71,71,71,71,71,71,71,71,71,71,71,71,71,71,71,71,71,71,71,71,71,71,71,71,71,71,71,71,71,71,71,71,71,71,71,78,78],"card_choices":[{"not_picked":["Acrobatics"],"picked":"SKIP","floor":1.0},{"not_picked":[],"picked":"Cloak And Dagger","floor":3.0},{"not_picked":[],"picked":"Quick Slash","floor":5.0},{"not_picked":[],"picked":"PiercingWail","floor":7.0},{"not_picked":[],"picked":"Footwork","floor":11.0},{"not_picked":[],"picked":"Backflip","floor":12.0},{"not_picked":[],"picked":"Envenom","floor":13.0},{"not_picked":[],"picked":"After Image","floor":16.0},{"not_picked":["Bane"],"picked":"SKIP","floor":18.0},{"not_picked":["Flying Knee"],"picked":"SKIP","floor":20.0},{"not_picked":[],"picked":"Escape Plan","floor":23.0},{"not_picked":[],"picked":"Backflip","floor":25.0},{"not_picked":[],"picked":"Blade Dance","floor":29.0},{"not_picked":["Prepared"],"picked":"SKIP","floor":31.0},{"not_picked":["Tactician"],"picked":"SKIP","floor":35.0},{"not_picked":["Poisoned Stab"],"picked":"SKIP","floor":36.0},{"not_picked":["Endless Agony"],"picked":"SKIP","floor":37.0},{"not_picked":[],"picked":"Deflect","floor":38.0},{"not_picked":["Flechettes"],"picked":"SKIP","floor":41.0},{"not_picked":["Concentrate"],"picked":"SKIP","floor":42.0},{"not_picked":["Heel Hook+1"],"picked":"SKIP","floor":46.0},{"not_picked":["Accuracy+1"],"picked":"SKIP","floor":48.0},{"not_picked":["Poisoned Stab"],"picked":"SKIP","floor":54.0}],"player_experience":156401,"relics_obtained":[{"floor":7.0,"key":"Mercury Hourglass"},{"floor":9.0,"key":"Sundial"},{"floor":11.0,"key":"Kunai"},{"floor":13.0,"key":"Juzu Bracelet"},{"floor":23.0,"key":"Girya"},{"floor":26.0,"key":"Frozen Egg 2"},{"floor":29.0,"key":"Incense Burner"},{"floor":29.0,"key":"Pantograph"},{"floor":41.0,"key":"Shuriken"},{"floor":54.0,"key":"Strawberry"}],"event_choices":[{"damage_healed":0.0,"max_hp_gain":0.0,"max_hp_loss":0.0,"gold_gain":0.0,"event_name":"The Cleric","player_choice":"Leave","floor":4.0,"gold_loss":0.0,"damage_taken":0.0},{"damage_healed":0.0,"max_hp_gain":0.0,"max_hp_loss":0.0,"gold_gain":0.0,"event_name":"The Woman in Blue","player_choice":"Bought 1 Potion","floor":14.0,"gold_loss":0.0,"damage_taken":0.0},{"damage_healed":0.0,"max_hp_gain":0.0,"max_hp_loss":0.0,"gold_gain":0.0,"event_name":"The Mausoleum","player_choice":"Ignored","floor":21.0,"gold_loss":0.0,"damage_taken":0.0},{"damage_healed":0.0,"max_hp_gain":0.0,"max_hp_loss":0.0,"gold_gain":0.0,"event_name":"Addict","player_choice":"Obtained Relic","floor":22.0,"gold_loss":85.0,"damage_taken":0.0,"relics_obtained":["Bag of Marbles"]},{"damage_healed":0.0,"max_hp_gain":0.0,"max_hp_loss":0.0,"gold_gain":0.0,"event_name":"Masked Bandits","player_choice":"Paid Fearfully","floor":24.0,"gold_loss":29.0,"damage_taken":0.0},{"damage_healed":0.0,"max_hp_gain":0.0,"max_hp_loss":0.0,"gold_gain":0.0,"event_name":"Colosseum","player_choice":"Fight","floor":29.0,"gold_loss":0.0,"damage_taken":0.0},{"damage_healed":0.0,"max_hp_gain":0.0,"max_hp_loss":0.0,"gold_gain":0.0,"event_name":"Colosseum","player_choice":"Fought Nobs","floor":29.0,"gold_loss":0.0,"damage_taken":0.0},{"damage_healed":0.0,"max_hp_gain":0.0,"max_hp_loss":0.0,"gold_gain":0.0,"event_name":"Nest","player_choice":"Joined the Cult","floor":30.0,"gold_loss":0.0,"damage_taken":6.0,"cards_obtained":["RitualDagger"]},{"damage_healed":0.0,"max_hp_gain":0.0,"max_hp_loss":0.0,"gold_gain":0.0,"event_name":"SensoryStone","player_choice":"Memory 1","floor":39.0,"gold_loss":0.0,"damage_taken":0.0},{"damage_healed":0.0,"max_hp_gain":0.0,"max_hp_loss":0.0,"gold_gain":0.0,"event_name":"Tomb of Lord Red Mask","player_choice":"Ignored","floor":44.0,"gold_loss":0.0,"damage_taken":0.0},{"damage_healed":0.0,"max_hp_gain":0.0,"max_hp_loss":0.0,"gold_gain":0.0,"cards_transformed":["Strike_G"],"event_name":"Transmorgrifier","player_choice":"Transformed","floor":45.0,"gold_loss":0.0,"damage_taken":0.0,"cards_obtained":["Blade Dance"]}],"is_beta":false,"boss_relics":[{"not_picked":["Coffee Dripper","Cursed Key"],"picked":"WristBlade"},{"not_picked":["Snecko Eye","Astrolabe"],"picked":"Runic Pyramid"}],"items_purged_floors":[19,47],"is_endless":false,"potions_floor_spawned":[3,5,12,18,25,29,31,35,41,42,46,48],"ascension_level":16}