{"gold_per_floor":[109,127,139,64,64,84,94,94,119,135,135,166,166,179,179,257,257,276,276,296,34,34,34,67,67,67,85,85,104,104,119,119,195,195,214,231,331,344,344,344,61,71,71,71,89,109,127,145,145,145],"floor_reached":51,"playtime":4808,"items_purged":["Strike_G","Strike_G"],"score":1188,"play_id":"18dbf63c-634e-46df-93af-32a6a2332751","local_time":"20190805225640","is_ascension_mode":true,"campfire_choices":[{"floor":11.0,"key":"REST"},{"data":"Dash","floor":13.0,"key":"SMITH"},{"data":"Backflip","floor":15.0,"key":"SMITH"},{"data":"Wraith Form v2","floor":23.0,"key":"SMITH"},{"data":"Leg Sweep","floor":25.0,"key":"SMITH"},{"data":"Choke","floor":30.0,"key":"SMITH"},{"floor":32.0,"key":"REST"},{"data":"Malaise","floor":40.0,"key":"SMITH"},{"floor":44.0,"key":"REST"},{"floor":49.0,"key":"REST"}],"neow_cost":"NONE","seed_source_timestamp":0,"circlet_count":0,"master_deck":["AscendersBane","Strike_G+1","Defend_G","Defend_G","Defend_G","Defend_G","Survivor+1","Neutralize","Dagger Throw","Dash+1","Dagger Throw","Dagger Throw","Backflip+1","Tools of the Trade","After Image","Wraith Form v2+1","Choke+1","Crippling Poison","Heel Hook","Leg Sweep+1","Acrobatics+1","Blur","Malaise+1"],"special_seed":0,"relics":["Snecko Eye","Oddly Smooth Stone","Bronze Scales","Sozu","Strawberry","Centennial Puzzle","Gambling Chip","Cursed Key","Shovel","Sundial"],"potions_floor_usage":[],"damage_taken":[{"damage":6.0,"enemies":"2 Louse","floor":1.0,"turns":3.0},{"damage":0.0,"enemies":"Jaw Worm","floor":2.0,"turns":4.0},{"damage":3.0,"enemies":"Small Slimes","floor":3.0,"turns":5.0},{"damage":0.0,"enemies":"Looter","floor":6.0,"turns":3.0},{"damage":5.0,"enemies":"Gremlin Gang","floor":7.0,"turns":3.0},{"damage":0.0,"enemies":"Blue Slaver","floor":10.0,"turns":3.0},{"damage":3.0,"enemies":"Lagavulin","floor":12.0,"turns":7.0},{"damage":2.0,"enemies":"Looter","floor":14.0,"turns":2.0},{"damage":6.0,"enemies":"The Guardian","floor":16.0,"turns":13.0},{"damage":0.0,"enemies":"2 Thieves","floor":18.0,"turns":4.0},{"damage":3.0,"enemies":"3 Byrds","floor":20.0,"turns":3.0},{"damage":15.0,"enemies":"Book of Stabbing","floor":24.0,"turns":6.0},{"damage":3.0,"enemies":"Snake Plant","floor":27.0,"turns":3.0},{"damage":0.0,"enemies":"Centurion and Healer","floor":29.0,"turns":5.0},{"damage":9.0,"enemies":"Cultist and Chosen","floor":31.0,"turns":7.0},{"damage":25.0,"enemies":"Champ","floor":33.0,"turns":17.0},{"damage":0.0,"enemies":"3 Shapes","floor":35.0,"turns":5.0},{"damage":6.0,"enemies":"3 Darklings","floor":36.0,"turns":7.0},{"damage":6.0,"enemies":"Mind Bloom Boss Battle","floor":37.0,"turns":5.0},{"damage":0.0,"enemies":"4 Shapes","floor":38.0,"turns":8.0},{"damage":8.0,"enemies":"Writhing Mass","floor":42.0,"turns":6.0},{"damage":1.0,"enemies":"Spire Growth","floor":45.0,"turns":6.0},{"damage":2.0,"enemies":"Maw","floor":46.0,"turns":10.0},{"damage":7.0,"enemies":"Jaw Worm Horde","floor":47.0,"turns":4.0},{"damage":9.0,"enemies":"Spire Growth","floor":48.0,"turns":8.0},{"damage":5,"enemies":"Time Eater","floor":50,"turns":19}],"seed_played":"5931012950504497262","potions_obtained":[{"floor":3.0,"key":"Explosive Potion"},{"floor":6.0,"key":"Block Potion"},{"floor":7.0,"key":"Poison Potion"}],"is_trial":false,"path_per_floor":["M","M","M","$","?","M","M","?","T","M","R","E","R","M","R","B",null,"M","?","M","$","?","R","E","R","T","M","?","M","R","M","R","B",null,"M","M","?","M","?","R","$","M","T","R","M","M","M","M","R","B",null],"character_chosen":"THE_SILENT","items_purchased":["Strawberry","Sundial"],"campfire_rested":4,"item_purchase_floors":[21,41],"current_hp_per_floor":[53,53,50,50,50,50,45,25,25,25,44,41,41,39,39,33,58,58,58,55,62,62,62,47,47,47,44,44,44,44,35,56,31,63,63,57,51,51,51,51,51,43,43,64,63,61,54,45,66,61],"gold":145,"neow_bonus":"BOSS_RELIC","is_prod":false,"is_daily":false,"chose_seed":false,"campfire_upgraded":6,"win_rate":0,"timestamp":1565071000,"path_taken":["M","M","M","$","?","M","M","?","T","M","R","E","R","M","R","BOSS","M","?","M","$","?","R","E","R","T","M","?","M","R","M","R","BOSS","M","?","?","M","?","R","?","?","T","R","M","M","?","M","R","BOSS"],"build_version":"2019-07-17","purchased_purges":2,"victory":true,"max_hp_per_floor":[66,66,66,66,66,66,66,66,66,66,66,66,66,66,66,66,66,66,66,66,73,73,73,73,73,73,73,73,73,73,73,73,73,73,73,73,73,73,73,73,73,73,73,73,73,73,73,73,73,73],"card_choices":[{"not_picked":["Underhanded Strike","Cloak And Dagger","Flying Knee"],"picked":"SKIP","floor":1.0},{"not_picked":["Sucker Punch","Deadly Poison"],"picked":"Dagger Throw","floor":2.0},{"not_picked":["Reflex","Slice"],"picked":"Dash","floor":3.0},{"not_picked":["Sucker Punch","Prepared"],"picked":"Dagger Throw","floor":6.0},{"not_picked":["PiercingWail","Backstab"],"picked":"Backflip","floor":7.0},{"not_picked":["Bane","Underhanded Strike"],"picked":"Tools of the Trade","floor":10.0},{"not_picked":["Concentrate","Calculated Gamble"],"picked":"After Image","floor":12.0},{"not_picked":["Deflect","Poisoned Stab","Outmaneuver"],"picked":"SKIP","floor":14.0},{"not_picked":["Die Die Die","Glass Knife"],"picked":"Wraith Form v2","floor":16.0},{"not_picked":["Eviscerate","Dodge and Roll","Deadly Poison"],"picked":"SKIP","floor":18.0},{"not_picked":["Deflect","Dagger Spray"],"picked":"Choke","floor":20.0},{"not_picked":["Choke","Cloak And Dagger"],"picked":"Leg Sweep","floor":24.0},{"not_picked":["Burst","Cloak And Dagger+1","Prepared"],"picked":"SKIP","floor":27.0},{"not_picked":["Expertise","Endless Agony","Flying Knee"],"picked":"SKIP","floor":29.0},{"not_picked":["Sucker Punch","Blade Dance","Cloak And Dagger"],"picked":"SKIP","floor":31.0},{"not_picked":["Underhanded Strike","Poisoned Stab"],"picked":"Acrobatics+1","floor":35.0},{"not_picked":["Dodge and Roll","Deadly Poison+1","Eviscerate"],"picked":"SKIP","floor":36.0},{"not_picked":["Crippling Poison","Backstab"],"picked":"Blur","floor":37.0},{"not_picked":["Outmaneuver","Dagger Spray+1"],"picked":"Malaise","floor":38.0},{"not_picked":["Tactician","Slice+1","Expertise"],"picked":"SKIP","floor":42.0},{"not_picked":["Endless Agony","Blade Dance","PiercingWail"],"picked":"SKIP","floor":45.0},{"not_picked":["Slice+1","Cloak And Dagger","Outmaneuver"],"picked":"SKIP","floor":46.0},{"not_picked":["Dagger Throw+1","Backstab","Riddle With Holes"],"picked":"SKIP","floor":47.0},{"not_picked":["Heel Hook+1","Escape Plan","Skewer"],"picked":"SKIP","floor":48.0}],"player_experience":179765,"relics_obtained":[{"floor":9.0,"key":"Oddly Smooth Stone"},{"floor":12.0,"key":"Bronze Scales"},{"floor":24.0,"key":"Centennial Puzzle"},{"floor":26.0,"key":"Gambling Chip"},{"floor":37.0,"key":"Shovel"}],"event_choices":[{"damage_healed":0.0,"max_hp_gain":0.0,"max_hp_loss":0.0,"gold_gain":0.0,"cards_transformed":["Strike_G"],"event_name":"Living Wall","player_choice":"Change","floor":5.0,"gold_loss":0.0,"damage_taken":0.0,"cards_obtained":["Dagger Throw"]},{"damage_healed":0.0,"max_hp_gain":0.0,"max_hp_loss":0.0,"gold_gain":0.0,"event_name":"Shining Light","player_choice":"Entered Light","floor":8.0,"gold_loss":0.0,"damage_taken":20.0,"cards_upgraded":["Survivor","Strike_G"]},{"damage_healed":0.0,"max_hp_gain":0.0,"max_hp_loss":0.0,"gold_gain":0.0,"event_name":"Ghosts","player_choice":"Ignored","floor":19.0,"gold_loss":0.0,"damage_taken":0.0},{"damage_healed":0.0,"max_hp_gain":0.0,"max_hp_loss":0.0,"gold_gain":0.0,"cards_transformed":["Strike_G","Defend_G"],"event_name":"Drug Dealer","player_choice":"Became Test Subject","floor":22.0,"gold_loss":0.0,"damage_taken":0.0,"cards_obtained":["Crippling Poison","Heel Hook"]},{"damage_healed":0.0,"max_hp_gain":0.0,"max_hp_loss":0.0,"gold_gain":0.0,"event_name":"Lab","player_choice":"Got Potions","floor":28.0,"gold_loss":0.0,"damage_taken":0.0},{"damage_healed":0.0,"max_hp_gain":0.0,"max_hp_loss":0.0,"gold_gain":0.0,"event_name":"MindBloom","player_choice":"Fight","floor":37.0,"gold_loss":0.0,"damage_taken":0.0},{"damage_healed":0.0,"max_hp_gain":0.0,"max_hp_loss":0.0,"gold_gain":0.0,"event_name":"Tomb of Lord Red Mask","player_choice":"Ignored","floor":39.0,"gold_loss":0.0,"damage_taken":0.0}],"is_beta":false,"boss_relics":[{"not_picked":["Runic Dome","Lizard Tail"],"picked":"Sozu"},{"not_picked":["Eternal Feather","Empty Cage"],"picked":"Cursed Key"}],"items_purged_floors":[4,21],"is_endless":false,"potions_floor_spawned":[3,6,7,18,29,33,36,38,42,45,47],"ascension_level":18}