{"gold_per_floor":[117,117,37,47,64,64,82,94,94,119,144,156,188,10,10,10],"floor_reached":16,"playtime":1694,"items_purged":[],"score":96,"play_id":"2c7d0299-2f89-4c1c-a6c9-bc633a6ea2be","local_time":"20191010082753","is_ascension_mode":false,"campfire_choices":[{"data":"Infinite Blades","floor":6,"key":"SMITH"},{"data":"Malaise","floor":12,"key":"SMITH"},{"floor":15,"key":"REST"}],"neow_cost":"NONE","seed_source_timestamp":2104776853603776,"circlet_count":0,"master_deck":["Strike_G","Strike_G","Strike_G","Strike_G","Defend_G","Defend_G","Defend_G","Defend_G","Defend_G","Survivor","Neutralize","Underhanded Strike","Leg Sweep","Prepared","Eviscerate","Infinite Blades+1","Acrobatics","Quick Slash","Blade Dance","Sucker Punch","Malaise+1","Dash","Endless Agony"],"relics":["Ring of the Snake","MawBank","Oddly Smooth Stone"],"potions_floor_usage":[16],"damage_taken":[{"damage":11,"enemies":"Jaw Worm","floor":1,"turns":7},{"damage":0,"enemies":"Cultist","floor":4,"turns":3},{"damage":0,"enemies":"Small Slimes","floor":5,"turns":4},{"damage":2,"enemies":"Looter","floor":7,"turns":3},{"damage":5,"enemies":"2 Fungi Beasts","floor":8,"turns":4},{"damage":4,"enemies":"Blue Slaver","floor":10,"turns":5},{"damage":15,"enemies":"Large Slime","floor":11,"turns":8},{"damage":5,"enemies":"Looter","floor":13,"turns":4},{"damage":62,"enemies":"Slime Boss","floor":16,"turns":14}],"seed_played":"5947153091092650582","potions_obtained":[{"floor":1,"key":"PowerPotion"},{"floor":7,"key":"Weak Potion"},{"floor":8,"key":"PowerPotion"}],"is_trial":false,"path_per_floor":["M","?","$","M","M","R","M","M","T","M","M","R","M","$","R","B"],"character_chosen":"THE_SILENT","items_purchased":["Prepared","Eviscerate","Oddly Smooth Stone","Endless Agony"],"campfire_rested":1,"item_purchase_floors":[3,3,14,14],"current_hp_per_floor":[66,66,66,66,66,66,64,59,59,55,40,40,35,35,58,0],"gold":10,"neow_bonus":"TEN_PERCENT_HP_BONUS","is_prod":false,"is_daily":false,"chose_seed":false,"campfire_upgraded":2,"win_rate":0.0,"timestamp":1570692473,"path_taken":["M","?","?","M","?","R","M","M","T","M","M","R","M","$","R","BOSS"],"build_version":"2019-09-09v2","purchased_purges":0,"victory":false,"max_hp_per_floor":[77,77,77,77,77,77,77,77,77,77,77,77,77,77,77,77],"card_choices":[{"not_picked":["Skewer","Bouncing Flask"],"picked":"Underhanded Strike","floor":1},{"not_picked":["Backstab","Riddle With Holes"],"picked":"Infinite Blades","floor":4},{"not_picked":["Deflect","Quick Slash"],"picked":"Acrobatics","floor":5},{"not_picked":["Well Laid Plans","Deflect"],"picked":"Quick Slash","floor":7},{"not_picked":["Outmaneuver","Masterful Stab"],"picked":"Blade Dance","floor":8},{"not_picked":["Blade Dance","Leg Sweep"],"picked":"Sucker Punch","floor":10},{"not_picked":["Calculated Gamble","Expertise"],"picked":"Malaise","floor":11},{"not_picked":["Blade Dance","Prepared"],"picked":"Dash","floor":13}],"player_experience":6431,"relics_obtained":[{"floor":9,"key":"MawBank"}],"event_choices":[{"damage_healed":0,"gold_gain":0,"cards_transformed":["Strike_G"],"player_choice":"Transformed","damage_taken":0,"max_hp_gain":0,"max_hp_loss":0,"event_name":"Transmorgrifier","floor":2,"gold_loss":0,"cards_obtained":["Leg Sweep"]}],"is_beta":true,"boss_relics":[],"items_purged_floors":[],"is_endless":false,"potions_floor_spawned":[1,7,8],"killed_by":"Slime Boss","ascension_level":0}