{"gold_per_floor":[113,113,113,125,145,171,184,11,89,39,65,65,11,29,29,133,133,152,171,187,112,128,161,175,175],"floor_reached":25,"playtime":1642,"items_purged":["Strike_R"],"score":248,"play_id":"bce2b971-7fa2-4d32-b970-13278fe52e03","local_time":"20191015120233","is_ascension_mode":true,"campfire_choices":[{"data":"Seeing Red","floor":12,"key":"SMITH"},{"data":"Armaments","floor":15,"key":"SMITH"}],"neow_cost":"NONE","seed_source_timestamp":2549705454521282,"circlet_count":0,"master_deck":["Strike_R","Strike_R","Strike_R","Defend_R+1","Defend_R+1","Bash","Seeing Red+1","Shrug It Off","Reaper","Warcry","Armaments+1","Shrug It Off","Pommel Strike","Shrug It Off","Battle Trance","Demon Form","Seeing Red+1","Whirlwind","Headbutt","Pummel","Exhume","Heavy Blade+1"],"relics":["Burning Blood","Bird Faced Urn","Gremlin Horn","Odd Mushroom","Runic Pyramid","PreservedInsect"],"potions_floor_usage":[6,6,16,16,23],"damage_taken":[{"damage":11,"enemies":"2 Louse","floor":1,"turns":3},{"damage":0,"enemies":"Jaw Worm","floor":4,"turns":3},{"damage":0,"enemies":"Small Slimes","floor":5,"turns":3},{"damage":24,"enemies":"Lagavulin","floor":6,"turns":7},{"damage":16,"enemies":"3 Louse","floor":7,"turns":4},{"damage":13,"enemies":"The Mushroom Lair","floor":11,"turns":9},{"damage":4,"enemies":"Large Slime","floor":14,"turns":6},{"damage":82,"enemies":"Slime Boss","floor":16,"turns":17},{"damage":27,"enemies":"3 Byrds","floor":18,"turns":5},{"damage":37,"enemies":"Spheric Guardian","floor":19,"turns":9},{"damage":18,"enemies":"Chosen and Byrds","floor":20,"turns":4},{"damage":33,"enemies":"Centurion and Healer","floor":22,"turns":6},{"damage":67,"enemies":"Slavers","floor":23,"turns":5},{"damage":38,"enemies":"Snecko","floor":24,"turns":7},{"damage":22,"enemies":"Gremlin Leader","floor":25,"turns":2}],"seed_played":"-469726290335607996","potions_obtained":[{"floor":1,"key":"AttackPotion"},{"floor":4,"key":"LiquidBronze"},{"floor":5,"key":"SkillPotion"},{"floor":6,"key":"Weak Potion"},{"floor":22,"key":"SpeedPotion"}],"is_trial":false,"path_per_floor":["M","?","?","M","M","E","M","$","T","?","?","R","$","M","R","B",null,"M","M","M","?","M","E","M","E"],"character_chosen":"IRONCLAD","items_purchased":["Armaments","Shrug It Off","Shrug It Off"],"campfire_rested":0,"item_purchase_floors":[8,8,13],"current_hp_per_floor":[83,76,58,64,70,52,54,54,54,54,59,59,59,69,69,9,88,81,52,69,69,66,29,15,0],"gold":175,"neow_bonus":"TEN_PERCENT_HP_BONUS","is_prod":false,"is_daily":false,"chose_seed":false,"campfire_upgraded":2,"win_rate":0,"timestamp":1571137353,"path_taken":["M","?","?","M","M","E","M","?","T","?","?","R","$","M","R","BOSS","M","M","M","?","M","E","M","E"],"build_version":"2019-09-09v2","purchased_purges":1,"victory":false,"max_hp_per_floor":[88,88,88,88,88,88,88,88,88,88,88,88,88,88,88,88,88,88,88,88,88,88,88,88,88],"card_choices":[{"not_picked":["Dual Wield","Wild Strike"],"picked":"Seeing Red","floor":1},{"not_picked":["Wild Strike","Reckless Charge"],"picked":"Shrug It Off","floor":4},{"not_picked":["Heavy Blade","Bloodletting","Iron Wave"],"picked":"SKIP","floor":5},{"not_picked":["Flame Barrier","Clash"],"picked":"Reaper","floor":6},{"not_picked":["Whirlwind","Cleave"],"picked":"Warcry","floor":7},{"not_picked":["Heavy Blade","Sword Boomerang"],"picked":"Pommel Strike","floor":11},{"not_picked":["Clothesline","Uppercut"],"picked":"Battle Trance","floor":14},{"not_picked":["Reaper","Double Tap"],"picked":"Demon Form","floor":16},{"not_picked":["Pommel Strike+1","Burning Pact"],"picked":"Seeing Red+1","floor":18},{"not_picked":["Power Through","Shrug It Off"],"picked":"Whirlwind","floor":19},{"not_picked":["Pummel","Clash"],"picked":"Headbutt","floor":20},{"not_picked":["Warcry","Sword Boomerang"],"picked":"Pummel","floor":22},{"not_picked":["Clothesline","Power Through"],"picked":"Exhume","floor":23},{"not_picked":["Uppercut","Clothesline+1"],"picked":"Heavy Blade+1","floor":24}],"player_experience":201841,"relics_obtained":[{"floor":6,"key":"Bird Faced Urn"},{"floor":9,"key":"Gremlin Horn"},{"floor":11,"key":"Odd Mushroom"},{"floor":23,"key":"PreservedInsect"}],"event_choices":[{"cards_removed":["Strike_R"],"damage_healed":0,"gold_gain":0,"player_choice":"Card Removal","damage_taken":7,"max_hp_gain":0,"max_hp_loss":0,"event_name":"Golden Wing","floor":2,"gold_loss":0},{"damage_healed":0,"gold_gain":0,"player_choice":"Entered Light","damage_taken":18,"max_hp_gain":0,"max_hp_loss":0,"event_name":"Shining Light","floor":3,"gold_loss":0,"cards_upgraded":["Defend_R","Defend_R"]},{"cards_removed":["Defend_R"],"damage_healed":0,"gold_gain":0,"player_choice":"Card Removal","damage_taken":0,"max_hp_gain":0,"max_hp_loss":0,"event_name":"The Cleric","floor":10,"gold_loss":50},{"damage_healed":0,"gold_gain":0,"player_choice":"Fought Mushrooms","damage_taken":0,"max_hp_gain":0,"max_hp_loss":0,"event_name":"Mushrooms","floor":11,"gold_loss":0},{"cards_removed":["Defend_R"],"damage_healed":0,"gold_gain":0,"player_choice":"Gave Gold","damage_taken":0,"max_hp_gain":0,"max_hp_loss":0,"event_name":"Beggar","floor":21,"gold_loss":75}],"is_beta":true,"boss_relics":[{"not_picked":["Coffee Dripper","Velvet Choker"],"picked":"Runic Pyramid"}],"items_purged_floors":[8],"is_endless":false,"potions_floor_spawned":[1,4,5,6,22],"killed_by":"Gremlin Leader","ascension_level":2}