{"gold_per_floor":[118,118,131,144,157,157,173,173,173,173,173,205,205,236,236,236],"floor_reached":16,"playtime":360,"items_purged":[],"score":220,"play_id":"c7ff80fc-e4c4-4454-8637-6631e9ec9a54","local_time":"20191016141247","is_ascension_mode":true,"campfire_choices":[{"data":"Inflame","floor":6.0,"key":"SMITH"},{"data":"Magnetism","floor":8.0,"key":"SMITH"},{"data":"Seeing Red","floor":13.0,"key":"SMITH"},{"data":"Whirlwind","floor":15.0,"key":"SMITH"}],"neow_cost":"TEN_PERCENT_HP_LOSS","seed_source_timestamp":150011384085200,"circlet_count":0,"master_deck":["AscendersBane","Strike_R","Strike_R","Strike_R","Strike_R","Strike_R","Defend_R","Defend_R","Defend_R","Defend_R","Bash","Magnetism+1","Inflame+1","Heavy Blade","Seeing Red+1","Heavy Blade","Whirlwind+1"],"special_seed":0,"relics":["Burning Blood","NlothsMask","Ancient Tea Set","StrikeDummy"],"potions_floor_usage":[16],"damage_taken":[{"damage":6.0,"enemies":"2 Louse","floor":1.0,"turns":3.0},{"damage":12.0,"enemies":"Cultist","floor":3.0,"turns":4.0},{"damage":7.0,"enemies":"Jaw Worm","floor":4.0,"turns":4.0},{"damage":13.0,"enemies":"3 Louse","floor":5.0,"turns":4.0},{"damage":16.0,"enemies":"2 Fungi Beasts","floor":7.0,"turns":3.0},{"damage":8.0,"enemies":"Gremlin Nob","floor":12.0,"turns":3.0},{"damage":25.0,"enemies":"Lagavulin","floor":14.0,"turns":7.0},{"damage":34,"enemies":"Hexaghost","floor":16,"turns":7}],"seed_played":"-5308155721929587765","potions_obtained":[{"floor":1.0,"key":"DistilledChaos"},{"floor":7.0,"key":"Strength Potion"},{"floor":12.0,"key":"SteroidPotion"}],"is_trial":false,"path_per_floor":["M","?","M","M","M","R","M","R","T","?","?","E","R","E","R","B"],"character_chosen":"IRONCLAD","items_purchased":[],"campfire_rested":0,"item_purchase_floors":[],"current_hp_per_floor":[68,68,62,61,54,54,44,44,44,44,49,47,47,28,28,0],"gold":236,"neow_bonus":"RANDOM_COLORLESS_2","is_prod":false,"is_daily":false,"chose_seed":false,"campfire_upgraded":4,"win_rate":0,"timestamp":1571260367,"path_taken":["M","?","M","M","M","R","?","R","T","?","?","E","R","E","R","BOSS"],"build_version":"2019-10-15","purchased_purges":0,"victory":false,"max_hp_per_floor":[68,68,68,68,68,68,68,68,68,68,73,73,73,73,73,73],"card_choices":[{"not_picked":["Secret Weapon","Sadistic Nature"],"picked":"Magnetism","floor":0.0},{"not_picked":["Clothesline","Thunderclap"],"picked":"Inflame","floor":1.0},{"not_picked":["Intimidate","Warcry"],"picked":"Heavy Blade","floor":3.0},{"not_picked":["Heavy Blade","Clash","Body Slam"],"picked":"SKIP","floor":4.0},{"not_picked":["Perfected Strike","Fire Breathing"],"picked":"Seeing Red","floor":5.0},{"not_picked":["Havoc","Metallicize"],"picked":"Heavy Blade","floor":7.0},{"not_picked":["Hemokinesis","Anger"],"picked":"Whirlwind","floor":12.0},{"not_picked":["Bludgeon","Sword Boomerang","Entrench"],"picked":"SKIP","floor":14.0}],"player_experience":1594132,"relics_obtained":[{"floor":12.0,"key":"Ancient Tea Set"},{"floor":14.0,"key":"StrikeDummy"}],"event_choices":[{"damage_healed":0.0,"max_hp_gain":0.0,"max_hp_loss":0.0,"gold_gain":0.0,"event_name":"FaceTrader","player_choice":"Trade","floor":2.0,"gold_loss":0.0,"damage_taken":0.0,"relics_obtained":["NlothsMask"]},{"damage_healed":0.0,"max_hp_gain":0.0,"max_hp_loss":0.0,"gold_gain":0.0,"event_name":"Liars Game","player_choice":"Ignored","floor":10.0,"gold_loss":0.0,"damage_taken":0.0},{"damage_healed":0.0,"max_hp_gain":5.0,"max_hp_loss":0.0,"gold_gain":0.0,"event_name":"Big Fish","player_choice":"Donut","floor":11.0,"gold_loss":0.0,"damage_taken":0.0}],"is_beta":true,"boss_relics":[],"items_purged_floors":[],"is_endless":false,"potions_floor_spawned":[1,7,12],"killed_by":"Hexaghost","ascension_level":20}