{"gold_per_floor":[164,176,176,176,189,189,210,210,257,207,207,223,243,43,43,171,171,192,192,0,0,0,0,0],"floor_reached":24,"playtime":824,"items_purged":[],"score":227,"play_id":"8fe661f2-1ccd-448e-a5ee-1d02ac479762","local_time":"20191015121628","is_ascension_mode":true,"campfire_choices":[{"data":"Havoc","floor":6,"key":"SMITH"},{"data":"Flame Barrier","floor":11,"key":"SMITH"},{"floor":15,"key":"REST"}],"neow_cost":"NONE","seed_source_timestamp":2551358764707731,"circlet_count":0,"master_deck":["Defend_R","Defend_R","Bash+1","Thunderclap","Headbutt","Flame Barrier+1","Havoc+1","Feel No Pain","Regret","Shockwave","Pommel Strike","Fiend Fire","Flame Barrier","Warcry","Juggernaut","Dual Wield","Bite","Bite","Bite","Bite","Bite","Sword Boomerang","Fire Breathing","Juggernaut"],"relics":["Tiny House","Golden Idol","Philosopher\u0027s Stone"],"potions_floor_usage":[12,16,16,18,24],"damage_taken":[{"damage":18,"enemies":"Jaw Worm","floor":1,"turns":4},{"damage":0,"enemies":"2 Louse","floor":2,"turns":2},{"damage":1,"enemies":"Small Slimes","floor":5,"turns":4},{"damage":12,"enemies":"Exordium Wildlife","floor":7,"turns":5},{"damage":11,"enemies":"Exordium Thugs","floor":12,"turns":5},{"damage":6,"enemies":"3 Louse","floor":13,"turns":3},{"damage":6,"enemies":"Slime Boss","floor":16,"turns":9},{"damage":26,"enemies":"Spheric Guardian","floor":18,"turns":5},{"damage":65,"enemies":"Slavers","floor":24,"turns":4}],"seed_played":"-2863818535979000600","potions_obtained":[{"floor":0,"key":"Energy Potion"},{"floor":2,"key":"Explosive Potion"},{"floor":5,"key":"Fire Potion"},{"floor":13,"key":"SkillPotion"},{"floor":16,"key":"SkillPotion"},{"floor":18,"key":"SpeedPotion"}],"is_trial":false,"path_per_floor":["M","M","?","?","M","R","M","?","T","?","R","M","M","$","R","B",null,"M","?","?","?","$","?","E"],"character_chosen":"IRONCLAD","items_purchased":["Fiend Fire","Flame Barrier","Warcry"],"campfire_rested":1,"item_purchase_floors":[14,14,14],"current_hp_per_floor":[67,67,60,39,38,38,26,26,26,26,26,17,13,13,38,34,85,59,59,59,59,59,59,0],"gold":0,"neow_bonus":"BOSS_RELIC","is_prod":false,"is_daily":false,"chose_seed":false,"campfire_upgraded":2,"win_rate":0,"timestamp":1571138188,"path_taken":["M","M","?","?","M","R","M","?","T","?","R","?","M","?","R","BOSS","M","?","?","?","?","?","E"],"build_version":"2019-09-09v2","purchased_purges":0,"victory":false,"max_hp_per_floor":[85,85,85,85,85,85,85,85,85,85,85,85,85,85,85,85,85,85,85,85,85,85,85,85],"card_choices":[{"not_picked":["Rampage","Clash"],"picked":"Thunderclap","floor":0},{"not_picked":["Rampage","Burning Pact"],"picked":"Headbutt","floor":1},{"not_picked":["Armaments","Power Through"],"picked":"Flame Barrier","floor":2},{"not_picked":["Shrug It Off","Clothesline"],"picked":"Havoc","floor":5},{"not_picked":["Power Through","Carnage"],"picked":"Feel No Pain","floor":7},{"not_picked":["Carnage","Inflame"],"picked":"Shockwave","floor":12},{"not_picked":["Perfected Strike","Sword Boomerang"],"picked":"Pommel Strike","floor":13},{"not_picked":["Double Tap","Fiend Fire"],"picked":"Juggernaut","floor":16},{"not_picked":["Headbutt","Heavy Blade"],"picked":"Dual Wield","floor":18}],"player_experience":203483,"relics_obtained":[],"event_choices":[{"cards_removed":["Strike_R"],"damage_healed":0,"gold_gain":0,"player_choice":"Card Removal","damage_taken":7,"max_hp_gain":0,"max_hp_loss":0,"event_name":"Golden Wing","floor":3,"gold_loss":0},{"damage_healed":0,"gold_gain":0,"player_choice":"Take Damage","damage_taken":21,"relics_obtained":["Golden Idol"],"max_hp_gain":0,"max_hp_loss":0,"event_name":"Golden Idol","floor":4,"gold_loss":0},{"damage_healed":0,"gold_gain":0,"player_choice":"Box","damage_taken":0,"relics_obtained":["Blood Vial"],"max_hp_gain":0,"max_hp_loss":0,"event_name":"Big Fish","floor":8,"gold_loss":0,"cards_obtained":["Regret"]},{"cards_removed":["Strike_R"],"damage_healed":0,"gold_gain":0,"player_choice":"Card Removal","damage_taken":0,"max_hp_gain":0,"max_hp_loss":0,"event_name":"The Cleric","floor":10,"gold_loss":50},{"damage_healed":0,"gold_gain":0,"player_choice":"Became a vampire (Vial)","damage_taken":0,"max_hp_gain":0,"max_hp_loss":0,"event_name":"Vampires","floor":19,"relics_lost":["Blood Vial"],"gold_loss":0,"cards_obtained":["Bite","Bite","Bite","Bite","Bite"]},{"damage_healed":0,"gold_gain":0,"player_choice":"Paid Fearfully","damage_taken":0,"max_hp_gain":0,"max_hp_loss":0,"event_name":"Masked Bandits","floor":20,"gold_loss":192},{"damage_healed":0,"gold_gain":0,"cards_transformed":["Defend_R","Defend_R"],"player_choice":"Became Test Subject","damage_taken":0,"max_hp_gain":0,"max_hp_loss":0,"event_name":"Drug Dealer","floor":21,"gold_loss":0,"cards_obtained":["Sword Boomerang","Fire Breathing"]},{"damage_healed":0,"gold_gain":0,"player_choice":"Copied","damage_taken":0,"max_hp_gain":0,"max_hp_loss":0,"event_name":"Duplicator","floor":23,"gold_loss":0,"cards_obtained":["Juggernaut"]}],"is_beta":true,"boss_relics":[{"not_picked":["Cursed Key","Black Star"],"picked":"Philosopher\u0027s Stone"}],"items_purged_floors":[],"is_endless":false,"potions_floor_spawned":[2,5,13,16,18],"killed_by":"Slavers","ascension_level":2}