{"gold_per_floor":[117,117,137,137,157,157,8,47,47,47,47,47,36,59,59,178,178,88,88,88,111,126,126,41,55,55,55],"floor_reached":27,"playtime":2341,"items_purged":[],"score":232,"play_id":"c1e85417-bbea-4bbf-ab65-10c3a4b974cc","local_time":"20190622114236","is_ascension_mode":true,"campfire_choices":[{"floor":6,"key":"REST"},{"floor":10,"key":"REST"},{"floor":15,"key":"REST"},{"floor":23,"key":"REST"}],"neow_cost":"NONE","seed_source_timestamp":840720013049731,"circlet_count":0,"master_deck":["Defend_G","Defend_G","Defend_G","Defend_G","Defend_G","Strike_G","Strike_G","Strike_G","Survivor","Neutralize","Acrobatics","Deadly Poison","Acrobatics","Footwork","Blade Dance","Tools of the Trade","Footwork","Envenom","Purity"],"relics":["HoveringKite","Golden Idol","Oddly Smooth Stone","Kunai","Dodecahedron","Paper Crane","White Beast Statue","Question Card"],"potions_floor_usage":[8,8,21,22,25,25],"damage_taken":[{"damage":16,"enemies":"Jaw Worm","floor":1,"turns":7},{"damage":1,"enemies":"Small Slimes","floor":3,"turns":4},{"damage":12,"enemies":"Cultist","floor":5,"turns":6},{"damage":40,"enemies":"Gremlin Nob","floor":8,"turns":5},{"damage":11,"enemies":"Exordium Thugs","floor":13,"turns":4},{"damage":0,"enemies":"Blue Slaver","floor":14,"turns":5},{"damage":12,"enemies":"Hexaghost","floor":16,"turns":16},{"damage":15,"enemies":"2 Thieves","floor":18,"turns":5},{"damage":41,"enemies":"3 Byrds","floor":21,"turns":13},{"damage":0,"enemies":"Snake Plant","floor":22,"turns":10},{"damage":25,"enemies":"Sentry and Sphere","floor":25,"turns":11},{"damage":16,"enemies":"Shelled Parasite and Fungi","floor":27,"turns":2}],"seed_played":"8814030968915768029","potions_obtained":[{"floor":1,"key":"PowerPotion"},{"floor":3,"key":"Regen Potion"},{"floor":5,"key":"FairyPotion"},{"floor":13,"key":"GhostInAJar"},{"floor":18,"key":"Energy Potion"},{"floor":21,"key":"Fire Potion"},{"floor":22,"key":"Swift Potion"},{"floor":25,"key":"Ancient Potion"}],"is_trial":false,"path_per_floor":["M","?","M","?","M","R","$","E","T","R","?","?","M","M","R","B",null,"M","?","?","M","M","R","$","M","T","M"],"character_chosen":"THE_SILENT","items_purchased":["Oddly Smooth Stone","Purity"],"campfire_rested":4,"item_purchase_floors":[7,24],"current_hp_per_floor":[54,54,53,36,24,45,45,20,20,41,8,1,7,7,28,16,70,55,55,55,14,14,35,35,10,10,0],"gold":55,"neow_bonus":"BOSS_RELIC","is_prod":false,"is_daily":false,"chose_seed":false,"campfire_upgraded":0,"win_rate":0,"timestamp":1561228956,"path_taken":["M","?","M","?","?","R","$","E","T","R","?","?","M","M","R","BOSS","M","?","?","?","M","R","$","?","T","M"],"build_version":"2019-01-23","purchased_purges":0,"victory":false,"max_hp_per_floor":[70,70,70,70,70,70,70,70,70,70,70,70,70,70,70,70,70,70,70,70,70,70,70,70,70,70,70],"card_choices":[{"not_picked":["Backstab","Deadly Poison"],"picked":"Acrobatics","floor":1},{"not_picked":["Choke","Sucker Punch","Masterful Stab"],"picked":"SKIP","floor":3},{"not_picked":["Deflect","Blade Dance"],"picked":"Deadly Poison","floor":5},{"not_picked":["Dodge and Roll","Flying Knee"],"picked":"Acrobatics","floor":8},{"not_picked":["Deflect","Dash"],"picked":"Footwork","floor":13},{"not_picked":["Caltrops","Eviscerate"],"picked":"Blade Dance","floor":14},{"not_picked":["Unload","Phantasmal Killer"],"picked":"Tools of the Trade","floor":16},{"not_picked":["Reflex","Poisoned Stab","Choke"],"picked":"SKIP","floor":18},{"not_picked":["Underhanded Strike","Deflect+1","Catalyst+1"],"picked":"SKIP","floor":21},{"not_picked":["PiercingWail","Bane"],"picked":"Envenom","floor":22},{"not_picked":["Bane","Dagger Throw","Dash"],"picked":"SKIP","floor":25}],"player_experience":53976,"relics_obtained":[{"floor":8,"key":"Kunai"},{"floor":9,"key":"Dodecahedron"},{"floor":26,"key":"Question Card"}],"event_choices":[{"cards_removed":["Strike_G"],"damage_healed":0,"gold_gain":0,"player_choice":"Forget","damage_taken":0,"max_hp_gain":0,"max_hp_loss":0,"event_name":"Living Wall","floor":2,"gold_loss":0},{"damage_healed":0,"gold_gain":0,"player_choice":"Take Damage","damage_taken":17,"relics_obtained":["Golden Idol"],"max_hp_gain":0,"max_hp_loss":0,"event_name":"Golden Idol","floor":4,"gold_loss":0},{"damage_healed":0,"gold_gain":0,"player_choice":"Success","damage_taken":33,"relics_obtained":["Paper Crane"],"max_hp_gain":0,"max_hp_loss":0,"event_name":"Scrap Ooze","floor":11,"gold_loss":0},{"cards_removed":["Strike_G"],"damage_healed":0,"gold_gain":0,"player_choice":"Card Removal","damage_taken":7,"max_hp_gain":0,"max_hp_loss":0,"event_name":"Golden Wing","floor":12,"gold_loss":0},{"damage_healed":0,"gold_gain":0,"player_choice":"Read","damage_taken":0,"max_hp_gain":0,"max_hp_loss":0,"event_name":"The Library","floor":19,"gold_loss":0,"cards_obtained":["Footwork"]},{"damage_healed":0,"gold_gain":0,"player_choice":"Ignored","damage_taken":0,"max_hp_gain":0,"max_hp_loss":0,"event_name":"The Mausoleum","floor":20,"gold_loss":0}],"is_beta":false,"boss_relics":[{"not_picked":["Astrolabe","Tiny House"],"picked":"White Beast Statue"}],"items_purged_floors":[],"is_endless":false,"potions_floor_spawned":[1,3,5,13,18,21,22,25],"killed_by":"Shelled Parasite and Fungi","ascension_level":2}