{"gold_per_floor":[110,127,97,115,127,159,159,189,243,243,260,260,277,352,352,352],"floor_reached":16,"playtime":1247,"items_purged":[],"score":148,"play_id":"38c4d24c-b325-47f9-aa9c-60ab5728b697","local_time":"20190914014717","is_ascension_mode":true,"campfire_choices":[{"floor":7,"key":"REST"},{"data":"Footwork","floor":10,"key":"SMITH"},{"data":"Neutralize","floor":15,"key":"SMITH"}],"neow_cost":"NONE","seed_source_timestamp":136436767956900,"circlet_count":0,"master_deck":["Strike_G","Strike_G","Strike_G","Strike_G","Strike_G","Defend_G","Defend_G","Defend_G","Defend_G","Defend_G","Survivor","Neutralize+1","Slice","Footwork+1","Cloak And Dagger","Flying Knee","Acrobatics","Slice"],"relics":["Ring of the Snake","Gambling Chip","Pantograph","Centennial Puzzle"],"potions_floor_usage":[6,6,8,16],"damage_taken":[{"damage":0,"enemies":"2 Louse","floor":1,"turns":5},{"damage":0,"enemies":"Cultist","floor":2,"turns":4},{"damage":3,"enemies":"Small Slimes","floor":4,"turns":5},{"damage":1,"enemies":"2 Fungi Beasts","floor":5,"turns":5},{"damage":44,"enemies":"Gremlin Nob","floor":6,"turns":7},{"damage":22,"enemies":"3 Sentries","floor":8,"turns":11},{"damage":2,"enemies":"Red Slaver","floor":11,"turns":5},{"damage":0,"enemies":"Exordium Wildlife","floor":13,"turns":6},{"damage":88,"enemies":"Hexaghost","floor":16,"turns":14}],"seed_played":"5218124090748451824","potions_obtained":[{"floor":2,"key":"Regen Potion"},{"floor":3,"key":"Swift Potion"},{"floor":3,"key":"SmokeBomb"},{"floor":5,"key":"GhostInAJar"},{"floor":6,"key":"FearPotion"},{"floor":8,"key":"Ancient Potion"},{"floor":13,"key":"Explosive Potion"}],"is_trial":false,"path_per_floor":["M","M","?","M","M","E","R","E","T","R","M","?","M","?","R","B"],"character_chosen":"THE_SILENT","items_purchased":[],"campfire_rested":1,"item_purchase_floors":[],"current_hp_per_floor":[77,77,77,74,73,29,52,45,45,45,43,87,87,76,76,0],"gold":352,"neow_bonus":"TEN_PERCENT_HP_BONUS","is_prod":false,"is_daily":false,"chose_seed":false,"campfire_upgraded":2,"win_rate":0,"timestamp":1568418437,"path_taken":["M","M","?","M","M","E","R","E","T","R","?","?","?","?","R","BOSS"],"build_version":"2019-07-17","purchased_purges":0,"victory":false,"max_hp_per_floor":[77,77,77,77,77,77,77,77,77,77,77,87,87,87,87,87],"card_choices":[{"not_picked":["Underhanded Strike","Outmaneuver"],"picked":"Slice","floor":1},{"not_picked":["Envenom","Dodge and Roll"],"picked":"Footwork","floor":2},{"not_picked":["Poisoned Stab","PiercingWail"],"picked":"Cloak And Dagger","floor":4},{"not_picked":["Calculated Gamble","PiercingWail"],"picked":"Flying Knee","floor":5},{"not_picked":["Endless Agony","All Out Attack"],"picked":"Acrobatics","floor":6},{"not_picked":["Outmaneuver","Dagger Spray","Flying Knee"],"picked":"SKIP","floor":8},{"not_picked":["Eviscerate","All Out Attack"],"picked":"After Image","floor":11},{"not_picked":["Dagger Throw","Crippling Poison"],"picked":"Slice","floor":13}],"player_experience":112846,"relics_obtained":[{"floor":6,"key":"Gambling Chip"},{"floor":8,"key":"Pantograph"},{"floor":9,"key":"Centennial Puzzle"}],"event_choices":[{"damage_healed":0,"gold_gain":0,"player_choice":"Bought 2 Potions","damage_taken":0,"max_hp_gain":0,"max_hp_loss":0,"event_name":"The Woman in Blue","floor":3,"gold_loss":0},{"cards_removed":["After Image"],"damage_healed":34,"gold_gain":0,"player_choice":"Offered Rare","damage_taken":0,"max_hp_gain":10,"max_hp_loss":0,"event_name":"Bonfire Elementals","floor":12,"gold_loss":0},{"damage_healed":0,"gold_gain":75,"player_choice":"Gather Gold","damage_taken":11,"max_hp_gain":0,"max_hp_loss":0,"event_name":"World of Goop","floor":14,"gold_loss":0}],"is_beta":false,"boss_relics":[],"items_purged_floors":[],"is_endless":false,"potions_floor_spawned":[2,5,6,8,13],"killed_by":"Hexaghost","ascension_level":2}