{"gold_per_floor":[112,126,139,139,139,139,166,166,213,243,262,262,278,293,293,365,365,375,387,277,295,306,341,353,396,408,36,56,56,74,99,99,176,176,192,211,0,13,113,113,147,147,147,147,174,174,188,57,57,57],"floor_reached":51,"playtime":3339,"items_purged":["Reaper+1"],"score":1493,"play_id":"7c9cde1b-99d1-414c-abae-3dde9e7620b6","local_time":"20190925195746","is_ascension_mode":true,"campfire_choices":[{"data":"Bash","floor":6.0,"key":"SMITH"},{"floor":8.0,"key":"REST"},{"data":"Strike_R","floor":15.0,"key":"SMITH"},{"data":"Shrug It Off","floor":24.0,"key":"SMITH"},{"data":"J.A.X.","floor":32.0,"key":"SMITH"},{"floor":40.0,"key":"REST"},{"floor":42.0,"key":"REST"},{"data":"Whirlwind","floor":44.0,"key":"SMITH"},{"floor":49.0,"key":"REST"}],"neow_cost":"TEN_PERCENT_HP_LOSS","seed_source_timestamp":291100883835634,"circlet_count":0,"master_deck":["AscendersBane","Strike_R+1","Strike_R+1","Strike_R+1","Defend_R+1","Defend_R+1","Bash+1","Uppercut+1","Feed","Shrug It Off","Shrug It Off+1","Flame Barrier+1","Battle Trance","J.A.X.+1","Anger+1","Feed","Burning Pact","Anger+1","Whirlwind+1"],"special_seed":0,"relics":["Burning Blood","PreservedInsect","Red Skull","War Paint","Cursed Key","MawBank","Whetstone","Orichalcum","Lee\u0027s Waffle","Strawberry","Red Mask","Shovel","Centennial Puzzle","FossilizedHelix"],"potions_floor_usage":[50,50],"damage_taken":[{"damage":14.0,"enemies":"2 Louse","floor":1.0,"turns":2.0},{"damage":7.0,"enemies":"Cultist","floor":2.0,"turns":4.0},{"damage":10.0,"enemies":"Small Slimes","floor":3.0,"turns":3.0},{"damage":42.0,"enemies":"Lagavulin","floor":7.0,"turns":6.0},{"damage":6.0,"enemies":"Gremlin Nob","floor":10.0,"turns":3.0},{"damage":10.0,"enemies":"Red Slaver","floor":11.0,"turns":2.0},{"damage":21.0,"enemies":"Exordium Thugs","floor":13.0,"turns":5.0},{"damage":3.0,"enemies":"Looter","floor":14.0,"turns":3.0},{"damage":42.0,"enemies":"Hexaghost","floor":16.0,"turns":7.0},{"damage":13.0,"enemies":"Chosen","floor":18.0,"turns":5.0},{"damage":24.0,"enemies":"Shell Parasite","floor":19.0,"turns":7.0},{"damage":15.0,"enemies":"Chosen and Byrds","floor":21.0,"turns":5.0},{"damage":38.0,"enemies":"Shelled Parasite and Fungi","floor":22.0,"turns":5.0},{"damage":24.0,"enemies":"Gremlin Leader","floor":23.0,"turns":4.0},{"damage":31.0,"enemies":"Slavers","floor":25.0,"turns":6.0},{"damage":25.0,"enemies":"Snecko","floor":28.0,"turns":8.0},{"damage":14.0,"enemies":"Chosen and Byrds","floor":30.0,"turns":6.0},{"damage":9.0,"enemies":"Book of Stabbing","floor":31.0,"turns":5.0},{"damage":114.0,"enemies":"Collector","floor":33.0,"turns":9.0},{"damage":52.0,"enemies":"3 Shapes","floor":35.0,"turns":6.0},{"damage":9.0,"enemies":"Orb Walker","floor":36.0,"turns":2.0},{"damage":32.0,"enemies":"3 Darklings","floor":38.0,"turns":6.0},{"damage":36.0,"enemies":"Mind Bloom Boss Battle","floor":39.0,"turns":6.0},{"damage":49.0,"enemies":"Nemesis","floor":41.0,"turns":7.0},{"damage":43.0,"enemies":"Giant Head","floor":45.0,"turns":6.0},{"damage":30.0,"enemies":"Spire Growth","floor":47.0,"turns":4.0},{"damage":88,"enemies":"Time Eater","floor":50,"turns":13}],"seed_played":"-3836076460285882921","potions_obtained":[{"floor":1.0,"key":"FearPotion"},{"floor":2.0,"key":"Weak Potion"},{"floor":7.0,"key":"AttackPotion"},{"floor":21.0,"key":"Fruit Juice"},{"floor":23.0,"key":"Weak Potion"},{"floor":25.0,"key":"Block Potion"},{"floor":30.0,"key":"GamblersBrew"},{"floor":31.0,"key":"BloodPotion"},{"floor":39.0,"key":"SteroidPotion"},{"floor":47.0,"key":"SteroidPotion"}],"is_trial":false,"path_per_floor":["M","M","M","?","?","R","E","R","T","E","M","?","M","M","R","B",null,"M","M","?","M","M","E","R","E","T","$","M","?","M","E","R","B",null,"M","M","?","M","?","R","E","R","T","R","E","T","M","$","R","B",null],"character_chosen":"IRONCLAD","items_purchased":["Orichalcum","Lee\u0027s Waffle","PowerPotion"],"campfire_rested":4,"item_purchase_floors":[27,27,48],"current_hp_per_floor":[60,59,55,55,55,55,19,39,39,39,35,35,34,44,44,12,54,53,44,44,43,31,37,37,36,36,92,76,76,79,96,96,12,82,54,54,54,55,42,78,35,71,71,71,59,59,54,54,90,38],"gold":57,"neow_bonus":"REMOVE_TWO","is_prod":false,"is_daily":false,"chose_seed":false,"campfire_upgraded":5,"win_rate":0,"timestamp":1569466666,"path_taken":["M","M","M","?","?","R","E","R","T","E","?","?","?","M","R","BOSS","M","M","?","M","M","E","R","E","T","?","M","?","M","E","R","BOSS","M","M","?","M","?","R","E","R","T","R","E","?","M","?","R","BOSS"],"build_version":"2019-07-17","purchased_purges":1,"victory":true,"max_hp_per_floor":[68,68,68,68,68,68,68,68,68,68,68,68,68,68,68,68,68,68,71,71,79,82,82,82,85,85,92,92,92,95,105,105,105,105,111,114,114,117,120,120,120,120,120,120,120,120,123,123,123,123],"card_choices":[{"not_picked":["Blood for Blood","Warcry","Flex"],"picked":"SKIP","floor":1.0},{"not_picked":["Body Slam","Wild Strike"],"picked":"Uppercut","floor":2.0},{"not_picked":["Body Slam","Heavy Blade"],"picked":"Reaper","floor":3.0},{"not_picked":["Dual Wield","Disarm","Evolve"],"picked":"SKIP","floor":7.0},{"not_picked":["Clothesline","Heavy Blade","Iron Wave"],"picked":"SKIP","floor":10.0},{"not_picked":["Sword Boomerang","Clothesline","Pommel Strike"],"picked":"SKIP","floor":11.0},{"not_picked":["Armaments","Clothesline","True Grit"],"picked":"SKIP","floor":13.0},{"not_picked":["Ghostly Armor","Cleave","Pummel"],"picked":"SKIP","floor":14.0},{"not_picked":["Brutality","Bludgeon"],"picked":"Feed","floor":16.0},{"not_picked":["Twin Strike","Warcry","Disarm"],"picked":"SKIP","floor":18.0},{"not_picked":["Cleave+1","Infernal Blade+1"],"picked":"Shrug It Off","floor":19.0},{"not_picked":["Body Slam","Thunderclap","Headbutt"],"picked":"SKIP","floor":21.0},{"not_picked":["Sword Boomerang","Perfected Strike"],"picked":"Shrug It Off","floor":22.0},{"not_picked":["Uppercut","Blood for Blood+1"],"picked":"Flame Barrier+1","floor":23.0},{"not_picked":["Dark Embrace","Wild Strike","Thunderclap"],"picked":"SKIP","floor":25.0},{"not_picked":["Cleave","Wild Strike+1"],"picked":"Battle Trance","floor":28.0},{"not_picked":["Perfected Strike","Sentinel","Headbutt"],"picked":"SKIP","floor":30.0},{"not_picked":["Fire Breathing","Thunderclap+1"],"picked":"Anger+1","floor":31.0},{"not_picked":["Fiend Fire","Juggernaut"],"picked":"Feed","floor":33.0},{"not_picked":["Perfected Strike+1","Warcry","Sword Boomerang"],"picked":"SKIP","floor":35.0},{"not_picked":["Pommel Strike","True Grit"],"picked":"Burning Pact","floor":36.0},{"not_picked":["Iron Wave","Seeing Red"],"picked":"Anger+1","floor":38.0},{"not_picked":["Armaments","Twin Strike"],"picked":"Whirlwind","floor":39.0},{"not_picked":["Thunderclap+1","Sever Soul","Searing Blow+1"],"picked":"SKIP","floor":41.0},{"not_picked":["Pommel Strike","Twin Strike+1","Flex"],"picked":"SKIP","floor":45.0},{"not_picked":["Intimidate","Cleave","Havoc"],"picked":"SKIP","floor":47.0}],"player_experience":353635,"relics_obtained":[{"floor":7.0,"key":"PreservedInsect"},{"floor":9.0,"key":"Red Skull"},{"floor":10.0,"key":"War Paint"},{"floor":23.0,"key":"MawBank"},{"floor":25.0,"key":"Whetstone"},{"floor":31.0,"key":"Strawberry"},{"floor":39.0,"key":"Shovel"},{"floor":41.0,"key":"Centennial Puzzle"},{"floor":45.0,"key":"FossilizedHelix"}],"event_choices":[{"damage_healed":0.0,"max_hp_gain":0.0,"max_hp_loss":0.0,"gold_gain":0.0,"event_name":"Liars Game","player_choice":"Ignored","floor":4.0,"gold_loss":0.0,"damage_taken":0.0},{"damage_healed":0.0,"max_hp_gain":0.0,"max_hp_loss":0.0,"gold_gain":0.0,"event_name":"Accursed Blacksmith","player_choice":"Forge","floor":5.0,"gold_loss":0.0,"damage_taken":0.0,"cards_upgraded":["Uppercut"]},{"cards_removed":["Strike_R"],"damage_healed":0.0,"max_hp_gain":0.0,"max_hp_loss":0.0,"gold_gain":0.0,"event_name":"Purifier","player_choice":"Purged","floor":12.0,"gold_loss":0.0,"damage_taken":0.0},{"cards_removed":["Strike_R"],"damage_healed":0.0,"max_hp_gain":0.0,"max_hp_loss":0.0,"gold_gain":0.0,"event_name":"Designer","player_choice":"Upgrade and Remove","floor":20.0,"gold_loss":110.0,"damage_taken":0.0,"cards_upgraded":["Strike_R"]},{"damage_healed":0.0,"max_hp_gain":0.0,"max_hp_loss":0.0,"gold_gain":0.0,"event_name":"Drug Dealer","player_choice":"Obtain J.A.X.","floor":29.0,"gold_loss":0.0,"damage_taken":0.0,"cards_obtained":["J.A.X."]},{"damage_healed":0.0,"max_hp_gain":0.0,"max_hp_loss":0.0,"gold_gain":0.0,"event_name":"Tomb of Lord Red Mask","player_choice":"Paid","floor":37.0,"gold_loss":211.0,"damage_taken":0.0,"relics_obtained":["Red Mask"]},{"damage_healed":0.0,"max_hp_gain":0.0,"max_hp_loss":0.0,"gold_gain":0.0,"event_name":"MindBloom","player_choice":"Fight","floor":39.0,"gold_loss":0.0,"damage_taken":0.0}],"is_beta":false,"boss_relics":[{"not_picked":["Orrery","Empty Cage"],"picked":"Cursed Key"},{"not_picked":["Astrolabe","Snecko Eye","Mark of Pain"]}],"items_purged_floors":[48],"is_endless":false,"potions_floor_spawned":[1,2,7,14,21,23,25,30,31,39,47],"ascension_level":19}