{"gold_per_floor":[112,122,132,152,227,256,256,270,325,325,359,373,390,417,429,542,554,581,607,34,34,50,50,83,102,102,119,153,153,79,106,106,207,207,218,234,250,267,267,299,313,340,340,369,369,384,384,415,415,415,415,415,3,30,30],"floor_reached":56,"playtime":5861,"items_purged":["Defend_R","Defend_R"],"score":1454,"play_id":"aebf7517-8f8f-428d-95bb-3c7e2c98da16","local_time":"20191013103117","is_ascension_mode":true,"campfire_choices":[{"data":"Metallicize","floor":7,"key":"SMITH"},{"data":"Perfected Strike","floor":10,"key":"SMITH"},{"data":"Intimidate","floor":15,"key":"SMITH"},{"data":"Feel No Pain","floor":23,"key":"SMITH"},{"data":"Strike_R","floor":32,"key":"PURGE"},{"floor":49,"key":"RECALL"},{"data":"Defend_R","floor":52,"key":"PURGE"}],"neow_cost":"NONE","seed_source_timestamp":2367193658435646,"circlet_count":0,"master_deck":["Strike_R","Strike_R","Strike_R","Strike_R","Defend_R","Bash","Metallicize+1","Dual Wield","Armaments","Perfected Strike+1","Dual Wield","Reaper","Inflame","Seeing Red","Intimidate+1","Entrench","Limit Break","Corruption","Heavy Blade","Feel No Pain+1","Limit Break","Burning Pact","Shockwave","Warcry+1","Warcry","Flame Barrier","Flame Barrier","Body Slam+1","Ghostly Armor","Second Wind","Armaments+1","Wild Strike+1","Dark Embrace","Shrug It Off","Pommel Strike+1","Warcry+1","Battle Trance+1","Body Slam+1","Flame Barrier","Headbutt+1","Shrug It Off+1","Deep Breath","Parasite","Demon Form","Warcry","Thinking Ahead","Ghostly Armor+1"],"relics":["Burning Blood","Ancient Tea Set","Bronze Scales","Letter Opener","MawBank","Sozu","Prayer Wheel","Meat on the Bone","Peace Pipe","Smiling Mask","Nilry\u0027s Codex","Incense Burner","Black Star","MealTicket","Lantern","War Paint","Pantograph","Bag of Marbles","Juzu Bracelet","Bag of Preparation","Champion Belt","Lee\u0027s Waffle","Ice Cream","Thread and Needle"],"potions_floor_usage":[11,16,16,28],"damage_taken":[{"damage":0,"enemies":"2 Louse","floor":1,"turns":4},{"damage":1,"enemies":"Cultist","floor":2,"turns":4},{"damage":2,"enemies":"Jaw Worm","floor":3,"turns":5},{"damage":2,"enemies":"2 Fungi Beasts","floor":4,"turns":6},{"damage":33,"enemies":"Lagavulin","floor":6,"turns":10},{"damage":4,"enemies":"Exordium Wildlife","floor":8,"turns":6},{"damage":4,"enemies":"Gremlin Nob","floor":11,"turns":3},{"damage":1,"enemies":"Looter","floor":12,"turns":4},{"damage":3,"enemies":"2 Fungi Beasts","floor":13,"turns":5},{"damage":26,"enemies":"3 Sentries","floor":14,"turns":6},{"damage":31,"enemies":"The Guardian","floor":16,"turns":12},{"damage":22,"enemies":"Spheric Guardian","floor":18,"turns":5},{"damage":10,"enemies":"3 Byrds","floor":19,"turns":3},{"damage":22,"enemies":"Centurion and Healer","floor":22,"turns":8},{"damage":37,"enemies":"Gremlin Leader","floor":24,"turns":7},{"damage":13,"enemies":"Snecko","floor":25,"turns":6},{"damage":8,"enemies":"3 Cultists","floor":27,"turns":6},{"damage":9,"enemies":"Book of Stabbing","floor":28,"turns":6},{"damage":47,"enemies":"Slavers","floor":31,"turns":6},{"damage":19,"enemies":"Automaton","floor":33,"turns":13},{"damage":0,"enemies":"3 Shapes","floor":35,"turns":4},{"damage":0,"enemies":"Orb Walker","floor":36,"turns":5},{"damage":18,"enemies":"Writhing Mass","floor":37,"turns":5},{"damage":19,"enemies":"Sphere and 2 Shapes","floor":38,"turns":5},{"damage":42,"enemies":"Reptomancer","floor":40,"turns":6},{"damage":13,"enemies":"Spire Growth","floor":41,"turns":5},{"damage":13,"enemies":"Giant Head","floor":42,"turns":9},{"damage":8,"enemies":"Reptomancer","floor":44,"turns":4},{"damage":13,"enemies":"Writhing Mass","floor":46,"turns":6},{"damage":20,"enemies":"Nemesis","floor":48,"turns":5},{"damage":20,"enemies":"Donu and Deca","floor":50,"turns":5},{"damage":11,"enemies":"Shield and Spear","floor":54,"turns":3},{"damage":49,"enemies":"The Heart","floor":55,"turns":8}],"seed_played":"-6209385460184789714","potions_obtained":[{"floor":2,"key":"Swift Potion"},{"floor":4,"key":"Fire Potion"},{"floor":8,"key":"Swift Potion"},{"floor":16,"key":"FearPotion"}],"is_trial":false,"path_per_floor":["M","M","M","M","?","E","R","M","T","R","E","M","M","E","R","B",null,"M","M","$","?","M","R","E","M","T","M","E","?","$","E","R","B",null,"M","M","M","M","?","E","M","E","T","E","?","M","?","E","R","B",null,"R","$","E","B",null],"character_chosen":"IRONCLAD","items_purchased":["Prayer Wheel","Feel No Pain","Limit Break","Burning Pact","Armaments","Warcry","Thinking Ahead","Lee\u0027s Waffle"],"campfire_rested":0,"item_purchase_floors":[20,20,20,20,30,53,53,53],"current_hp_per_floor":[88,88,88,88,80,53,53,55,55,55,57,62,80,68,68,49,88,79,81,81,64,68,68,54,59,59,69,78,62,62,51,51,54,93,93,93,81,68,68,44,63,63,63,70,70,66,66,52,52,63,88,88,95,90,75],"gold":30,"neow_bonus":"TEN_PERCENT_HP_BONUS","is_prod":false,"is_daily":false,"chose_seed":false,"campfire_upgraded":4,"win_rate":0,"timestamp":1570959077,"path_taken":["M","M","M","M","?","E","R","M","T","R","E","?","M","E","R","BOSS","M","M","$","?","M","R","E","M","T","M","E","?","?","E","R","BOSS","M","M","M","M","?","E","M","E","T","E","?","M","?","E","R","BOSS","R","$","E","BOSS"],"build_version":"2019-09-09v2","purchased_purges":2,"victory":true,"max_hp_per_floor":[88,88,88,88,88,88,88,88,88,88,88,88,88,88,88,88,88,88,88,88,93,93,93,93,93,93,93,93,93,93,93,93,93,93,93,93,93,93,93,93,93,93,93,93,93,93,88,88,88,88,88,88,95,95,95],"card_choices":[{"not_picked":["Body Slam","Flex"],"picked":"Metallicize","floor":1},{"not_picked":["Reckless Charge","Second Wind"],"picked":"Dual Wield","floor":2},{"not_picked":["Iron Wave","Clothesline"],"picked":"Armaments","floor":3},{"not_picked":["Flex","Clash"],"picked":"Perfected Strike","floor":4},{"not_picked":["Thunderclap","Anger"],"picked":"Dual Wield","floor":6},{"not_picked":["Reckless Charge","Clash"],"picked":"Reaper","floor":8},{"not_picked":["Bludgeon","Hemokinesis"],"picked":"Inflame","floor":11},{"not_picked":["Pommel Strike","Flex"],"picked":"Seeing Red","floor":12},{"not_picked":["Rampage","Armaments"],"picked":"Intimidate","floor":13},{"not_picked":["True Grit","Berserk"],"picked":"Entrench","floor":14},{"not_picked":["Feed","Impervious"],"picked":"Limit Break","floor":16},{"not_picked":["Sword Boomerang","Clothesline+1"],"picked":"Corruption","floor":18},{"not_picked":["Anger","Cleave+1"],"picked":"Heavy Blade","floor":19},{"not_picked":["Battle Trance","Clash"],"picked":"Shockwave","floor":22},{"not_picked":["Anger","Sword Boomerang"],"picked":"Warcry","floor":22},{"not_picked":["Whirlwind","Blood for Blood"],"picked":"Warcry","floor":24},{"not_picked":["Sword Boomerang+1","Clash+1"],"picked":"Flame Barrier","floor":25},{"not_picked":["Body Slam","Headbutt"],"picked":"Flame Barrier","floor":25},{"not_picked":["Inflame","Searing Blow"],"picked":"Body Slam+1","floor":27},{"not_picked":["Seeing Red","Reaper"],"picked":"Ghostly Armor","floor":27},{"not_picked":["Flex","Anger"],"picked":"Second Wind","floor":28},{"not_picked":["Dropkick","Anger"],"picked":"Wild Strike+1","floor":31},{"not_picked":["Demon Form","Reaper"],"picked":"Dark Embrace","floor":33},{"not_picked":["Reckless Charge","Sword Boomerang+1"],"picked":"Shrug It Off","floor":35},{"not_picked":["Evolve+1","Power Through"],"picked":"Pommel Strike+1","floor":35},{"not_picked":["Headbutt+1","Wild Strike"],"picked":"Warcry+1","floor":36},{"not_picked":["Dropkick+1","True Grit","Anger+1"],"picked":"SKIP","floor":36},{"not_picked":["True Grit+1","Iron Wave"],"picked":"Battle Trance+1","floor":37},{"not_picked":["Blood for Blood","Metallicize+1","Dual Wield"],"picked":"SKIP","floor":37},{"not_picked":["Flex","Pummel"],"picked":"Body Slam+1","floor":38},{"not_picked":["Anger","Heavy Blade","Carnage"],"picked":"SKIP","floor":38},{"not_picked":["Rupture","Dropkick+1"],"picked":"Flame Barrier","floor":40},{"not_picked":["Thunderclap+1","Searing Blow+1"],"picked":"Headbutt+1","floor":41},{"not_picked":["Double Tap","Intimidate+1","Wild Strike"],"picked":"SKIP","floor":41},{"not_picked":["Twin Strike","Cleave+1","Headbutt+1"],"picked":"SKIP","floor":42},{"not_picked":["Perfected Strike+1","Sword Boomerang"],"picked":"Shrug It Off+1","floor":44},{"not_picked":["Finesse","Swift Strike"],"picked":"Deep Breath","floor":45},{"not_picked":["Thunderclap+1","Headbutt","True Grit"],"picked":"SKIP","floor":46},{"not_picked":["Body Slam+1","Twin Strike","Carnage+1"],"picked":"SKIP","floor":46},{"not_picked":["Armaments+1","Perfected Strike+1"],"picked":"Demon Form","floor":48},{"not_picked":["Blood for Blood+1","Sword Boomerang+1"],"picked":"Ghostly Armor+1","floor":54}],"player_experience":143962,"relics_obtained":[{"floor":6,"key":"Ancient Tea Set"},{"floor":9,"key":"Bronze Scales"},{"floor":11,"key":"Letter Opener"},{"floor":14,"key":"MawBank"},{"floor":24,"key":"Meat on the Bone"},{"floor":26,"key":"Peace Pipe"},{"floor":28,"key":"Smiling Mask"},{"floor":29,"key":"Nilry\u0027s Codex"},{"floor":31,"key":"Incense Burner"},{"floor":40,"key":"MealTicket"},{"floor":40,"key":"Lantern"},{"floor":42,"key":"War Paint"},{"floor":42,"key":"Pantograph"},{"floor":44,"key":"Bag of Marbles"},{"floor":44,"key":"Juzu Bracelet"},{"floor":48,"key":"Bag of Preparation"},{"floor":48,"key":"Champion Belt"},{"floor":54,"key":"Ice Cream"},{"floor":54,"key":"Thread and Needle"}],"event_choices":[{"damage_healed":0,"gold_gain":75,"player_choice":"Touch","damage_taken":8,"max_hp_gain":0,"max_hp_loss":0,"event_name":"FaceTrader","floor":5,"gold_loss":0},{"damage_healed":0,"gold_gain":0,"player_choice":"Shed Blood","damage_taken":22,"max_hp_gain":5,"max_hp_loss":0,"event_name":"Forgotten Altar","floor":21,"gold_loss":0},{"damage_healed":0,"gold_gain":0,"player_choice":"Obtained Book","damage_taken":16,"max_hp_gain":0,"max_hp_loss":0,"event_name":"Cursed Tome","floor":29,"gold_loss":0},{"damage_healed":0,"gold_gain":0,"player_choice":"Ignored","damage_taken":0,"max_hp_gain":0,"max_hp_loss":0,"event_name":"Tomb of Lord Red Mask","floor":39,"gold_loss":0},{"damage_healed":0,"gold_gain":0,"player_choice":"Memory 1","damage_taken":0,"max_hp_gain":0,"max_hp_loss":0,"event_name":"SensoryStone","floor":45,"gold_loss":0},{"damage_healed":0,"gold_gain":0,"player_choice":"Max HP","damage_taken":0,"max_hp_gain":0,"max_hp_loss":5,"event_name":"Winding Halls","floor":47,"gold_loss":0}],"is_beta":true,"boss_relics":[{"not_picked":["Calling Bell","Tiny House"],"picked":"Sozu"},{"not_picked":["SlaversCollar","Fusion Hammer"],"picked":"Black Star"}],"items_purged_floors":[30,53],"is_endless":false,"potions_floor_spawned":[2,4,8,16,18,22,24,31,35,36,37,42],"ascension_level":1}