{"gold_per_floor":[115,45,45,61,81,108,108,128,155,155,165,196,0,25,25,130,130,142,142,67,67,78,108,118,118,118,18,36,65,65],"floor_reached":30,"playtime":2131,"items_purged":["Strike_G","Strike_G"],"score":369,"play_id":"9feeeec8-678b-4ae5-a514-d060cf3fb092","local_time":"20190622110310","is_ascension_mode":true,"campfire_choices":[{"data":"Footwork","floor":7,"key":"SMITH"},{"data":"Noxious Fumes","floor":10,"key":"SMITH"},{"data":"Noxious Fumes","floor":15,"key":"SMITH"},{"floor":25,"key":"REST"}],"neow_cost":"NONE","seed_source_timestamp":838563495003453,"circlet_count":0,"master_deck":["Defend_G","Defend_G","Defend_G","Defend_G","Defend_G","Strike_G","Survivor","Neutralize+1","Noxious Fumes+1","Noxious Fumes+1","Footwork+1","After Image","Blur","Malaise","Escape Plan+1","Escape Plan","Well Laid Plans","Well Laid Plans"],"relics":["Philosopher\u0027s Stone","Orichalcum","Strawberry","Happy Flower","WingedGreaves","Lee\u0027s Waffle","PreservedInsect","Empty Cage","Mummified Hand","Pear","Molten Egg 2"],"potions_floor_usage":[12,24,28,28,29],"damage_taken":[{"damage":9,"enemies":"Jaw Worm","floor":1,"turns":5},{"damage":1,"enemies":"Cultist","floor":4,"turns":4},{"damage":0,"enemies":"2 Louse","floor":5,"turns":4},{"damage":25,"enemies":"Gremlin Nob","floor":6,"turns":6},{"damage":1,"enemies":"Red Slaver","floor":8,"turns":4},{"damage":17,"enemies":"Lots of Slimes","floor":11,"turns":4},{"damage":14,"enemies":"3 Sentries","floor":12,"turns":6},{"damage":0,"enemies":"Lagavulin","floor":14,"turns":8},{"damage":23,"enemies":"The Guardian","floor":16,"turns":11},{"damage":0,"enemies":"Spheric Guardian","floor":18,"turns":7},{"damage":0,"enemies":"Shell Parasite","floor":22,"turns":7},{"damage":13,"enemies":"Gremlin Leader","floor":23,"turns":8},{"damage":37,"enemies":"Cultist and Chosen","floor":24,"turns":7},{"damage":20,"enemies":"3 Cultists","floor":28,"turns":7},{"damage":41,"enemies":"Slavers","floor":29,"turns":7},{"damage":11,"enemies":"Chosen and Byrds","floor":30,"turns":4}],"seed_played":"5219309844569739331","potions_obtained":[{"floor":1,"key":"GamblersBrew"},{"floor":4,"key":"Regen Potion"},{"floor":8,"key":"SkillPotion"},{"floor":16,"key":"SpeedPotion"},{"floor":24,"key":"Regen Potion"},{"floor":28,"key":"Block Potion"}],"is_trial":false,"path_per_floor":["M","$","?","M","M","E","R","M","T","R","M","E","$","E","R","B",null,"M","?","$","?","M","E","M","R","T","$","M","E","M"],"character_chosen":"THE_SILENT","items_purchased":["Noxious Fumes","Lee\u0027s Waffle"],"campfire_rested":1,"item_purchase_floors":[2,13],"current_hp_per_floor":[61,61,61,60,60,42,42,41,41,41,24,25,84,84,84,61,84,84,68,68,68,68,55,18,44,54,54,49,8,0],"gold":65,"neow_bonus":"BOSS_RELIC","is_prod":false,"is_daily":false,"chose_seed":false,"campfire_upgraded":3,"win_rate":0,"timestamp":1561226590,"path_taken":["M","$","?","?","M","E","R","M","T","R","M","E","$","E","R","BOSS","M","?","$","?","M","E","M","R","T","$","?","E","?"],"build_version":"2019-01-23","purchased_purges":2,"victory":false,"max_hp_per_floor":[70,70,70,70,70,77,77,77,77,77,77,77,84,84,84,84,84,84,89,89,89,89,89,89,89,99,99,99,99,99],"card_choices":[{"not_picked":["Masterful Stab","PiercingWail"],"picked":"Noxious Fumes","floor":1},{"not_picked":["Eviscerate","Deflect","Quick Slash"],"picked":"SKIP","floor":4},{"not_picked":["Poisoned Stab","Dagger Throw"],"picked":"Footwork","floor":5},{"not_picked":["Slice","Riddle With Holes","Tactician"],"picked":"SKIP","floor":6},{"not_picked":["Dodge and Roll","Predator","Slice"],"picked":"SKIP","floor":8},{"not_picked":["Backflip","Underhanded Strike"],"picked":"After Image","floor":11},{"not_picked":["Endless Agony","Underhanded Strike","Prepared"],"picked":"SKIP","floor":12},{"not_picked":["Reflex","Outmaneuver"],"picked":"Blur","floor":14},{"not_picked":["Phantasmal Killer","Tools of the Trade"],"picked":"Malaise","floor":16},{"not_picked":["Poisoned Stab","Predator+1"],"picked":"Escape Plan+1","floor":18},{"not_picked":["Dagger Throw","Deflect"],"picked":"Escape Plan","floor":22},{"not_picked":["Underhanded Strike+1","Outmaneuver"],"picked":"Well Laid Plans","floor":23},{"not_picked":["Backstab","Endless Agony"],"picked":"Well Laid Plans","floor":24},{"not_picked":["Flying Knee","Bane","Backstab+1"],"picked":"SKIP","floor":28},{"not_picked":["Eviscerate","Flying Knee","Bouncing Flask+1"],"picked":"SKIP","floor":29}],"player_experience":51845,"relics_obtained":[{"floor":6,"key":"Strawberry"},{"floor":9,"key":"Happy Flower"},{"floor":12,"key":"WingedGreaves"},{"floor":14,"key":"PreservedInsect"},{"floor":23,"key":"Mummified Hand"},{"floor":26,"key":"Pear"},{"floor":29,"key":"Molten Egg 2"}],"event_choices":[{"damage_healed":0,"gold_gain":0,"player_choice":"Gave Potion","damage_taken":0,"relics_obtained":["Orichalcum"],"max_hp_gain":0,"max_hp_loss":0,"event_name":"WeMeetAgain","floor":3,"gold_loss":0},{"damage_healed":0,"gold_gain":0,"player_choice":"Shed Blood","damage_taken":21,"max_hp_gain":5,"max_hp_loss":0,"event_name":"Forgotten Altar","floor":19,"gold_loss":0},{"damage_healed":0,"gold_gain":0,"player_choice":"Upgraded","damage_taken":0,"max_hp_gain":0,"max_hp_loss":0,"event_name":"Upgrade Shrine","floor":21,"gold_loss":0,"cards_upgraded":["Neutralize"]}],"is_beta":false,"boss_relics":[{"not_picked":["Runic Dome","Tiny House"],"picked":"Empty Cage"}],"items_purged_floors":[20,27],"is_endless":false,"potions_floor_spawned":[1,4,8,16,24,28],"killed_by":"Chosen and Byrds","ascension_level":2}