{"gold_per_floor":[119,136,136,61,86,86,111,147,173,173,214,237,237,256,256,349,349,365,380,430,430,445,445],"floor_reached":23,"playtime":785,"items_purged":[],"score":406,"play_id":"01b99037-2bde-4b03-ab5e-1a3a1bb338ee","local_time":"20191001101150","is_ascension_mode":true,"campfire_choices":[{"data":"Rampage","floor":6.0,"key":"SMITH"},{"data":"Flame Barrier","floor":10.0,"key":"SMITH"},{"data":"Armaments","floor":15.0,"key":"SMITH"}],"neow_cost":"NONE","seed_source_timestamp":0,"circlet_count":0,"master_deck":["AscendersBane","Strike_R","Strike_R","Strike_R","Strike_R","Defend_R","Defend_R","Defend_R","Defend_R","Bash","Clothesline","Rampage+1","Headbutt","Flame Barrier+1","Armaments+1","Shrug It Off","Immolate","Battle Trance","Metallicize"],"special_seed":0,"relics":["Burning Blood","Strawberry","Bloody Idol","Smiling Mask","Lantern","Orichalcum","The Courier","Black Star"],"potions_floor_usage":[],"damage_taken":[{"damage":11.0,"enemies":"Jaw Worm","floor":1.0,"turns":4.0},{"damage":4.0,"enemies":"Small Slimes","floor":2.0,"turns":3.0},{"damage":8.0,"enemies":"2 Louse","floor":5.0,"turns":4.0},{"damage":24.0,"enemies":"Exordium Wildlife","floor":7.0,"turns":5.0},{"damage":26.0,"enemies":"Gremlin Nob","floor":8.0,"turns":4.0},{"damage":15.0,"enemies":"Lagavulin","floor":11.0,"turns":7.0},{"damage":3.0,"enemies":"Blue Slaver","floor":12.0,"turns":4.0},{"damage":6.0,"enemies":"Large Slime","floor":14.0,"turns":8.0},{"damage":17.0,"enemies":"Slime Boss","floor":16.0,"turns":10.0},{"damage":13.0,"enemies":"Chosen","floor":18.0,"turns":5.0},{"damage":12.0,"enemies":"2 Thieves","floor":19.0,"turns":3.0},{"damage":26,"enemies":"3 Cultists","floor":22,"turns":4},{"damage":40,"enemies":"Gremlin Leader","floor":23,"turns":7}],"seed_played":"2849004268400273882","potions_obtained":[{"floor":2.0,"key":"Regen Potion"},{"floor":8.0,"key":"BloodPotion"},{"floor":12.0,"key":"Fire Potion"},{"floor":14.0,"key":"ElixirPotion"},{"floor":16.0,"key":"LiquidBronze"}],"is_trial":false,"path_per_floor":["M","M","?","?","M","R","M","E","T","R","E","M","?","M","R","B",null,"M","M","?","?","M","E"],"character_chosen":"IRONCLAD","items_purchased":[],"campfire_rested":0,"item_purchase_floors":[],"current_hp_per_floor":[70,72,72,72,70,70,65,45,45,45,50,53,35,35,35,24,62,55,49,49,49,34,0],"gold":445,"neow_bonus":"RANDOM_COMMON_RELIC","is_prod":false,"is_daily":false,"chose_seed":false,"campfire_upgraded":3,"win_rate":0,"timestamp":1569949910,"path_taken":["M","M","?","?","M","R","M","E","T","R","E","M","?","M","R","BOSS","M","M","?","?","?","E"],"build_version":"2019-09-27","purchased_purges":0,"victory":false,"max_hp_per_floor":[82,82,74,74,74,74,74,74,74,74,74,74,74,74,74,74,74,74,74,74,74,74,74],"card_choices":[{"not_picked":["Cleave","Body Slam"],"picked":"Clothesline","floor":1.0},{"not_picked":["Reaper","Shrug It Off"],"picked":"Rampage","floor":2.0},{"not_picked":["True Grit","Havoc"],"picked":"Headbutt","floor":5.0},{"not_picked":["Thunderclap","Pummel","Flex"],"picked":"SKIP","floor":7.0},{"not_picked":["Body Slam","Warcry"],"picked":"Flame Barrier","floor":8.0},{"not_picked":["Perfected Strike","Bloodletting"],"picked":"Armaments","floor":11.0},{"not_picked":["Clash","Body Slam"],"picked":"Shrug It Off","floor":12.0},{"not_picked":["Sentinel","Dark Embrace","Cleave"],"picked":"SKIP","floor":14.0},{"not_picked":["Brutality","Impervious"],"picked":"Immolate","floor":16.0},{"not_picked":["Headbutt","Pummel"],"picked":"Battle Trance","floor":18.0},{"not_picked":["Warcry","Perfected Strike","Anger"],"picked":"SKIP","floor":19.0},{"not_picked":["Pummel","Rupture"],"picked":"Metallicize","floor":22}],"player_experience":1174768,"relics_obtained":[{"floor":8.0,"key":"Smiling Mask"},{"floor":9.0,"key":"Lantern"},{"floor":11.0,"key":"Orichalcum"}],"event_choices":[{"damage_healed":0.0,"max_hp_gain":0.0,"max_hp_loss":8.0,"gold_gain":0.0,"event_name":"Golden Idol","player_choice":"Lose Max HP","floor":3.0,"gold_loss":0.0,"damage_taken":0.0,"relics_obtained":["Golden Idol"]},{"cards_removed":["Strike_R"],"damage_healed":0.0,"max_hp_gain":0.0,"max_hp_loss":0.0,"gold_gain":0.0,"event_name":"The Cleric","player_choice":"Card Removal","floor":4.0,"gold_loss":75.0,"damage_taken":0.0},{"damage_healed":0.0,"max_hp_gain":0.0,"max_hp_loss":0.0,"gold_gain":0.0,"event_name":"Scrap Ooze","player_choice":"Success","floor":13.0,"gold_loss":0.0,"damage_taken":18.0,"relics_obtained":["The Courier"]},{"damage_healed":0.0,"max_hp_gain":0.0,"max_hp_loss":0.0,"gold_gain":50.0,"event_name":"Nest","player_choice":"Stole From Cult","floor":20.0,"gold_loss":0.0,"damage_taken":0.0},{"damage_healed":0.0,"max_hp_gain":0.0,"max_hp_loss":0.0,"gold_gain":0.0,"event_name":"Forgotten Altar","player_choice":"Gave Idol","floor":21.0,"relics_lost":["Golden Idol"],"gold_loss":0.0,"damage_taken":0.0,"relics_obtained":["Bloody Idol"]}],"is_beta":true,"boss_relics":[{"not_picked":["Tiny House","Coffee Dripper"],"picked":"Black Star"}],"items_purged_floors":[],"is_endless":false,"potions_floor_spawned":[2,8,12,14,16],"killed_by":"Gremlin Leader","ascension_level":20}