{"gold_per_floor":[111,111,123,123,138,138,181,181,181,161,161,194,118,134,134,263,263,281,281,133,156,10,41,57,100,100,121,121,134,155,170,170,291,291,306,60,119,20,38,38,82,94,131,143,155,167,0,30,42,54],"floor_reached":51,"playtime":4751,"items_purged":["Strike_G"],"score":1048,"play_id":"edf59886-afdc-49d6-a5d0-f480d9060c96","local_time":"20190727231049","is_ascension_mode":true,"campfire_choices":[{"data":"Noxious Fumes","floor":6,"key":"SMITH"},{"floor":8,"key":"REST"},{"data":"Neutralize","floor":11,"key":"SMITH"},{"data":"Neutralize","floor":15,"key":"SMITH"},{"data":"Dodge and Roll","floor":28,"key":"SMITH"},{"data":"Deadly Poison","floor":32,"key":"SMITH"},{"floor":40,"key":"REST"},{"data":"Strike_G","floor":42,"key":"PURGE"},{"data":"Strike_G","floor":44,"key":"PURGE"},{"data":"Strike_G","floor":46,"key":"PURGE"},{"data":"Backflip","floor":49,"key":"SMITH"}],"neow_cost":"NONE","seed_source_timestamp":1138276887001696,"circlet_count":0,"master_deck":["Defend_G","Defend_G","Defend_G","Defend_G","Defend_G","Survivor","Neutralize+1","Neutralize+1","Noxious Fumes+1","Escape Plan","Footwork+1","Blur","Leg Sweep+1","Well Laid Plans+1","Backflip","Dodge and Roll+1","Backflip","Deflect","Deadly Poison+1","Blur+1","Doppelganger","Backflip+1","Cloak And Dagger+1","Blur+1","Madness","Madness"],"relics":["White Beast Statue","Golden Idol","Pocketwatch","Shuriken","Frozen Egg 2","Eternal Feather","Happy Flower","Potion Belt","Oddly Smooth Stone","Letter Opener","Black Star","Toy Ornithopter","Peace Pipe","Calipers","MawBank","Centennial Puzzle","Red Mask"],"potions_floor_usage":[7,7,14,16,16,18,23,24,25,25,25,33,33,37,37,37,39,48],"damage_taken":[{"damage":0,"enemies":"2 Louse","floor":1,"turns":4},{"damage":0,"enemies":"Cultist","floor":3,"turns":4},{"damage":3,"enemies":"Small Slimes","floor":5,"turns":4},{"damage":7,"enemies":"3 Sentries","floor":7,"turns":7},{"damage":16,"enemies":"Lagavulin","floor":12,"turns":10},{"damage":0,"enemies":"3 Louse","floor":14,"turns":4},{"damage":10,"enemies":"Slime Boss","floor":16,"turns":11},{"damage":3,"enemies":"Chosen","floor":18,"turns":7},{"damage":4,"enemies":"Spheric Guardian","floor":21,"turns":6},{"damage":5,"enemies":"Book of Stabbing","floor":23,"turns":11},{"damage":2,"enemies":"Shelled Parasite and Fungi","floor":24,"turns":10},{"damage":8,"enemies":"Slavers","floor":25,"turns":9},{"damage":0,"enemies":"Centurion and Healer","floor":27,"turns":9},{"damage":0,"enemies":"Snake Plant","floor":29,"turns":7},{"damage":0,"enemies":"Shelled Parasite and Fungi","floor":30,"turns":10},{"damage":0,"enemies":"Centurion and Healer","floor":31,"turns":9},{"damage":0,"enemies":"Automaton","floor":33,"turns":12},{"damage":0,"enemies":"Orb Walker","floor":35,"turns":7},{"damage":56,"enemies":"2 Orb Walkers","floor":37,"turns":9},{"damage":12,"enemies":"3 Shapes","floor":39,"turns":7},{"damage":8,"enemies":"Nemesis","floor":41,"turns":13},{"damage":9,"enemies":"Transient","floor":48,"turns":5},{"damage":10,"enemies":"Time Eater","floor":50,"turns":23}],"seed_played":"7507233802571046192","potions_obtained":[{"floor":1,"key":"Regen Potion"},{"floor":3,"key":"Swift Potion"},{"floor":5,"key":"AttackPotion"},{"floor":7,"key":"SpeedPotion"},{"floor":10,"key":"GamblersBrew"},{"floor":12,"key":"SpeedPotion"},{"floor":14,"key":"Fire Potion"},{"floor":16,"key":"SteroidPotion"},{"floor":18,"key":"SkillPotion"},{"floor":21,"key":"AttackPotion"},{"floor":23,"key":"EssenceOfSteel"},{"floor":24,"key":"Dexterity Potion"},{"floor":25,"key":"Weak Potion"},{"floor":27,"key":"PowerPotion"},{"floor":29,"key":"SkillPotion"},{"floor":30,"key":"Strength Potion"},{"floor":31,"key":"Energy Potion"},{"floor":33,"key":"FearPotion"},{"floor":35,"key":"EssenceOfSteel"},{"floor":37,"key":"Regen Potion"},{"floor":39,"key":"Fruit Juice"},{"floor":41,"key":"Swift Potion"},{"floor":48,"key":"Explosive Potion"}],"is_trial":false,"path_per_floor":["M","?","M","?","M","R","E","R","T","?","R","E","$","M","R","B",null,"M","?","$","M","$","E","M","E","T","M","R","M","M","M","R","B",null,"M","$","?","$","M","R","E","R","T","R","?","R","?","M","R","B",null],"character_chosen":"THE_SILENT","items_purchased":["Blur","Happy Flower","Backflip","Dodge and Roll","Backflip","Toy Ornithopter","FairyPotion"],"campfire_rested":2,"item_purchase_floors":[13,20,22,22,36,36,38],"current_hp_per_floor":[63,63,63,46,43,43,36,57,57,57,57,41,41,55,55,45,64,61,61,61,57,57,52,50,42,42,42,54,54,54,54,66,66,69,69,69,19,19,17,54,46,61,61,75,66,75,75,73,75,65],"gold":66,"neow_bonus":"BOSS_RELIC","is_prod":false,"is_daily":false,"chose_seed":false,"campfire_upgraded":6,"win_rate":0,"timestamp":1564294249,"path_taken":["M","?","?","?","M","R","E","R","T","?","R","E","$","?","R","BOSS","M","?","$","M","$","E","M","E","T","M","R","M","M","M","R","BOSS","M","?","?","$","M","R","E","R","T","R","?","R","?","?","R","BOSS"],"build_version":"2019-07-17","purchased_purges":1,"victory":true,"max_hp_per_floor":[70,70,70,70,70,70,70,70,70,70,70,70,70,70,70,70,70,70,70,70,70,70,70,70,70,70,70,70,70,70,70,70,70,70,70,70,70,70,75,75,75,75,75,75,75,75,75,75,75,75],"card_choices":[{"not_picked":["Bouncing Flask","Quick Slash","Outmaneuver"],"picked":"SKIP","floor":1},{"not_picked":["Skewer","Escape Plan"],"picked":"Noxious Fumes","floor":3},{"not_picked":["Flying Knee","Backstab","Outmaneuver"],"picked":"SKIP","floor":5},{"not_picked":["Cloak And Dagger","Leg Sweep"],"picked":"Escape Plan","floor":7},{"not_picked":["PiercingWail","Prepared"],"picked":"Footwork","floor":12},{"not_picked":["Reflex","Underhanded Strike","All Out Attack"],"picked":"SKIP","floor":14},{"not_picked":["Quick Slash","Concentrate"],"picked":"Leg Sweep+1","floor":18},{"not_picked":["Calculated Gamble","Backstab+1"],"picked":"Well Laid Plans+1","floor":21},{"not_picked":["Skewer","Footwork+1"],"picked":"Backflip","floor":23},{"not_picked":["Slice+1","Poisoned Stab","Calculated Gamble"],"picked":"SKIP","floor":24},{"not_picked":["Deadly Poison+1","Leg Sweep"],"picked":"Deflect","floor":25},{"not_picked":["Crippling Poison","Catalyst","Accuracy+1"],"picked":"SKIP","floor":27},{"not_picked":["Crippling Poison","Catalyst","Accuracy+1"],"picked":"SKIP","floor":27},{"not_picked":["Quick Slash","Outmaneuver","Finisher"],"picked":"SKIP","floor":29},{"not_picked":["Dagger Throw","Outmaneuver"],"picked":"Deadly Poison","floor":30},{"not_picked":["Predator","Calculated Gamble"],"picked":"Blur+1","floor":31},{"not_picked":["Venomology","Glass Knife"],"picked":"Doppelganger","floor":33},{"not_picked":["Blade Dance","Dagger Spray+1","Underhanded Strike+1"],"picked":"SKIP","floor":35},{"not_picked":["Infinite Blades+1","Masterful Stab+1"],"picked":"Cloak And Dagger+1","floor":39},{"not_picked":["Phantasmal Killer","Dagger Spray+1"],"picked":"Blur+1","floor":41},{"not_picked":["Flying Knee+1","PiercingWail","Dagger Spray+1"],"picked":"SKIP","floor":48}],"player_experience":123773,"relics_obtained":[{"floor":7,"key":"Pocketwatch"},{"floor":9,"key":"Shuriken"},{"floor":12,"key":"Frozen Egg 2"},{"floor":23,"key":"Potion Belt"},{"floor":25,"key":"Oddly Smooth Stone"},{"floor":26,"key":"Letter Opener"},{"floor":37,"key":"Peace Pipe"},{"floor":41,"key":"Calipers"},{"floor":41,"key":"MawBank"},{"floor":43,"key":"Centennial Puzzle"}],"event_choices":[{"damage_healed":0,"gold_gain":0,"player_choice":"1 cards matched","damage_taken":0,"max_hp_gain":0,"max_hp_loss":0,"event_name":"Match and Keep!","floor":2,"gold_loss":0,"cards_obtained":["Neutralize"]},{"damage_healed":0,"gold_gain":0,"player_choice":"Take Damage","damage_taken":17,"relics_obtained":["Golden Idol"],"max_hp_gain":0,"max_hp_loss":0,"event_name":"Golden Idol","floor":4,"gold_loss":0},{"damage_healed":0,"gold_gain":0,"player_choice":"Bought 1 Potion","damage_taken":0,"max_hp_gain":0,"max_hp_loss":0,"event_name":"The Woman in Blue","floor":10,"gold_loss":0},{"cards_removed":["Strike_G"],"damage_healed":0,"gold_gain":0,"player_choice":"Offered Basic","damage_taken":0,"max_hp_gain":0,"max_hp_loss":0,"event_name":"Bonfire Elementals","floor":19,"gold_loss":0},{"damage_healed":0,"gold_gain":0,"player_choice":"Fight","damage_taken":0,"max_hp_gain":0,"max_hp_loss":0,"event_name":"Mysterious Sphere","floor":37,"gold_loss":0},{"damage_healed":0,"gold_gain":0,"player_choice":"Embrace Madness","damage_taken":9,"max_hp_gain":0,"max_hp_loss":0,"event_name":"Winding Halls","floor":45,"gold_loss":0,"cards_obtained":["Madness","Madness"]},{"damage_healed":0,"gold_gain":0,"player_choice":"Paid","damage_taken":0,"relics_obtained":["Red Mask"],"max_hp_gain":0,"max_hp_loss":0,"event_name":"Tomb of Lord Red Mask","floor":47,"gold_loss":179}],"is_beta":false,"boss_relics":[{"not_picked":["Tiny House","Runic Pyramid"],"picked":"Eternal Feather"},{"not_picked":["Lizard Tail","Velvet Choker"],"picked":"Black Star"}],"items_purged_floors":[22],"is_endless":false,"potions_floor_spawned":[1,3,5,7,12,14,16,18,21,23,24,25,27,29,30,31,33,35,37,39,41,48],"ascension_level":9}