{"gold_per_floor":[113,125,144,164,181,181,213,213,213,243,3,3,18,30,30,108,108,120,136,5,25,40,69,69,85,140,157,191,203,49,49,49,120,120,136,136,236,286,22,54,54,69,69,6,56,56,70,0,0,0],"floor_reached":51,"playtime":4310,"items_purged":["Strike_G","Strike_G","Neutralize"],"score":1345,"play_id":"a09620b5-2668-43ff-9ccf-f3459211918c","local_time":"20190731215944","is_ascension_mode":true,"campfire_choices":[{"data":"Dodge and Roll","floor":6.0,"key":"SMITH"},{"floor":8.0,"key":"REST"},{"data":"Caltrops","floor":12.0,"key":"SMITH"},{"data":"Bouncing Flask","floor":15.0,"key":"SMITH"},{"data":"Footwork","floor":24.0,"key":"SMITH"},{"data":"Adrenaline","floor":32.0,"key":"SMITH"},{"data":"Noxious Fumes","floor":41,"key":"SMITH"},{"floor":46,"key":"REST"},{"data":"Defend_G","floor":49,"key":"SMITH"}],"neow_cost":"NONE","seed_source_timestamp":0,"circlet_count":0,"master_deck":["AscendersBane","Defend_G+1","Defend_G+1","Defend_G+1","Defend_G","Defend_G","Survivor","Wraith Form v2+1","Night Terror+1","Dash+1","Cloak And Dagger","Bouncing Flask+1","Dodge and Roll+1","Adrenaline+1","Backflip+1","Caltrops+1","Backflip+1","Footwork+1","Backflip+1","Backflip+1","Blur+1","Noxious Fumes+1","Backflip+1","Crippling Poison+1","Blur+1","Backflip+1"],"special_seed":0,"relics":["Astrolabe","Toxic Egg 2","Pocketwatch","Pear","Membership Card","Snecko Eye","Matryoshka","FossilizedHelix","War Paint","Vajra","Orichalcum","Oddly Smooth Stone","Runic Dome","Nunchaku","Lantern","DollysMirror","Regal Pillow","Bag of Preparation","Bronze Scales","Torii","Red Mask"],"potions_floor_usage":[45],"damage_taken":[{"damage":1.0,"enemies":"Cultist","floor":1.0,"turns":8.0},{"damage":1.0,"enemies":"Jaw Worm","floor":2.0,"turns":5.0},{"damage":0.0,"enemies":"2 Louse","floor":3.0,"turns":4.0},{"damage":0.0,"enemies":"2 Fungi Beasts","floor":4.0,"turns":6.0},{"damage":9.0,"enemies":"3 Louse","floor":5.0,"turns":6.0},{"damage":8.0,"enemies":"Lagavulin","floor":7.0,"turns":8.0},{"damage":2.0,"enemies":"3 Sentries","floor":10.0,"turns":14.0},{"damage":0.0,"enemies":"Red Slaver","floor":13.0,"turns":5.0},{"damage":0.0,"enemies":"Exordium Wildlife","floor":14.0,"turns":4.0},{"damage":4.0,"enemies":"The Guardian","floor":16.0,"turns":11.0},{"damage":0.0,"enemies":"Chosen","floor":18.0,"turns":5.0},{"damage":1.0,"enemies":"Shell Parasite","floor":19.0,"turns":8.0},{"damage":9.0,"enemies":"Centurion and Healer","floor":21.0,"turns":4.0},{"damage":0.0,"enemies":"Snecko","floor":22.0,"turns":4.0},{"damage":5.0,"enemies":"Book of Stabbing","floor":23.0,"turns":5.0},{"damage":0.0,"enemies":"Sentry and Sphere","floor":25.0,"turns":11.0},{"damage":2.0,"enemies":"3 Cultists","floor":27.0,"turns":6.0},{"damage":16.0,"enemies":"Gremlin Leader","floor":28.0,"turns":7.0},{"damage":1.0,"enemies":"Snake Plant","floor":29.0,"turns":4.0},{"damage":21.0,"enemies":"Collector","floor":33.0,"turns":13.0},{"damage":0,"enemies":"Orb Walker","floor":35,"turns":6},{"damage":0,"enemies":"Mind Bloom Boss Battle","floor":37,"turns":10},{"damage":0,"enemies":"Giant Head","floor":40,"turns":14},{"damage":0,"enemies":"3 Shapes","floor":42,"turns":9},{"damage":16,"enemies":"2 Orb Walkers","floor":45,"turns":6},{"damage":0,"enemies":"3 Darklings","floor":47,"turns":3},{"damage":0,"enemies":"Time Eater","floor":50,"turns":13}],"seed_played":"-1272810076628879578","potions_obtained":[{"floor":2.0,"key":"GhostInAJar"},{"floor":3.0,"key":"Strength Potion"},{"floor":5.0,"key":"Fire Potion"},{"floor":10.0,"key":"Swift Potion"},{"floor":16.0,"key":"Swift Potion"},{"floor":18.0,"key":"AttackPotion"},{"floor":19.0,"key":"Dexterity Potion"},{"floor":28.0,"key":"Swift Potion"},{"floor":33.0,"key":"LiquidBronze"},{"floor":35,"key":"GamblersBrew"},{"floor":45,"key":"Regen Potion"}],"is_trial":false,"path_per_floor":["M","M","M","M","M","R","E","R","T","E","$","R","M","M","R","B",null,"M","M","$","M","M","E","R","M","T","M","E","M","$","?","R","B",null,"M","?","?","?","$","E","R","M","T","$","?","R","M","?","R","B",null],"character_chosen":"THE_SILENT","items_purchased":["Membership Card","Caltrops","Matryoshka","Oddly Smooth Stone","Noxious Fumes","Lantern","Crippling Poison+1","DollysMirror"],"campfire_rested":2,"item_purchase_floors":[11,11,20,30,30,39,39,39],"current_hp_per_floor":[58,57,57,57,48,48,40,59,59,67,67,67,67,67,67,63,73,73,72,72,63,63,58,58,58,58,56,40,39,39,39,39,18,62,62,62,62,55,55,55,55,55,55,55,39,72,72,72,72,72],"gold":0,"neow_bonus":"BOSS_RELIC","is_prod":false,"is_daily":false,"chose_seed":false,"campfire_upgraded":7,"win_rate":0,"timestamp":1564635584,"path_taken":["M","M","M","M","M","R","E","R","T","E","$","R","M","M","R","BOSS","M","M","?","M","M","E","R","M","T","M","E","M","$","?","R","BOSS","M","?","?","?","$","E","R","?","T","$","?","R","M","?","R","BOSS"],"build_version":"2019-07-17","purchased_purges":3,"victory":true,"max_hp_per_floor":[66,66,66,66,66,66,66,66,66,76,76,76,76,76,76,76,76,76,76,76,76,76,76,76,76,76,76,76,76,76,76,76,76,76,76,72,72,72,72,72,72,72,72,72,72,72,72,72,72,72],"card_choices":[{"not_picked":["PiercingWail","Flying Knee"],"picked":"Cloak And Dagger","floor":1.0},{"not_picked":["Flying Knee","Terror"],"picked":"Bouncing Flask","floor":2.0},{"not_picked":["Setup","All Out Attack","Accuracy"],"picked":"SKIP","floor":3.0},{"not_picked":["Blade Dance","Cloak And Dagger"],"picked":"Dodge and Roll","floor":4.0},{"not_picked":["Backflip","Heel Hook"],"picked":"Adrenaline","floor":5.0},{"not_picked":["Underhanded Strike","Predator","Slice"],"picked":"SKIP","floor":7.0},{"not_picked":["Underhanded Strike","Skewer"],"picked":"Backflip+1","floor":10.0},{"not_picked":["Bane","Accuracy","Outmaneuver+1"],"picked":"SKIP","floor":13.0},{"not_picked":["Bane","Infinite Blades","Sucker Punch"],"picked":"SKIP","floor":14.0},{"not_picked":["Dash","Blade Dance+1"],"picked":"Backflip+1","floor":18.0},{"not_picked":["Bane","Cloak And Dagger+1","Backstab"],"picked":"SKIP","floor":19.0},{"not_picked":["Reflex+1","Prepared+1","Blade Dance+1"],"picked":"SKIP","floor":21.0},{"not_picked":["Prepared+1","Deflect+1","Slice+1"],"picked":"SKIP","floor":22.0},{"not_picked":["Poisoned Stab","Night Terror+1"],"picked":"Footwork","floor":23.0},{"not_picked":["Catalyst+1","Deadly Poison+1"],"picked":"Backflip+1","floor":25.0},{"not_picked":["Dagger Throw","Finisher"],"picked":"Backflip+1","floor":27.0},{"not_picked":["Escape Plan+1","Eviscerate"],"picked":"Blur+1","floor":28.0},{"not_picked":["Infinite Blades","All Out Attack","Sucker Punch"],"picked":"SKIP","floor":29.0},{"not_picked":["Setup+1","Prepared+1"],"picked":"Backflip+1","floor":35},{"not_picked":["Wraith Form v2","Dagger Throw+1","Blade Dance+1"],"picked":"SKIP","floor":40},{"not_picked":["Underhanded Strike+1","Deadly Poison+1","Tactician+1"],"picked":"SKIP","floor":42},{"not_picked":["Riddle With Holes+1","Bane"],"picked":"Backflip+1","floor":47}],"player_experience":152091,"relics_obtained":[{"floor":7.0,"key":"Toxic Egg 2"},{"floor":9.0,"key":"Pocketwatch"},{"floor":10.0,"key":"Pear"},{"floor":23.0,"key":"FossilizedHelix"},{"floor":26.0,"key":"War Paint"},{"floor":26.0,"key":"Vajra"},{"floor":28.0,"key":"Orichalcum"},{"floor":37,"key":"Nunchaku"},{"floor":40,"key":"Regal Pillow"},{"floor":43,"key":"Bag of Preparation"},{"floor":43,"key":"Bronze Scales"},{"floor":45,"key":"Torii"}],"event_choices":[{"damage_healed":0.0,"max_hp_gain":0.0,"max_hp_loss":0.0,"gold_gain":0.0,"event_name":"The Mausoleum","player_choice":"Ignored","floor":31.0,"gold_loss":0.0,"damage_taken":0.0},{"damage_healed":0,"gold_gain":0,"player_choice":"Max HP","damage_taken":0,"max_hp_gain":0,"max_hp_loss":4,"event_name":"Winding Halls","floor":36,"gold_loss":0},{"damage_healed":0,"gold_gain":0,"player_choice":"Fight","damage_taken":0,"max_hp_gain":0,"max_hp_loss":0,"event_name":"MindBloom","floor":37,"gold_loss":0},{"damage_healed":0,"gold_gain":50,"player_choice":"Touch","damage_taken":7,"max_hp_gain":0,"max_hp_loss":0,"event_name":"FaceTrader","floor":38,"gold_loss":0},{"damage_healed":0,"gold_gain":0,"player_choice":"Fight","damage_taken":0,"max_hp_gain":0,"max_hp_loss":0,"event_name":"Mysterious Sphere","floor":45,"gold_loss":0},{"damage_healed":0,"gold_gain":0,"player_choice":"Paid","damage_taken":0,"relics_obtained":["Red Mask"],"max_hp_gain":0,"max_hp_loss":0,"event_name":"Tomb of Lord Red Mask","floor":48,"gold_loss":70}],"is_beta":false,"boss_relics":[{"not_picked":["Sozu","HoveringKite"],"picked":"Snecko Eye"},{"not_picked":["WristBlade","Coffee Dripper"],"picked":"Runic Dome"}],"items_purged_floors":[30,39,44],"is_endless":false,"potions_floor_spawned":[2,3,5,10,16,18,19,28,33,35,40,45],"ascension_level":15}