{"gold_per_floor":[117,292,305,323,323,357,357,377,404,415,430,456,471,482,482,585,585,597,337,362,379,396,423,423,455,501,426,426,20,30,59,59,160,160,179,179,25,38,53,53],"floor_reached":40,"playtime":7891,"items_purged":["Doubt","Strike_R"],"score":483,"play_id":"75701881-35cd-43f5-8ad9-5aeacecc4635","local_time":"20191012123025","is_ascension_mode":true,"campfire_choices":[{"data":"Flame Barrier","floor":7,"key":"SMITH"},{"floor":15,"key":"REST"},{"floor":24,"key":"RECALL"},{"floor":32,"key":"REST"}],"neow_cost":"NONE","seed_source_timestamp":2285927856070901,"circlet_count":0,"master_deck":["Strike_R","Strike_R","Defend_R","Defend_R","Defend_R","Bash","Burning Pact","Shrug It Off","Flame Barrier+1","Pommel Strike","Impervious+1","Sword Boomerang","Metallicize","Shockwave","Flame Barrier","Second Wind","Pummel","Barricade+1","Headbutt","Shrug It Off","Warcry+1","Purity","Twin Strike+1","Shockwave+1","Pummel","Immolate","Armaments","Burning Pact","Metallicize","Reaper","Armaments+1","Impervious","Dual Wield","Feel No Pain+1"],"relics":["Philosopher\u0027s Stone","Happy Flower","InkBottle","Runic Pyramid","Red Mask","White Beast Statue","Bronze Scales","Anchor","War Paint","ClockworkSouvenir","Kunai","Runic Cube"],"potions_floor_usage":[13,18,20,23,25,31,31,40],"damage_taken":[{"damage":2,"enemies":"Cultist","floor":1,"turns":3},{"damage":0,"enemies":"Small Slimes","floor":3,"turns":2},{"damage":7,"enemies":"Jaw Worm","floor":4,"turns":4},{"damage":22,"enemies":"Lagavulin","floor":6,"turns":8},{"damage":0,"enemies":"Large Slime","floor":8,"turns":5},{"damage":0,"enemies":"2 Fungi Beasts","floor":10,"turns":3},{"damage":0,"enemies":"Exordium Thugs","floor":11,"turns":4},{"damage":29,"enemies":"3 Sentries","floor":12,"turns":12},{"damage":0,"enemies":"Large Slime","floor":13,"turns":4},{"damage":13,"enemies":"2 Fungi Beasts","floor":14,"turns":4},{"damage":20,"enemies":"The Guardian","floor":16,"turns":17},{"damage":1,"enemies":"2 Thieves","floor":18,"turns":5},{"damage":29,"enemies":"Masked Bandits","floor":20,"turns":7},{"damage":0,"enemies":"3 Byrds","floor":21,"turns":4},{"damage":6,"enemies":"Centurion and Healer","floor":22,"turns":7},{"damage":40,"enemies":"Slavers","floor":23,"turns":11},{"damage":17,"enemies":"Gremlin Leader","floor":25,"turns":9},{"damage":0,"enemies":"Cultist and Chosen","floor":30,"turns":7},{"damage":1,"enemies":"Book of Stabbing","floor":31,"turns":5},{"damage":9,"enemies":"Champ","floor":33,"turns":17},{"damage":1,"enemies":"3 Shapes","floor":35,"turns":5},{"damage":0,"enemies":"Orb Walker","floor":38,"turns":4},{"damage":0,"enemies":"Maw","floor":39,"turns":11},{"damage":121,"enemies":"Giant Head","floor":40,"turns":15}],"seed_played":"-8068213991709829902","potions_obtained":[{"floor":1,"key":"SteroidPotion"},{"floor":4,"key":"Fire Potion"},{"floor":14,"key":"Ancient Potion"},{"floor":16,"key":"Weak Potion"},{"floor":18,"key":"BloodPotion"},{"floor":20,"key":"Explosive Potion"},{"floor":23,"key":"AttackPotion"},{"floor":25,"key":"LiquidBronze"},{"floor":31,"key":"Strength Potion"},{"floor":33,"key":"Strength Potion"}],"is_trial":false,"path_per_floor":["M","?","M","M","?","E","R","M","T","M","M","E","M","M","R","B",null,"M","$","?","M","M","E","R","E","T","?","?","$","M","E","R","B",null,"M","?","$","M","M","E"],"character_chosen":"IRONCLAD","items_purchased":["Shrug It Off","Warcry","Purity","War Paint","ClockworkSouvenir","Impervious"],"campfire_rested":2,"item_purchase_floors":[19,19,19,29,29,37],"current_hp_per_floor":[78,78,78,71,71,49,49,49,49,49,49,20,20,7,31,11,80,79,79,70,70,64,24,24,7,7,7,7,7,7,6,30,21,80,80,80,80,80,80,0],"gold":53,"neow_bonus":"BOSS_RELIC","is_prod":false,"is_daily":false,"chose_seed":false,"campfire_upgraded":1,"win_rate":0,"timestamp":1570879825,"path_taken":["M","?","M","M","?","E","R","?","T","?","M","E","M","M","R","BOSS","M","$","?","M","M","E","R","E","T","?","?","$","M","E","R","BOSS","M","?","?","M","M","E"],"build_version":"2019-09-09v2","purchased_purges":2,"victory":false,"max_hp_per_floor":[80,80,80,80,80,80,80,80,80,80,80,80,80,80,80,80,80,80,80,80,80,80,80,80,80,80,80,80,80,80,80,80,80,80,80,80,80,80,80,80],"card_choices":[{"not_picked":["Clothesline","Whirlwind"],"picked":"Burning Pact","floor":1},{"not_picked":["Anger","Wild Strike"],"picked":"Shrug It Off","floor":3},{"not_picked":["Clothesline","Hemokinesis"],"picked":"Flame Barrier","floor":4},{"not_picked":["Warcry","Anger"],"picked":"Impervious","floor":6},{"not_picked":["Thunderclap","Perfected Strike"],"picked":"Sword Boomerang","floor":8},{"not_picked":["Immolate","Pommel Strike"],"picked":"Metallicize","floor":10},{"not_picked":["Blood for Blood","Sever Soul"],"picked":"Shockwave","floor":11},{"not_picked":["Wild Strike","Perfected Strike"],"picked":"Flame Barrier","floor":12},{"not_picked":["Shockwave","Body Slam"],"picked":"Second Wind","floor":13},{"not_picked":["Rampage","Bloodletting"],"picked":"Pummel","floor":14},{"not_picked":["Immolate","Feed"],"picked":"Barricade","floor":16},{"not_picked":["Cleave","Twin Strike"],"picked":"Headbutt","floor":18},{"not_picked":["Wild Strike","Inflame"],"picked":"Twin Strike+1","floor":20},{"not_picked":["Anger","Flex"],"picked":"Shockwave+1","floor":21},{"not_picked":["Evolve+1","Combust+1"],"picked":"Pummel","floor":22},{"not_picked":["Hemokinesis+1","Twin Strike"],"picked":"Immolate","floor":23},{"not_picked":["Wild Strike","Body Slam+1"],"picked":"Armaments","floor":25},{"not_picked":["Headbutt","Reckless Charge"],"picked":"Burning Pact","floor":30},{"not_picked":["Juggernaut","Hemokinesis+1"],"picked":"Metallicize","floor":31},{"not_picked":["Brutality","Juggernaut"],"picked":"Reaper","floor":33},{"not_picked":["Whirlwind","Blood for Blood"],"picked":"Armaments+1","floor":35},{"not_picked":["Headbutt","Combust+1"],"picked":"Dual Wield","floor":38},{"not_picked":["Ghostly Armor+1","Sword Boomerang"],"picked":"Feel No Pain+1","floor":39}],"player_experience":136070,"relics_obtained":[{"floor":6,"key":"Happy Flower"},{"floor":12,"key":"InkBottle"},{"floor":20,"key":"Red Mask"},{"floor":23,"key":"White Beast Statue"},{"floor":25,"key":"Bronze Scales"},{"floor":26,"key":"Anchor"},{"floor":31,"key":"Kunai"}],"event_choices":[{"damage_healed":0,"gold_gain":175,"player_choice":"AGREE","damage_taken":0,"max_hp_gain":0,"max_hp_loss":0,"event_name":"Liars Game","floor":2,"gold_loss":0,"cards_obtained":["Doubt"]},{"damage_healed":0,"gold_gain":0,"cards_transformed":["Strike_R"],"player_choice":"Transformed","damage_taken":0,"max_hp_gain":0,"max_hp_loss":0,"event_name":"Transmorgrifier","floor":5,"gold_loss":0,"cards_obtained":["Pommel Strike"]},{"damage_healed":0,"gold_gain":0,"player_choice":"Fought Bandits","damage_taken":0,"max_hp_gain":0,"max_hp_loss":0,"event_name":"Masked Bandits","floor":20,"gold_loss":0},{"cards_removed":["Strike_R"],"damage_healed":0,"gold_gain":0,"player_choice":"Gave Gold","damage_taken":0,"max_hp_gain":0,"max_hp_loss":0,"event_name":"Beggar","floor":27,"gold_loss":75},{"cards_removed":["Defend_R"],"damage_healed":0,"gold_gain":0,"player_choice":"Elegance","damage_taken":0,"max_hp_gain":0,"max_hp_loss":0,"event_name":"Back to Basics","floor":28,"gold_loss":0},{"damage_healed":0,"gold_gain":0,"player_choice":"Upgraded","damage_taken":0,"max_hp_gain":0,"max_hp_loss":0,"event_name":"Upgrade Shrine","floor":36,"gold_loss":0,"cards_upgraded":["Barricade"]}],"is_beta":true,"boss_relics":[{"not_picked":["Empty Cage","Coffee Dripper"],"picked":"Runic Pyramid"},{"not_picked":["Snecko Eye","Runic Dome"],"picked":"Runic Cube"}],"items_purged_floors":[19,29],"is_endless":false,"potions_floor_spawned":[1,4,14,16,18,20,21,23,25,30,31,33,35,38,39],"killed_by":"Giant Head","ascension_level":1}