{"gold_per_floor":[112,15,15,15,90,120,120,152,176,176,210,226,253,268,268,340,340,297,312,9,9,24,24,56,67,67,85,98,110,139,154,154,231,231,243,56,56,156,93,93,123,136,160,185,185,213,223,223],"floor_reached":48,"playtime":2087,"items_purged":["Strike_R","Strike_R+1","Strike_R+1"],"score":1451,"play_id":"2e7ea09b-95c8-44bb-8622-ad64115507ad","local_time":"20191018141613","is_ascension_mode":true,"campfire_choices":[{"data":"Clothesline","floor":7,"key":"SMITH"},{"data":"Bash","floor":10,"key":"SMITH"},{"data":"Disarm","floor":15,"key":"SMITH"},{"data":"Juggernaut","floor":23,"key":"SMITH"},{"data":"Dark Embrace","floor":32,"key":"SMITH"},{"floor":40,"key":"RECALL"},{"floor":45,"key":"REST"}],"neow_cost":"NONE","seed_source_timestamp":321362986133300,"circlet_count":0,"master_deck":["AscendersBane","Strike_R+1","Defend_R+1","Defend_R+1","Defend_R+1","Defend_R+1","Bash+1","Sword Boomerang+1","Shrug It Off","Rampage","Clothesline+1","Disarm+1","Shrug It Off+1","Corruption","Dark Embrace+1","Shrug It Off","Shrug It Off","Juggernaut+1","Feel No Pain","Flame Barrier","Shrug It Off","Disarm","Sentinel","Clumsy","Shrug It Off","Battle Trance","Shrug It Off","Impervious","Entrench+1","Body Slam+1","Decay","Seeing Red+1","True Grit+1"],"relics":["Burning Blood","NeowsBlessing","Happy Flower","Red Skull","Lantern","Bag of Preparation","War Paint","Cursed Key","Orrery","Shuriken","The Courier","Ginger","Fusion Hammer","Membership Card","Nunchaku","Blue Candle","Pantograph","Bronze Scales"],"potions_floor_usage":[44,44],"damage_taken":[{"damage":0,"enemies":"Jaw Worm","floor":1,"turns":1},{"damage":0,"enemies":"Gremlin Nob","floor":6,"turns":1},{"damage":0,"enemies":"3 Sentries","floor":8,"turns":1},{"damage":24,"enemies":"Gremlin Nob","floor":11,"turns":4},{"damage":0,"enemies":"Small Slimes","floor":12,"turns":2},{"damage":24,"enemies":"3 Sentries","floor":13,"turns":8},{"damage":1,"enemies":"2 Louse","floor":14,"turns":3},{"damage":3,"enemies":"The Guardian","floor":16,"turns":11},{"damage":0,"enemies":"2 Thieves","floor":18,"turns":5},{"damage":4,"enemies":"Spheric Guardian","floor":19,"turns":4},{"damage":1,"enemies":"Shelled Parasite and Fungi","floor":22,"turns":8},{"damage":29,"enemies":"Book of Stabbing","floor":24,"turns":6},{"damage":0,"enemies":"Snecko","floor":25,"turns":5},{"damage":0,"enemies":"Sentry and Sphere","floor":27,"turns":3},{"damage":16,"enemies":"Centurion and Healer","floor":28,"turns":6},{"damage":0,"enemies":"Cultist and Chosen","floor":29,"turns":5},{"damage":0,"enemies":"Gremlin Leader","floor":30,"turns":5},{"damage":18,"enemies":"3 Cultists","floor":31,"turns":6},{"damage":19,"enemies":"Champ","floor":33,"turns":21},{"damage":0,"enemies":"Orb Walker","floor":35,"turns":4},{"damage":0,"enemies":"Mind Bloom Boss Battle","floor":38,"turns":4},{"damage":0,"enemies":"Giant Head","floor":41,"turns":5},{"damage":0,"enemies":"3 Darklings","floor":42,"turns":4},{"damage":39,"enemies":"Reptomancer","floor":44,"turns":4},{"damage":55,"enemies":"Nemesis","floor":46,"turns":11},{"damage":4,"enemies":"4 Shapes","floor":47,"turns":5},{"damage":17,"enemies":"Spire Growth","floor":48,"turns":2}],"seed_played":"-7379980505287323374","potions_obtained":[{"floor":12,"key":"Energy Potion"},{"floor":14,"key":"FearPotion"},{"floor":24,"key":"SkillPotion"},{"floor":25,"key":"LiquidMemories"},{"floor":46,"key":"Fire Potion"}],"is_trial":false,"path_per_floor":["M","$","?","?","?","E","R","E","T","R","E","M","E","M","R","B",null,"M","M","$","?","M","R","E","M","T","M","M","M","E","M","R","B",null,"M","$","?","?","$","R","E","M","T","E","R","E","M","M"],"character_chosen":"IRONCLAD","items_purchased":["Shrug It Off","Rampage","Orrery","Shrug It Off","Membership Card"],"campfire_rested":1,"item_purchase_floors":[2,2,20,20,36],"current_hp_per_floor":[74,74,51,51,40,46,46,52,52,52,34,40,22,27,27,30,64,70,72,72,72,75,75,52,58,58,64,54,60,66,54,54,41,67,73,73,73,75,75,75,75,75,75,42,64,15,17,0],"gold":223,"neow_bonus":"THREE_ENEMY_KILL","is_prod":false,"is_daily":false,"chose_seed":false,"campfire_upgraded":5,"win_rate":0,"timestamp":1571433373,"path_taken":["M","$","?","?","?","E","R","E","T","R","E","M","E","M","R","BOSS","M","M","$","?","M","R","E","M","T","M","M","M","E","M","R","BOSS","M","$","?","?","?","R","E","M","T","E","R","E","M","M"],"build_version":"2019-10-17","purchased_purges":3,"victory":false,"max_hp_per_floor":[75,75,75,75,75,75,75,75,75,75,75,75,75,75,75,75,75,75,75,75,75,75,75,75,75,75,75,75,75,75,75,75,75,75,75,75,75,75,75,75,75,75,75,75,75,75,75,75],"card_choices":[{"not_picked":["Iron Wave","Warcry"],"picked":"Sword Boomerang","floor":1},{"not_picked":["Fire Breathing","Whirlwind"],"picked":"Clothesline","floor":6},{"not_picked":["Clothesline","Corruption"],"picked":"Disarm","floor":8},{"not_picked":["Barricade","Flex"],"picked":"Shrug It Off","floor":11},{"not_picked":["Heavy Blade","Sentinel","Infernal Blade"],"picked":"SKIP","floor":12},{"not_picked":["Havoc","Perfected Strike"],"picked":"Corruption","floor":13},{"not_picked":["Armaments","Anger","Dropkick"],"picked":"SKIP","floor":14},{"not_picked":["Brutality","Reaper"],"picked":"Dark Embrace","floor":16},{"not_picked":["Flex","True Grit"],"picked":"Shrug It Off","floor":18},{"not_picked":["Entrench","Clothesline"],"picked":"Shrug It Off","floor":19},{"not_picked":["Pommel Strike","Perfected Strike"],"picked":"Juggernaut","floor":20},{"not_picked":["Inflame","Whirlwind"],"picked":"Feel No Pain","floor":20},{"not_picked":["Clothesline+1","Flex+1"],"picked":"Flame Barrier","floor":20},{"not_picked":["Cleave","Clothesline"],"picked":"Disarm","floor":22},{"not_picked":["Corruption","Carnage","Clothesline+1"],"picked":"SKIP","floor":24},{"not_picked":["Cleave","Anger"],"picked":"Sentinel","floor":25},{"not_picked":["Flex+1","Anger","Headbutt"],"picked":"SKIP","floor":27},{"not_picked":["Hemokinesis","Berserk","Headbutt"],"picked":"SKIP","floor":28},{"not_picked":["True Grit","Rupture"],"picked":"Shrug It Off","floor":29},{"not_picked":["Combust","Anger"],"picked":"Battle Trance","floor":30},{"not_picked":["Pummel","Warcry"],"picked":"Shrug It Off","floor":31},{"not_picked":["Double Tap","Brutality"],"picked":"Impervious","floor":33},{"not_picked":["True Grit","Fire Breathing","Clothesline+1"],"picked":"SKIP","floor":35},{"not_picked":["Pummel","Infernal Blade"],"picked":"Entrench+1","floor":38},{"not_picked":["Iron Wave+1","Hemokinesis"],"picked":"Body Slam+1","floor":41},{"not_picked":["Armaments","Limit Break","Blood for Blood"],"picked":"SKIP","floor":42},{"not_picked":["True Grit+1","Clothesline"],"picked":"Seeing Red+1","floor":44},{"not_picked":["Thunderclap+1","Sever Soul","Headbutt"],"picked":"SKIP","floor":46},{"not_picked":["Metallicize","Wild Strike+1"],"picked":"True Grit+1","floor":47}],"player_experience":1636408,"relics_obtained":[{"floor":6,"key":"Happy Flower"},{"floor":8,"key":"Red Skull"},{"floor":9,"key":"Lantern"},{"floor":11,"key":"Bag of Preparation"},{"floor":13,"key":"War Paint"},{"floor":24,"key":"Shuriken"},{"floor":26,"key":"The Courier"},{"floor":30,"key":"Ginger"},{"floor":38,"key":"Nunchaku"},{"floor":41,"key":"Blue Candle"},{"floor":44,"key":"Pantograph"},{"floor":46,"key":"Bronze Scales"}],"event_choices":[{"damage_healed":0,"gold_gain":0,"player_choice":"Entered Light","damage_taken":23,"max_hp_gain":0,"max_hp_loss":0,"event_name":"Shining Light","floor":3,"gold_loss":0,"cards_upgraded":["Sword Boomerang","Defend_R"]},{"damage_healed":0,"gold_gain":0,"player_choice":"Ignored","damage_taken":0,"max_hp_gain":0,"max_hp_loss":0,"event_name":"Liars Game","floor":4,"gold_loss":0},{"damage_healed":0,"gold_gain":75,"player_choice":"Gather Gold","damage_taken":11,"max_hp_gain":0,"max_hp_loss":0,"event_name":"World of Goop","floor":5,"gold_loss":0},{"damage_healed":0,"gold_gain":0,"player_choice":"Simplicity","damage_taken":0,"max_hp_gain":0,"max_hp_loss":0,"event_name":"Back to Basics","floor":21,"gold_loss":0,"cards_upgraded":["Strike_R","Strike_R","Strike_R","Strike_R","Defend_R","Defend_R"]},{"cards_removed":["Strike_R"],"damage_healed":0,"gold_gain":0,"player_choice":"Removed Attack","damage_taken":0,"max_hp_gain":0,"max_hp_loss":0,"event_name":"Falling","floor":37,"gold_loss":0},{"damage_healed":0,"gold_gain":0,"player_choice":"Fight","damage_taken":0,"max_hp_gain":0,"max_hp_loss":0,"event_name":"MindBloom","floor":38,"gold_loss":0}],"is_beta":true,"boss_relics":[{"not_picked":["Runic Dome","Ectoplasm"],"picked":"Cursed Key"},{"not_picked":["Mark of Pain","Astrolabe"],"picked":"Fusion Hammer"}],"items_purged_floors":[20,36,39],"is_endless":false,"potions_floor_spawned":[12,14,18,24,25,27,33,35,42,46],"killed_by":"Spire Growth","ascension_level":20}