{"gold_per_floor":[119,119,73,73,93,128,128,166,218,239,252,150,181,181],"floor_reached":14,"playtime":900,"items_purged":["Strike_B"],"score":151,"play_id":"be0ad8fc-05fd-438c-81a1-12e114c1e7b6","local_time":"20191014224849","is_ascension_mode":true,"campfire_choices":[{"data":"Coolheaded","floor":7,"key":"SMITH"}],"neow_cost":"NONE","seed_source_timestamp":339253898818800,"circlet_count":0,"master_deck":["Strike_B","Strike_B","Strike_B","Defend_B","Defend_B","Defend_B","Defend_B","Zap","Dualcast","BootSequence","Coolheaded+1","Hello World","Reboot","Conserve Battery","Skim"],"relics":["Cracked Core","Golden Idol","Orichalcum","Bottled Lightning","Darkstone Periapt","Smiling Mask","Centennial Puzzle"],"potions_floor_usage":[8,13,13,13],"damage_taken":[{"damage":0,"enemies":"Small Slimes","floor":1,"turns":3},{"damage":2,"enemies":"Jaw Worm","floor":5,"turns":5},{"damage":22,"enemies":"Lagavulin","floor":6,"turns":10},{"damage":18,"enemies":"3 Sentries","floor":8,"turns":8},{"damage":0,"enemies":"Cultist","floor":10,"turns":3},{"damage":0,"enemies":"2 Fungi Beasts","floor":11,"turns":4},{"damage":7,"enemies":"Gremlin Nob","floor":13,"turns":4},{"damage":7,"enemies":"3 Louse","floor":14,"turns":2}],"seed_played":"8978187253469964718","potions_obtained":[{"floor":5,"key":"Fire Potion"},{"floor":10,"key":"PowerPotion"},{"floor":11,"key":"FearPotion"}],"is_trial":false,"path_per_floor":["M","?","$","?","M","E","R","E","T","M","M","$","E","M"],"character_chosen":"DEFECT","items_purchased":["Coolheaded","PowerPotion"],"campfire_rested":0,"item_purchase_floors":[3,12],"current_hp_per_floor":[68,50,50,50,48,26,26,8,8,8,8,8,1,0],"gold":181,"neow_bonus":"RANDOM_COLORLESS","is_prod":false,"is_daily":false,"chose_seed":false,"campfire_upgraded":1,"win_rate":0,"timestamp":1571086129,"path_taken":["M","?","$","?","?","E","R","E","T","M","M","$","E","M"],"build_version":"2019-07-17","purchased_purges":1,"victory":false,"max_hp_per_floor":[75,75,75,75,75,75,75,75,75,75,75,75,75,75],"card_choices":[{"not_picked":["Steam Power","Leap"],"picked":"BootSequence","floor":1},{"not_picked":["Beam Cell","Go for the Eyes"],"picked":"Hello World","floor":5},{"not_picked":["Cold Snap","Seek","Conserve Battery"],"picked":"SKIP","floor":6},{"not_picked":["Turbo","Reprogram"],"picked":"Reboot","floor":8},{"not_picked":["Gash","Redo"],"picked":"Conserve Battery","floor":10},{"not_picked":["Barrage","Rebound","Beam Cell"],"picked":"SKIP","floor":11},{"not_picked":["Hologram","Beam Cell"],"picked":"Skim","floor":13}],"player_experience":353401,"relics_obtained":[{"floor":6,"key":"Bottled Lightning"},{"floor":8,"key":"Darkstone Periapt"},{"floor":9,"key":"Smiling Mask"},{"floor":13,"key":"Centennial Puzzle"}],"event_choices":[{"damage_healed":0,"gold_gain":0,"player_choice":"Take Damage","damage_taken":18,"relics_obtained":["Golden Idol"],"max_hp_gain":0,"max_hp_loss":0,"event_name":"Golden Idol","floor":2,"gold_loss":0},{"cards_removed":["Forethought"],"damage_healed":0,"gold_gain":0,"player_choice":"Gave Card","damage_taken":0,"relics_obtained":["Orichalcum"],"max_hp_gain":0,"max_hp_loss":0,"event_name":"WeMeetAgain","floor":4,"gold_loss":0}],"is_beta":false,"boss_relics":[],"items_purged_floors":[12],"is_endless":false,"potions_floor_spawned":[5,10,11],"killed_by":"3 Louse","ascension_level":8}