{"gold_per_floor":[109,121,132,150,175,209,229,229,229,262,262,281,309,324,324,427,427,438,59,99,129,165,232,232,232],"floor_reached":25,"playtime":6301,"items_purged":[],"score":270,"play_id":"bd524c00-cf1f-4d5b-a1df-a1350e689600","local_time":"20190626083407","is_ascension_mode":true,"campfire_choices":[{"floor":8,"key":"REST"},{"floor":11,"key":"REST"},{"data":"Noxious Fumes","floor":15,"key":"SMITH"},{"data":"HandOfGreed","floor":24,"key":"SMITH"}],"neow_cost":"NONE","seed_source_timestamp":46100682999841,"circlet_count":0,"master_deck":["Defend_G","Defend_G","Defend_G","Defend_G","Defend_G","Strike_G","Strike_G","Strike_G","Strike_G","Strike_G","Survivor","Neutralize","Noxious Fumes+1","Well Laid Plans","Deflect","Deflect","Footwork","Acrobatics","HandOfGreed+1","Prepared","Prepared"],"relics":["Ring of the Snake","Lantern","Art of War","Odd Mushroom","Mummified Hand","Strawberry","Bronze Scales","Cursed Key","MealTicket","Frozen Egg 2"],"potions_floor_usage":[6,7,18,23,23],"damage_taken":[{"damage":0,"enemies":"Cultist","floor":1,"turns":5},{"damage":2,"enemies":"2 Louse","floor":2,"turns":3},{"damage":2,"enemies":"Jaw Worm","floor":3,"turns":5},{"damage":20,"enemies":"Large Slime","floor":4,"turns":10},{"damage":19,"enemies":"3 Sentries","floor":6,"turns":8},{"damage":11,"enemies":"The Mushroom Lair","floor":7,"turns":5},{"damage":20,"enemies":"Lagavulin","floor":10,"turns":10},{"damage":0,"enemies":"2 Fungi Beasts","floor":12,"turns":5},{"damage":6,"enemies":"3 Sentries","floor":13,"turns":10},{"damage":0,"enemies":"Blue Slaver","floor":14,"turns":4},{"damage":1,"enemies":"The Guardian","floor":16,"turns":12},{"damage":8,"enemies":"2 Thieves","floor":18,"turns":4},{"damage":7,"enemies":"Shell Parasite","floor":20,"turns":7},{"damage":7,"enemies":"Chosen and Byrds","floor":21,"turns":6},{"damage":14,"enemies":"Sentry and Sphere","floor":22,"turns":8},{"damage":10,"enemies":"Slavers","floor":23,"turns":6},{"damage":42,"enemies":"Book of Stabbing","floor":25,"turns":5}],"seed_played":"1560760994460969390","potions_obtained":[{"floor":3,"key":"Energy Potion"},{"floor":4,"key":"AttackPotion"},{"floor":12,"key":"GhostInAJar"},{"floor":13,"key":"Energy Potion"},{"floor":14,"key":"Explosive Potion"},{"floor":21,"key":"SkillPotion"}],"is_trial":false,"path_per_floor":["M","M","M","M","T","E","?","R","T","E","R","M","E","M","R","B",null,"M","$","M","M","M","E","R","E"],"character_chosen":"THE_SILENT","items_purchased":["MealTicket","HandOfGreed"],"campfire_rested":2,"item_purchase_floors":[19,19],"current_hp_per_floor":[77,75,73,53,53,34,23,46,46,33,58,58,52,52,52,51,84,76,76,69,62,48,38,38,0],"gold":232,"neow_bonus":"TEN_PERCENT_HP_BONUS","is_prod":false,"is_daily":false,"chose_seed":false,"campfire_upgraded":2,"win_rate":0,"timestamp":1561563247,"path_taken":["M","M","M","M","?","E","?","R","T","E","R","M","E","M","R","BOSS","M","$","M","M","M","E","R","E"],"build_version":"2019-01-23","purchased_purges":0,"victory":false,"max_hp_per_floor":[77,77,77,77,77,77,77,77,77,84,84,84,84,84,84,84,84,84,84,84,84,84,84,84,84],"card_choices":[{"not_picked":["Underhanded Strike","Distraction","Dagger Throw"],"picked":"SKIP","floor":1},{"not_picked":["Bane","Concentrate","Outmaneuver"],"picked":"SKIP","floor":2},{"not_picked":["Heel Hook","Slice"],"picked":"Noxious Fumes","floor":3},{"not_picked":["Deflect","Well Laid Plans","Dagger Throw"],"picked":"SKIP","floor":4},{"not_picked":["Bullet Time","Sucker Punch"],"picked":"Well Laid Plans","floor":6},{"not_picked":["Blade Dance","Dagger Spray"],"picked":"Deflect","floor":7},{"not_picked":["Poisoned Stab","Distraction"],"picked":"Deflect","floor":10},{"not_picked":["Dodge and Roll","Storm of Steel","Underhanded Strike"],"picked":"SKIP","floor":12},{"not_picked":["Calculated Gamble","Distraction","Dagger Spray"],"picked":"SKIP","floor":13},{"not_picked":["Endless Agony","Dagger Spray"],"picked":"Footwork","floor":14},{"not_picked":["Outmaneuver","Underhanded Strike"],"picked":"Acrobatics","floor":18},{"not_picked":["Slice","Blade Dance","Riddle With Holes"],"picked":"SKIP","floor":20},{"not_picked":["Dagger Spray","Well Laid Plans"],"picked":"Prepared","floor":21},{"not_picked":["Slice","Infinite Blades","Outmaneuver"],"picked":"SKIP","floor":22},{"not_picked":["Quick Slash","Dodge and Roll"],"picked":"Prepared","floor":23}],"player_experience":66401,"relics_obtained":[{"floor":5,"key":"Lantern"},{"floor":6,"key":"Art of War"},{"floor":7,"key":"Odd Mushroom"},{"floor":9,"key":"Mummified Hand"},{"floor":10,"key":"Strawberry"},{"floor":13,"key":"Bronze Scales"},{"floor":23,"key":"Frozen Egg 2"}],"event_choices":[{"damage_healed":0,"gold_gain":0,"player_choice":"Fought Mushrooms","damage_taken":0,"max_hp_gain":0,"max_hp_loss":0,"event_name":"Mushrooms","floor":7,"gold_loss":0}],"is_beta":false,"boss_relics":[{"not_picked":["HoveringKite","White Beast Statue"],"picked":"Cursed Key"}],"items_purged_floors":[],"is_endless":false,"potions_floor_spawned":[3,4,12,13,14,16,21],"killed_by":"Book of Stabbing","ascension_level":2}