{"gold_per_floor":[10,30,43,55,70,70,95,95,395,408,64,90,100,61,61,164,164,183,200,200],"floor_reached":20,"playtime":2091,"items_purged":[],"score":188,"play_id":"9af1cbd7-749a-48be-862d-8fb197317825","local_time":"20190910014819","is_ascension_mode":false,"campfire_choices":[{"data":"Uppercut","floor":6,"key":"SMITH"},{"data":"Double Tap","floor":8,"key":"SMITH"},{"floor":15,"key":"REST"}],"neow_cost":"NO_GOLD","seed_source_timestamp":1447991807668600,"circlet_count":0,"master_deck":["Strike_R","Strike_R","Strike_R","Strike_R","Strike_R","Defend_R","Defend_R","Defend_R","Defend_R","Bash","Double Tap+1","Clash","Thunderclap","Cleave","Flame Barrier","Uppercut+1","Flex","Disarm","Clash","Impatience","Sword Boomerang","Sword Boomerang","Inflame","Berserk","Regret","Injury","Injury","Anger","Shrug It Off"],"relics":["Burning Blood","Bronze Scales","Old Coin","Centennial Puzzle","Bird Faced Urn","Calling Bell","Lantern","Sundial","Champion Belt"],"potions_floor_usage":[7,16,20],"damage_taken":[{"damage":1,"enemies":"Cultist","floor":1,"turns":4},{"damage":0,"enemies":"Small Slimes","floor":2,"turns":2},{"damage":8,"enemies":"Jaw Worm","floor":3,"turns":3},{"damage":14,"enemies":"Blue Slaver","floor":4,"turns":3},{"damage":7,"enemies":"2 Fungi Beasts","floor":5,"turns":3},{"damage":26,"enemies":"3 Sentries","floor":7,"turns":8},{"damage":0,"enemies":"Large Slime","floor":10,"turns":4},{"damage":23,"enemies":"Gremlin Nob","floor":12,"turns":4},{"damage":19,"enemies":"Exordium Thugs","floor":13,"turns":4},{"damage":19,"enemies":"Slime Boss","floor":16,"turns":7},{"damage":10,"enemies":"Shell Parasite","floor":18,"turns":3},{"damage":6,"enemies":"Chosen","floor":19,"turns":2},{"damage":55,"enemies":"Sentry and Sphere","floor":20,"turns":4}],"seed_played":"6834250854837339230","potions_obtained":[{"floor":1,"key":"LiquidBronze"},{"floor":3,"key":"Regen Potion"},{"floor":13,"key":"Fire Potion"},{"floor":16,"key":"Swift Potion"}],"is_trial":false,"path_per_floor":["M","M","M","M","M","R","E","R","T","M","$","E","M","$","R","B",null,"M","M","M"],"character_chosen":"IRONCLAD","items_purchased":["Clash","EssenceOfSteel","Centennial Puzzle","Impatience","Inflame"],"campfire_rested":1,"item_purchase_floors":[11,11,11,11,14],"current_hp_per_floor":[80,80,78,70,69,69,63,63,63,69,69,52,39,39,63,52,80,80,80,29],"gold":200,"neow_bonus":"THREE_RARE_CARDS","is_prod":false,"is_daily":false,"chose_seed":false,"campfire_upgraded":2,"win_rate":0.0,"timestamp":1568072899,"path_taken":["M","M","M","M","M","R","E","R","T","M","?","E","M","$","R","BOSS","M","M","M"],"build_version":"2019-07-17","purchased_purges":0,"victory":false,"max_hp_per_floor":[80,80,80,80,80,80,80,80,80,80,80,80,80,80,80,80,80,80,80,80],"card_choices":[{"not_picked":["Offering","Dark Embrace"],"picked":"Double Tap","floor":0},{"not_picked":["Pummel","Pommel Strike"],"picked":"Clash","floor":1},{"not_picked":["True Grit","Headbutt"],"picked":"Thunderclap","floor":2},{"not_picked":["Perfected Strike","Iron Wave"],"picked":"Cleave","floor":3},{"not_picked":["Perfected Strike","Juggernaut"],"picked":"Flame Barrier","floor":4},{"not_picked":["Dual Wield","Anger"],"picked":"Uppercut","floor":5},{"not_picked":["Intimidate","Pummel"],"picked":"Flex","floor":7},{"not_picked":["Iron Wave","Sword Boomerang"],"picked":"Disarm","floor":10},{"not_picked":["Body Slam","Heavy Blade"],"picked":"Sword Boomerang","floor":12},{"not_picked":["Iron Wave","Perfected Strike"],"picked":"Sword Boomerang","floor":13},{"not_picked":["Brutality","Juggernaut"],"picked":"Berserk","floor":16},{"not_picked":["Warcry","Spot Weakness"],"picked":"Anger","floor":18},{"not_picked":["Twin Strike","Sword Boomerang"],"picked":"Shrug It Off","floor":19}],"player_experience":14231,"relics_obtained":[{"floor":7,"key":"Bronze Scales"},{"floor":9,"key":"Old Coin"},{"floor":12,"key":"Bird Faced Urn"},{"floor":17,"key":"Lantern"},{"floor":17,"key":"Sundial"},{"floor":17,"key":"Champion Belt"}],"event_choices":[],"is_beta":false,"boss_relics":[{"not_picked":["Empty Cage","Velvet Choker"],"picked":"Calling Bell"}],"items_purged_floors":[],"is_endless":false,"potions_floor_spawned":[1,3,13,16],"killed_by":"Sentry and Sphere","ascension_level":0}