{"gold_per_floor":[113,130,144,144,29,58,58,78,157,157,188,208,31,58,58,132,132,149,149,149,49,68,68,68,11,92,124,124,140,166,146,146,220,220,237,237,251,251,126,126,141,173,173,173,188,200,235,248,248,248,248],"floor_reached":52,"playtime":2710,"items_purged":["Strike_R","Normality","Strike_R"],"score":2136,"play_id":"6768ab16-ba52-411d-b92f-9214a85a5dd0","local_time":"20191014170536","is_ascension_mode":true,"campfire_choices":[{"data":"Combust","floor":7,"key":"SMITH"},{"data":"Clothesline","floor":10,"key":"SMITH"},{"data":"Demon Form","floor":15,"key":"SMITH"},{"data":"Disarm","floor":24,"key":"SMITH"},{"data":"Dark Embrace","floor":28,"key":"SMITH"},{"data":"Disarm","floor":32,"key":"SMITH"},{"data":"Barricade","floor":40,"key":"SMITH"},{"data":"Feel No Pain","floor":44,"key":"SMITH"},{"data":"Feel No Pain","floor":49,"key":"SMITH"}],"neow_cost":"NONE","seed_source_timestamp":343259886960100,"circlet_count":0,"master_deck":["AscendersBane","Defend_R","Defend_R","Defend_R","Defend_R","Bash","Trip","Clothesline+1","Combust+1","Warcry","Carnage","Metallicize","Ghostly Armor","Disarm+1","Feel No Pain+1","Shrug It Off","Demon Form+1","Dark Embrace+1","Disarm+1","Power Through","Rampage","Reaper","Feel No Pain+1","Power Through","Shrug It Off","Havoc+1","Evolve","Ghostly Armor","Barricade+1","Second Wind","Burning Pact","Immolate","Sentinel+1","Body Slam","True Grit+1","Battle Trance+1"],"relics":["Burning Blood","Prayer Wheel","Darkstone Periapt","Blood Vial","Self Forming Clay","Cursed Key","Mercury Hourglass","White Beast Statue","MealTicket","Paper Frog","Mark of Pain","Bag of Preparation","Lantern"],"potions_floor_usage":[6,16,16,27,29,30,37,41,45,46,46,46,47,48],"damage_taken":[{"damage":1,"enemies":"Cultist","floor":1,"turns":3},{"damage":7,"enemies":"Small Slimes","floor":2,"turns":3},{"damage":2,"enemies":"Jaw Worm","floor":3,"turns":4},{"damage":23,"enemies":"3 Sentries","floor":6,"turns":5},{"damage":12,"enemies":"Exordium Wildlife","floor":8,"turns":3},{"damage":15,"enemies":"Gremlin Nob","floor":11,"turns":4},{"damage":11,"enemies":"Blue Slaver","floor":12,"turns":3},{"damage":13,"enemies":"3 Sentries","floor":14,"turns":7},{"damage":25,"enemies":"Slime Boss","floor":16,"turns":10},{"damage":21,"enemies":"3 Byrds","floor":18,"turns":6},{"damage":25,"enemies":"2 Thieves","floor":22,"turns":5},{"damage":26,"enemies":"Slavers","floor":27,"turns":6},{"damage":14,"enemies":"Snecko","floor":29,"turns":6},{"damage":15,"enemies":"Gremlin Leader","floor":30,"turns":7},{"damage":3,"enemies":"Champ","floor":33,"turns":15},{"damage":0,"enemies":"3 Shapes","floor":35,"turns":7},{"damage":0,"enemies":"Orb Walker","floor":37,"turns":5},{"damage":0,"enemies":"Maw","floor":41,"turns":9},{"damage":40,"enemies":"Nemesis","floor":42,"turns":11},{"damage":11,"enemies":"Writhing Mass","floor":45,"turns":8},{"damage":19,"enemies":"Jaw Worm Horde","floor":46,"turns":8},{"damage":12,"enemies":"Reptomancer","floor":47,"turns":9},{"damage":22,"enemies":"Spire Growth","floor":48,"turns":9},{"damage":0,"enemies":"Time Eater","floor":50,"turns":12},{"damage":52,"enemies":"Awakened One","floor":51,"turns":15}],"seed_played":"-8882546828808076690","potions_obtained":[{"floor":3,"key":"Explosive Potion"},{"floor":8,"key":"Energy Potion"},{"floor":12,"key":"Block Potion"},{"floor":22,"key":"Weak Potion"},{"floor":27,"key":"BloodPotion"},{"floor":29,"key":"Block Potion"},{"floor":30,"key":"DuplicationPotion"},{"floor":31,"key":"SneckoOil"},{"floor":37,"key":"FearPotion"},{"floor":41,"key":"AttackPotion"},{"floor":45,"key":"EntropicBrew"},{"floor":46,"key":"SkillPotion"},{"floor":47,"key":"BloodPotion"},{"floor":48,"key":"BloodPotion"}],"is_trial":false,"path_per_floor":["M","M","M","?","$","E","R","M","T","R","E","M","$","E","R","B",null,"M","?","T","$","M","$","R","$","T","E","R","M","E","?","R","B",null,"M","?","M","?","$","R","M","E","T","R","M","M","E","M","R","B","B",null],"character_chosen":"IRONCLAD","items_purchased":["Carnage","Metallicize","Feel No Pain","Shrug It Off","Shrug It Off"],"campfire_rested":0,"item_purchase_floors":[5,5,13,13,25],"current_hp_per_floor":[73,72,75,75,75,58,58,52,52,52,43,40,40,35,35,18,61,48,48,54,54,41,41,41,41,47,35,35,60,73,73,73,87,87,87,87,87,87,87,87,87,87,87,87,87,87,81,87,87,87,48],"gold":248,"neow_bonus":"RANDOM_COLORLESS","is_prod":false,"is_daily":false,"chose_seed":false,"campfire_upgraded":9,"win_rate":0,"timestamp":1571097936,"path_taken":["M","M","M","?","$","E","R","?","T","R","E","M","$","E","R","BOSS","M","?","?","?","M","?","R","$","T","E","R","?","E","?","R","BOSS","M","?","M","?","$","R","M","E","T","R","M","?","E","M","R","BOSS","BOSS"],"build_version":"2019-10-14","purchased_purges":3,"victory":true,"max_hp_per_floor":[75,75,75,75,75,75,75,75,75,75,75,75,75,75,75,75,75,75,75,81,81,81,81,81,81,87,87,87,87,87,87,87,87,87,87,87,87,87,87,87,87,87,87,87,87,87,87,87,87,87,87],"card_choices":[{"not_picked":["Purity","Good Instincts"],"picked":"Trip","floor":0},{"not_picked":["Clash","Thunderclap"],"picked":"Clothesline","floor":1},{"not_picked":["Shrug It Off","Carnage"],"picked":"Combust","floor":2},{"not_picked":["Armaments","Fire Breathing","Pummel"],"picked":"SKIP","floor":3},{"not_picked":["Wild Strike","Rampage","Clothesline"],"picked":"SKIP","floor":6},{"not_picked":["Iron Wave","Perfected Strike"],"picked":"Ghostly Armor","floor":8},{"not_picked":["Spot Weakness","Reckless Charge","Clothesline"],"picked":"SKIP","floor":8},{"not_picked":["Havoc","Bloodletting","Wild Strike"],"picked":"SKIP","floor":11},{"not_picked":["Twin Strike","Dual Wield"],"picked":"Disarm","floor":12},{"not_picked":["Perfected Strike","Twin Strike","Rupture"],"picked":"SKIP","floor":12},{"not_picked":["Burning Pact","Spot Weakness"],"picked":"Demon Form","floor":14},{"not_picked":["Double Tap","Exhume"],"picked":"Dark Embrace","floor":16},{"not_picked":["Havoc+1","Intimidate"],"picked":"Disarm","floor":18},{"not_picked":["Inflame","Flex"],"picked":"Power Through","floor":18},{"not_picked":["Warcry","Reckless Charge"],"picked":"Feel No Pain","floor":22},{"not_picked":["Pommel Strike","Dropkick"],"picked":"Power Through","floor":22},{"not_picked":["Sever Soul+1","Iron Wave"],"picked":"Havoc+1","floor":27},{"not_picked":["Flame Barrier","Dropkick"],"picked":"Evolve","floor":29},{"not_picked":["Rampage","Uppercut+1"],"picked":"Ghostly Armor","floor":29},{"not_picked":["Cleave","Rage","Flex"],"picked":"SKIP","floor":30},{"not_picked":["Immolate","Berserk"],"picked":"Barricade","floor":33},{"not_picked":["Reckless Charge+1","Perfected Strike"],"picked":"Second Wind","floor":35},{"not_picked":["Twin Strike","Cleave","Iron Wave"],"picked":"SKIP","floor":35},{"not_picked":["Clothesline","Ghostly Armor"],"picked":"Burning Pact","floor":37},{"not_picked":["Headbutt","Wild Strike+1","Perfected Strike+1"],"picked":"SKIP","floor":37},{"not_picked":["Rage","Thunderclap"],"picked":"Immolate","floor":41},{"not_picked":["Pommel Strike","Clash","Perfected Strike"],"picked":"SKIP","floor":41},{"not_picked":["Sword Boomerang","Shrug It Off"],"picked":"Sentinel+1","floor":42},{"not_picked":["Perfected Strike","Cleave"],"picked":"Body Slam","floor":45},{"not_picked":["Pommel Strike","Cleave+1","Berserk"],"picked":"SKIP","floor":45},{"not_picked":["Whirlwind","Clothesline+1"],"picked":"True Grit+1","floor":46},{"not_picked":["Metallicize","Clothesline","Havoc"],"picked":"SKIP","floor":46},{"not_picked":["Twin Strike","Clothesline+1","Wild Strike"],"picked":"SKIP","floor":47},{"not_picked":["Corruption","Spot Weakness"],"picked":"Battle Trance+1","floor":48},{"not_picked":["Clothesline","Headbutt","Heavy Blade"],"picked":"SKIP","floor":48}],"player_experience":1569921,"relics_obtained":[{"floor":6,"key":"Prayer Wheel"},{"floor":9,"key":"Darkstone Periapt"},{"floor":11,"key":"Blood Vial"},{"floor":14,"key":"Self Forming Clay"},{"floor":20,"key":"Mercury Hourglass"},{"floor":26,"key":"White Beast Statue"},{"floor":27,"key":"MealTicket"},{"floor":30,"key":"Paper Frog"},{"floor":42,"key":"Bag of Preparation"},{"floor":47,"key":"Lantern"}],"event_choices":[{"damage_healed":0,"gold_gain":0,"cards_transformed":["Strike_R"],"player_choice":"Transformed","damage_taken":0,"max_hp_gain":0,"max_hp_loss":0,"event_name":"Transmorgrifier","floor":4,"gold_loss":0,"cards_obtained":["Warcry"]},{"damage_healed":0,"gold_gain":0,"cards_transformed":["Strike_R","Strike_R"],"player_choice":"Became Test Subject","damage_taken":0,"max_hp_gain":0,"max_hp_loss":0,"event_name":"Drug Dealer","floor":19,"gold_loss":0,"cards_obtained":["Rampage","Reaper"]},{"damage_healed":0,"gold_gain":0,"player_choice":"Bought 1 Potion","damage_taken":0,"max_hp_gain":0,"max_hp_loss":0,"event_name":"The Woman in Blue","floor":31,"gold_loss":0},{"damage_healed":0,"gold_gain":0,"player_choice":"Ignored","damage_taken":0,"max_hp_gain":0,"max_hp_loss":0,"event_name":"Tomb of Lord Red Mask","floor":36,"gold_loss":0},{"cards_removed":["Injury"],"damage_healed":0,"gold_gain":0,"player_choice":"Removed Curses","damage_taken":0,"max_hp_gain":0,"max_hp_loss":0,"event_name":"Fountain of Cleansing","floor":38,"gold_loss":0}],"is_beta":true,"boss_relics":[{"not_picked":["Coffee Dripper","Ectoplasm"],"picked":"Cursed Key"},{"not_picked":["Sozu","Tiny House"],"picked":"Mark of Pain"}],"items_purged_floors":[13,21,39],"is_endless":false,"potions_floor_spawned":[3,8,12,14,22,27,29,30,33,35,37,41,42,45,46,47,48],"ascension_level":20}