{"gold_per_floor":[118,193,256,271,45,77,77,96,120,131,131,131,160,184,184,314,314,330,330,354,7,7,47,47,9,9,28,67,67,83,118,118,246,246,269,1268,1268,1281,1295,1295,758,1091,1091,1091],"floor_reached":44,"playtime":1982,"items_purged":["Normality"],"score":771,"play_id":"dfd65b5a-daa4-4955-9854-f36519a4d4f4","local_time":"20190928213828","is_ascension_mode":true,"campfire_choices":[{"data":"Perfected Strike","floor":7,"key":"SMITH"},{"floor":12,"key":"REST"},{"data":"Uppercut","floor":15,"key":"SMITH"},{"data":"Body Slam","floor":24,"key":"SMITH"},{"floor":32,"key":"REST"},{"floor":40,"key":"REST"}],"neow_cost":"NONE","seed_source_timestamp":739232326164900,"circlet_count":0,"master_deck":["AscendersBane","Bash","Wild Strike","Perfected Strike+1","Seeing Red","Shrug It Off","Uppercut+1","Body Slam+1","Cleave","Reaper","Pommel Strike","Wild Strike","Inflame","Impervious","Spot Weakness","Metallicize","Evolve","Carnage+1","Limit Break","Seeing Red","Intimidate","Entrench","Rampage","Offering","Dropkick","Whirlwind","Headbutt","Burning Pact","Wild Strike+1","Normality","The Bomb","Perfected Strike+1","Shrug It Off+1","Power Through","Secret Weapon","True Grit"],"relics":["Burning Blood","Red Skull","Juzu Bracelet","Strawberry","Odd Mushroom","Velvet Choker","Mercury Hourglass","Membership Card","War Paint","Vajra","Gremlin Horn","Oddly Smooth Stone","Lantern","Pandora\u0027s Box","Sling","Mummified Hand","Blue Candle","Darkstone Periapt"],"potions_floor_usage":[0,1,16,16,16,31,44],"damage_taken":[{"damage":2,"enemies":"Jaw Worm","floor":1,"turns":3},{"damage":8,"enemies":"2 Louse","floor":4,"turns":5},{"damage":24,"enemies":"Gremlin Nob","floor":6,"turns":4},{"damage":1,"enemies":"Cultist","floor":8,"turns":3},{"damage":13,"enemies":"3 Louse","floor":10,"turns":3},{"damage":8,"enemies":"The Mushroom Lair","floor":13,"turns":4},{"damage":0,"enemies":"Large Slime","floor":14,"turns":4},{"damage":36,"enemies":"Hexaghost","floor":16,"turns":9},{"damage":25,"enemies":"3 Byrds","floor":18,"turns":6},{"damage":9,"enemies":"Shell Parasite","floor":20,"turns":3},{"damage":52,"enemies":"Slavers","floor":23,"turns":5},{"damage":12,"enemies":"Chosen and Byrds","floor":27,"turns":3},{"damage":6,"enemies":"Gremlin Leader","floor":28,"turns":4},{"damage":9,"enemies":"Shelled Parasite and Fungi","floor":30,"turns":2},{"damage":23,"enemies":"Book of Stabbing","floor":31,"turns":4},{"damage":51,"enemies":"Automaton","floor":33,"turns":10},{"damage":35,"enemies":"3 Darklings","floor":35,"turns":2},{"damage":25,"enemies":"3 Shapes","floor":38,"turns":3},{"damage":27,"enemies":"Transient","floor":39,"turns":5},{"damage":68,"enemies":"2 Orb Walkers","floor":44,"turns":4}],"seed_played":"-9104670823070534797","potions_obtained":[{"floor":0,"key":"Strength Potion"},{"floor":0,"key":"Fruit Juice"},{"floor":0,"key":"SmokeBomb"},{"floor":1,"key":"Dexterity Potion"},{"floor":10,"key":"Energy Potion"},{"floor":13,"key":"AttackPotion"},{"floor":23,"key":"PowerPotion"},{"floor":33,"key":"Energy Potion"},{"floor":39,"key":"SkillPotion"}],"is_trial":false,"path_per_floor":["M","?","?","M","$","E","R","M","T","M","?","R","?","M","R","B",null,"M","?","M","$","?","E","R","$","T","M","E","?","M","E","R","B",null,"M","?","?","M","M","R","$","?","T","?"],"character_chosen":"IRONCLAD","items_purchased":["Red Skull","Seeing Red","Membership Card","War Paint","Inflame","Impervious","Metallicize","Sling","Mummified Hand","Blue Candle","Power Through","Secret Weapon","True Grit"],"campfire_rested":3,"item_purchase_floors":[5,5,21,21,21,21,25,41,41,41,41,41,41],"current_hp_per_floor":[81,70,70,68,68,50,50,55,62,55,32,59,57,63,63,33,77,65,65,62,62,92,46,46,46,46,40,40,40,37,20,47,17,73,44,44,44,25,22,49,49,49,49,0],"gold":1091,"neow_bonus":"THREE_SMALL_POTIONS","is_prod":false,"is_daily":false,"chose_seed":false,"campfire_upgraded":3,"win_rate":0,"timestamp":1569699508,"path_taken":["M","?","?","M","?","E","R","M","T","M","?","R","?","M","R","BOSS","M","?","M","?","?","E","R","$","T","M","E","?","M","E","R","BOSS","M","?","?","M","M","R","$","?","T","?"],"build_version":"2019-07-17","purchased_purges":1,"victory":false,"max_hp_per_floor":[85,85,85,85,85,85,85,85,92,92,92,92,92,92,92,92,92,92,92,92,92,92,92,92,92,92,92,92,92,92,92,92,92,92,92,92,92,92,92,92,92,92,92,92],"card_choices":[{"not_picked":["Sword Boomerang","Body Slam"],"picked":"Wild Strike","floor":1},{"not_picked":["Shockwave","Battle Trance"],"picked":"Perfected Strike","floor":4},{"not_picked":["Body Slam","Iron Wave"],"picked":"Shrug It Off","floor":6},{"not_picked":["Armaments","Thunderclap"],"picked":"Uppercut","floor":8},{"not_picked":["Flex","Entrench"],"picked":"Body Slam","floor":10},{"not_picked":["Twin Strike","Reckless Charge"],"picked":"Cleave","floor":14},{"not_picked":["Juggernaut","Bludgeon"],"picked":"Reaper","floor":16},{"not_picked":["Clash+1","Feel No Pain"],"picked":"Pommel Strike","floor":18},{"not_picked":["Havoc","Cleave+1"],"picked":"Wild Strike","floor":20},{"not_picked":["Anger+1","Twin Strike"],"picked":"Spot Weakness","floor":23},{"not_picked":["Sword Boomerang","Clash","Reckless Charge"],"picked":"SKIP","floor":27},{"not_picked":["Headbutt","Inflame"],"picked":"Evolve","floor":28},{"not_picked":["Bludgeon","Shrug It Off"],"picked":"Carnage+1","floor":30},{"not_picked":["Sentinel+1","Armaments","Barricade"],"picked":"SKIP","floor":31},{"not_picked":["Barricade","Dark Embrace"],"picked":"Limit Break","floor":33},{"not_picked":["Clash","Uppercut+1"],"picked":"Wild Strike+1","floor":35},{"not_picked":["Swift Strike","Bandage Up"],"picked":"The Bomb","floor":37},{"not_picked":["Clothesline+1","Hemokinesis+1"],"picked":"Perfected Strike+1","floor":38},{"not_picked":["Combust+1","Clothesline+1"],"picked":"Shrug It Off+1","floor":39}],"player_experience":273556,"relics_obtained":[{"floor":6,"key":"Juzu Bracelet"},{"floor":9,"key":"Strawberry"},{"floor":13,"key":"Odd Mushroom"},{"floor":23,"key":"Vajra"},{"floor":26,"key":"Gremlin Horn"},{"floor":28,"key":"Oddly Smooth Stone"},{"floor":31,"key":"Lantern"},{"floor":43,"key":"Darkstone Periapt"}],"event_choices":[{"damage_healed":0,"gold_gain":75,"player_choice":"Gather Gold","damage_taken":11,"max_hp_gain":0,"max_hp_loss":0,"event_name":"World of Goop","floor":2,"gold_loss":0},{"damage_healed":0,"gold_gain":63,"player_choice":"Gained Gold","damage_taken":0,"max_hp_gain":0,"max_hp_loss":0,"event_name":"Golden Wing","floor":3,"gold_loss":0},{"damage_healed":0,"gold_gain":0,"player_choice":"Take Damage","damage_taken":23,"relics_obtained":["Golden Idol"],"max_hp_gain":0,"max_hp_loss":0,"event_name":"Golden Idol","floor":11,"gold_loss":0},{"damage_healed":0,"gold_gain":0,"player_choice":"Fought Mushrooms","damage_taken":0,"max_hp_gain":0,"max_hp_loss":0,"event_name":"Mushrooms","floor":13,"gold_loss":0},{"damage_healed":0,"gold_gain":0,"player_choice":"Opened","damage_taken":0,"relics_obtained":["Mercury Hourglass"],"max_hp_gain":0,"max_hp_loss":0,"event_name":"The Mausoleum","floor":19,"gold_loss":0},{"damage_healed":30,"gold_gain":0,"player_choice":"Heal","damage_taken":0,"max_hp_gain":0,"max_hp_loss":0,"event_name":"The Library","floor":22,"gold_loss":0},{"damage_healed":0,"gold_gain":0,"player_choice":"Ignored","damage_taken":0,"max_hp_gain":0,"max_hp_loss":0,"event_name":"Ghosts","floor":29,"gold_loss":0},{"damage_healed":0,"gold_gain":999,"player_choice":"Gold","damage_taken":0,"max_hp_gain":0,"max_hp_loss":0,"event_name":"MindBloom","floor":36,"gold_loss":0,"cards_obtained":["Normality","Normality"]},{"damage_healed":0,"gold_gain":0,"player_choice":"Memory 1","damage_taken":0,"max_hp_gain":0,"max_hp_loss":0,"event_name":"SensoryStone","floor":37,"gold_loss":0},{"damage_healed":0,"gold_gain":333,"player_choice":"Gave Idol","damage_taken":0,"max_hp_gain":0,"max_hp_loss":0,"event_name":"The Moai Head","floor":42,"relics_lost":["Golden Idol"],"gold_loss":0},{"damage_healed":0,"gold_gain":0,"player_choice":"Fight","damage_taken":0,"max_hp_gain":0,"max_hp_loss":0,"event_name":"Mysterious Sphere","floor":44,"gold_loss":0}],"is_beta":false,"boss_relics":[{"not_picked":["Fusion Hammer","Runic Pyramid"],"picked":"Velvet Choker"},{"not_picked":["White Beast Statue","Philosopher\u0027s Stone"],"picked":"Pandora\u0027s Box"}],"items_purged_floors":[41],"is_endless":false,"potions_floor_spawned":[1,10,13,23,33,39],"killed_by":"2 Orb Walkers","ascension_level":10}