{"gold_per_floor":[118,136,152,166,166,166,200,216,216,216,241,257,277,296,296,296],"floor_reached":16,"playtime":692,"items_purged":[],"score":232,"play_id":"c11d8f2b-bb93-4b3d-ac1d-d552c963ca8c","local_time":"20190927210902","is_ascension_mode":true,"campfire_choices":[{"floor":6.0,"key":"REST"},{"floor":10.0,"key":"REST"},{"floor":15.0,"key":"REST"}],"neow_cost":"NONE","seed_source_timestamp":0,"circlet_count":0,"master_deck":["AscendersBane","Strike_R","Strike_R","Strike_R","Strike_R","Strike_R","Defend_R","Defend_R","Defend_R","Defend_R","Bash+1","Carnage","Shrug It Off","Clothesline"],"special_seed":0,"relics":["Burning Blood","Oddly Smooth Stone","Boot","Orichalcum"],"potions_floor_usage":[16],"damage_taken":[{"damage":21.0,"enemies":"Jaw Worm","floor":1.0,"turns":6.0},{"damage":17.0,"enemies":"Cultist","floor":2.0,"turns":4.0},{"damage":2.0,"enemies":"2 Louse","floor":3.0,"turns":4.0},{"damage":25.0,"enemies":"Lots of Slimes","floor":4.0,"turns":5.0},{"damage":52.0,"enemies":"Lagavulin","floor":7.0,"turns":6.0},{"damage":4.0,"enemies":"Looter","floor":8.0,"turns":5.0},{"damage":28.0,"enemies":"Gremlin Nob","floor":11.0,"turns":4.0},{"damage":12.0,"enemies":"Exordium Thugs","floor":12.0,"turns":4.0},{"damage":5.0,"enemies":"Blue Slaver","floor":13.0,"turns":4.0},{"damage":5.0,"enemies":"Looter","floor":14.0,"turns":2.0},{"damage":75,"enemies":"The Guardian","floor":16,"turns":11}],"seed_played":"-4347293034104210085","potions_obtained":[{"floor":7.0,"key":"FearPotion"},{"floor":8.0,"key":"Regen Potion"},{"floor":11.0,"key":"Explosive Potion"},{"floor":12.0,"key":"AttackPotion"}],"is_trial":false,"path_per_floor":["M","M","M","M","?","R","E","M","T","R","E","M","M","M","R","B"],"character_chosen":"IRONCLAD","items_purchased":[],"campfire_rested":3,"item_purchase_floors":[],"current_hp_per_floor":[60,49,53,34,34,58,12,14,14,38,28,22,23,24,48,0],"gold":296,"neow_bonus":"TEN_PERCENT_HP_BONUS","is_prod":false,"is_daily":false,"chose_seed":false,"campfire_upgraded":0,"win_rate":0,"timestamp":1569643742,"path_taken":["M","M","M","M","?","R","E","M","T","R","E","M","M","?","R","BOSS"],"build_version":"2019-07-17","purchased_purges":0,"victory":false,"max_hp_per_floor":[82,82,82,82,82,82,82,82,82,82,82,82,82,82,82,82],"card_choices":[{"not_picked":["Flex","Iron Wave","Sword Boomerang"],"picked":"SKIP","floor":1.0},{"not_picked":["Heavy Blade","Headbutt"],"picked":"Carnage","floor":2.0},{"not_picked":["Cleave","Thunderclap"],"picked":"Shrug It Off","floor":3.0},{"not_picked":["Body Slam","Flex","Clash"],"picked":"SKIP","floor":4.0},{"not_picked":["Sever Soul","Exhume"],"picked":"Clothesline","floor":7.0},{"not_picked":["Pommel Strike","Feel No Pain","Heavy Blade"],"picked":"SKIP","floor":8.0},{"not_picked":["Sever Soul","Rage","Wild Strike"],"picked":"SKIP","floor":11.0},{"not_picked":["Armaments","Body Slam","Anger"],"picked":"SKIP","floor":12.0},{"not_picked":["Sword Boomerang","Clothesline","True Grit"],"picked":"SKIP","floor":13.0},{"not_picked":["Thunderclap","Blood for Blood","Wild Strike"],"picked":"SKIP","floor":14.0}],"player_experience":358363,"relics_obtained":[{"floor":7.0,"key":"Oddly Smooth Stone"},{"floor":9.0,"key":"Boot"},{"floor":11.0,"key":"Orichalcum"}],"event_choices":[{"damage_healed":0.0,"max_hp_gain":0.0,"max_hp_loss":0.0,"gold_gain":0.0,"event_name":"Upgrade Shrine","player_choice":"Upgraded","floor":5.0,"gold_loss":0.0,"damage_taken":0.0,"cards_upgraded":["Bash"]}],"is_beta":false,"boss_relics":[],"items_purged_floors":[],"is_endless":false,"potions_floor_spawned":[7,8,11,12],"killed_by":"The Guardian","ascension_level":20}