{"gold_per_floor":[116,126,143,154,8,8,40,40,40,70,80,91,91,116,116,221,221,232,232,142,155,7,7,39,55,55,55,83,102,102,116,116,217,217,237,197,212,230,247,247,260,290,315,24,43,43,43,59,59,59,59,59,10,43,43],"floor_reached":55,"playtime":4708,"items_purged":[],"score":1077,"play_id":"ff6aeda4-cf21-4dfa-94c4-9569bc11b0d9","local_time":"20190907112210","is_ascension_mode":true,"campfire_choices":[{"data":"Feed","floor":6.0,"key":"SMITH"},{"data":"Pommel Strike","floor":15,"key":"SMITH"},{"data":"Pommel Strike","floor":23,"key":"SMITH"},{"data":"Iron Wave","floor":27,"key":"SMITH"},{"floor":32,"key":"REST"},{"floor":40,"key":"REST"},{"data":"Shrug It Off","floor":46,"key":"SMITH"},{"floor":49,"key":"RECALL"},{"floor":52,"key":"REST"}],"neow_cost":"TEN_PERCENT_HP_LOSS","seed_source_timestamp":232077706961669,"circlet_count":0,"master_deck":["Defend_R","Defend_R","Defend_R","Defend_R","Bash","Thunderclap","Inflame+1","Headbutt","Pommel Strike+1","Feed+1","Iron Wave+1","Pommel Strike+1","Pummel","Demon Form+1","Immolate+1","Sever Soul+1","Iron Wave+1","Ghostly Armor","Iron Wave+1","Limit Break","Pummel","True Grit+1","Offering","Headbutt+1","Havoc+1","Power Through+1","Shrug It Off+1","Pommel Strike+1"],"special_seed":0,"relics":["Burning Blood","Bag of Preparation","Regal Pillow","Gremlin Horn","Happy Flower","Astrolabe","Bag of Marbles","Bottled Lightning","Frozen Egg 2","Darkstone Periapt","Velvet Choker","Bird Faced Urn","Pear","Anchor"],"potions_floor_usage":[14,21,24,28,33,42,48,50,54,55,55],"damage_taken":[{"damage":4.0,"enemies":"Jaw Worm","floor":1.0,"turns":6.0},{"damage":1.0,"enemies":"Cultist","floor":2.0,"turns":3.0},{"damage":12.0,"enemies":"Small Slimes","floor":3.0,"turns":6.0},{"damage":1.0,"enemies":"2 Fungi Beasts","floor":4.0,"turns":5.0},{"damage":16.0,"enemies":"Gremlin Nob","floor":7.0,"turns":3.0},{"damage":25,"enemies":"3 Sentries","floor":10,"turns":7},{"damage":0,"enemies":"3 Louse","floor":11,"turns":2},{"damage":15,"enemies":"Red Slaver","floor":12,"turns":5},{"damage":12,"enemies":"Gremlin Nob","floor":14,"turns":3},{"damage":0,"enemies":"Slime Boss","floor":16,"turns":6},{"damage":29,"enemies":"2 Thieves","floor":18,"turns":3},{"damage":16,"enemies":"3 Byrds","floor":21,"turns":6},{"damage":8,"enemies":"Slavers","floor":24,"turns":2},{"damage":23,"enemies":"Shelled Parasite and Fungi","floor":25,"turns":5},{"damage":51,"enemies":"Book of Stabbing","floor":28,"turns":4},{"damage":4,"enemies":"Centurion and Healer","floor":29,"turns":4},{"damage":35,"enemies":"Snake Plant","floor":31,"turns":4},{"damage":21,"enemies":"Champ","floor":33,"turns":9},{"damage":14,"enemies":"3 Darklings","floor":35,"turns":5},{"damage":6,"enemies":"Orb Walker","floor":37,"turns":2},{"damage":23,"enemies":"Spire Growth","floor":38,"turns":3},{"damage":6,"enemies":"Transient","floor":39,"turns":5},{"damage":0,"enemies":"3 Darklings","floor":41,"turns":3},{"damage":29,"enemies":"Nemesis","floor":42,"turns":5},{"damage":14,"enemies":"Sphere and 2 Shapes","floor":45,"turns":4},{"damage":17,"enemies":"Maw","floor":48,"turns":6},{"damage":112,"enemies":"Awakened One","floor":50,"turns":11},{"damage":34,"enemies":"Shield and Spear","floor":54,"turns":5},{"damage":131,"enemies":"The Heart","floor":55,"turns":5}],"seed_played":"7026738515995278411","potions_obtained":[{"floor":2.0,"key":"GamblersBrew"},{"floor":4.0,"key":"GamblersBrew"},{"floor":10,"key":"Dexterity Potion"},{"floor":11,"key":"Weak Potion"},{"floor":14,"key":"BloodPotion"},{"floor":18,"key":"Explosive Potion"},{"floor":25,"key":"BloodPotion"},{"floor":33,"key":"GamblersBrew"},{"floor":36,"key":"Weak Potion"},{"floor":36,"key":"PowerPotion"},{"floor":36,"key":"Fire Potion"},{"floor":37,"key":"BloodPotion"},{"floor":45,"key":"Block Potion"},{"floor":48,"key":"Ancient Potion"}],"is_trial":false,"path_per_floor":["M","M","M","M","$","R","E","?","T","E","M","M","?","E","R","B",null,"M","?","?","M","$","R","E","M","T","R","E","M","?","M","R","B",null,"M","?","M","M","M","R","M","E","T","$","M","R","$","M","R","B",null,"R","$","E","B"],"character_chosen":"IRONCLAD","items_purchased":["Feed","Bag of Marbles","Shrug It Off","Pear","Strength Potion"],"campfire_rested":3,"item_purchase_floors":[5,22,44,44,53],"current_hp_per_floor":[72,72,66,71,71,71,65,76,76,61,71,62,62,56,56,66,83,64,64,64,81,81,81,83,70,70,70,51,57,57,28,75,60,96,92,92,92,79,79,116,116,97,97,107,105,105,105,135,135,35,115,142,142,116,0],"gold":43,"neow_bonus":"TRANSFORM_TWO_CARDS","is_prod":false,"is_daily":false,"chose_seed":false,"campfire_upgraded":5,"win_rate":0,"timestamp":1567880530,"path_taken":["M","M","M","M","$","R","E","?","T","E","M","?","?","E","R","BOSS","M","?","?","M","$","R","E","?","T","R","E","M","?","M","R","BOSS","M","?","M","?","M","R","M","E","T","?","?","R","$","?","R","BOSS","R","$","E","BOSS"],"build_version":"2019-07-17","purchased_purges":0,"victory":false,"max_hp_per_floor":[72,72,72,72,72,72,76,76,76,80,84,84,84,84,84,88,88,92,92,92,96,96,96,100,104,104,104,104,108,108,108,108,108,108,112,112,112,116,116,116,116,120,120,130,134,134,134,138,138,142,142,142,142,142,142],"card_choices":[{"not_picked":["Wild Strike","Flex","Body Slam"],"picked":"SKIP","floor":1.0},{"not_picked":["Body Slam","Combust"],"picked":"Inflame","floor":2.0},{"not_picked":["Perfected Strike","Feel No Pain"],"picked":"Headbutt","floor":3.0},{"not_picked":["Inflame","Anger"],"picked":"Pommel Strike","floor":4.0},{"not_picked":["Heavy Blade","Disarm"],"picked":"Iron Wave","floor":7.0},{"not_picked":["Hemokinesis","Searing Blow"],"picked":"Pommel Strike","floor":10},{"not_picked":["Thunderclap","Cleave","Pommel Strike"],"picked":"SKIP","floor":11},{"not_picked":["Corruption","Body Slam"],"picked":"Pummel","floor":12},{"not_picked":["Clash","Evolve","Thunderclap"],"picked":"SKIP","floor":14},{"not_picked":["Dark Embrace","Fiend Fire"],"picked":"Demon Form","floor":16},{"not_picked":["Rupture","Burning Pact+1"],"picked":"Iron Wave+1","floor":18},{"not_picked":["Iron Wave","Warcry","Anger"],"picked":"SKIP","floor":21},{"not_picked":["Armaments","Bludgeon","Iron Wave"],"picked":"SKIP","floor":24},{"not_picked":["Clash","Entrench"],"picked":"Iron Wave+1","floor":25},{"not_picked":["Anger","Clothesline"],"picked":"Limit Break","floor":28},{"not_picked":["Fire Breathing+1","Cleave"],"picked":"Pummel","floor":29},{"not_picked":["Thunderclap+1","Intimidate"],"picked":"True Grit+1","floor":31},{"not_picked":["Exhume","Demon Form+1"],"picked":"Offering","floor":33},{"not_picked":["Rampage","Seeing Red","Blood for Blood"],"picked":"SKIP","floor":35},{"not_picked":["Uppercut+1","Body Slam"],"picked":"Headbutt+1","floor":37},{"not_picked":["Pommel Strike+1","Headbutt"],"picked":"Havoc+1","floor":38},{"not_picked":["Sword Boomerang+1","Fire Breathing+1","Rupture+1"],"picked":"SKIP","floor":39},{"not_picked":["Twin Strike+1","Whirlwind"],"picked":"Power Through+1","floor":41},{"not_picked":["Iron Wave","Corruption+1","Body Slam"],"picked":"SKIP","floor":42},{"not_picked":["Havoc","Iron Wave"],"picked":"Pommel Strike+1","floor":45},{"not_picked":["Cleave+1","Anger+1","Iron Wave"],"picked":"SKIP","floor":48},{"not_picked":["Cleave","Sword Boomerang","Iron Wave"],"picked":"SKIP","floor":54}],"player_experience":272057,"relics_obtained":[{"floor":7.0,"key":"Bag of Preparation"},{"floor":9.0,"key":"Regal Pillow"},{"floor":10,"key":"Gremlin Horn"},{"floor":14,"key":"Happy Flower"},{"floor":24,"key":"Bottled Lightning"},{"floor":26,"key":"Frozen Egg 2"},{"floor":28,"key":"Darkstone Periapt"},{"floor":42,"key":"Bird Faced Urn"},{"floor":54,"key":"Anchor"}],"event_choices":[{"cards_removed":["Sentinel"],"damage_healed":11.0,"max_hp_gain":0.0,"max_hp_loss":0.0,"gold_gain":0.0,"event_name":"Bonfire Elementals","player_choice":"Offered Uncommon","floor":8.0,"gold_loss":0.0,"damage_taken":0.0},{"damage_healed":0,"gold_gain":0,"player_choice":"Grow","damage_taken":0,"max_hp_gain":0,"max_hp_loss":0,"event_name":"Living Wall","floor":13,"gold_loss":0,"cards_upgraded":["Inflame"]},{"damage_healed":0,"gold_gain":0,"player_choice":"Read","damage_taken":0,"max_hp_gain":0,"max_hp_loss":0,"event_name":"The Library","floor":19,"gold_loss":0,"cards_obtained":["Ghostly Armor"]},{"cards_removed":["Rupture"],"damage_healed":0,"gold_gain":0,"player_choice":"Upgrade and Remove","damage_taken":0,"max_hp_gain":0,"max_hp_loss":0,"event_name":"Designer","floor":20,"gold_loss":90,"cards_upgraded":["Demon Form"]},{"damage_healed":0,"gold_gain":0,"player_choice":"Ignored","damage_taken":0,"max_hp_gain":0,"max_hp_loss":0,"event_name":"Beggar","floor":30,"gold_loss":0},{"damage_healed":0,"gold_gain":0,"player_choice":"Bought 3 Potions","damage_taken":0,"max_hp_gain":0,"max_hp_loss":0,"event_name":"The Woman in Blue","floor":36,"gold_loss":0}],"is_beta":false,"boss_relics":[{"not_picked":["Empty Cage","Calling Bell"],"picked":"Astrolabe"},{"not_picked":["Black Blood","Runic Pyramid"],"picked":"Velvet Choker"}],"items_purged_floors":[],"is_endless":false,"potions_floor_spawned":[2,4,10,11,14,18,25,33,37,38,41,45,48],"killed_by":"The Heart","ascension_level":7}