{"gold_per_floor":[112,128,12,12,23,53,53,83,109,109,109,128,128,138,138,209,209,228,228],"floor_reached":19,"playtime":556,"items_purged":["Strike_R"],"score":454,"play_id":"548aca41-ccb7-420d-a8e1-4d081d7de053","local_time":"20191016125017","is_ascension_mode":true,"campfire_choices":[{"data":"Combust","floor":7.0,"key":"SMITH"},{"floor":10.0,"key":"REST"},{"data":"Bash","floor":15.0,"key":"SMITH"}],"neow_cost":"NONE","seed_source_timestamp":144899892544300,"circlet_count":0,"master_deck":["AscendersBane","Strike_R","Strike_R","Strike_R","Strike_R","Defend_R","Defend_R","Defend_R","Bash+1","Feel No Pain","Combust+1","Wild Strike","Rampage","Headbutt","Burning Pact","Barricade","Metallicize"],"special_seed":0,"relics":["Burning Blood","Paper Frog","Ancient Tea Set","Toy Ornithopter","Fusion Hammer"],"potions_floor_usage":[],"damage_taken":[{"damage":7.0,"enemies":"2 Louse","floor":1.0,"turns":4.0},{"damage":9.0,"enemies":"Jaw Worm","floor":2.0,"turns":6.0},{"damage":6.0,"enemies":"Small Slimes","floor":5.0,"turns":4.0},{"damage":34.0,"enemies":"Lagavulin","floor":6.0,"turns":8.0},{"damage":33.0,"enemies":"Gremlin Nob","floor":8.0,"turns":4.0},{"damage":2.0,"enemies":"2 Fungi Beasts","floor":12.0,"turns":2.0},{"damage":8.0,"enemies":"Looter","floor":14.0,"turns":3.0},{"damage":4.0,"enemies":"Slime Boss","floor":16.0,"turns":5.0},{"damage":48,"enemies":"2 Thieves","floor":18,"turns":4},{"damage":45,"enemies":"Spheric Guardian","floor":19,"turns":5}],"seed_played":"-5796938164279192123","potions_obtained":[{"floor":1.0,"key":"Swift Potion"},{"floor":5.0,"key":"CultistPotion"},{"floor":6.0,"key":"PowerPotion"},{"floor":8.0,"key":"FearPotion"}],"is_trial":false,"path_per_floor":["M","M","$","?","M","E","R","E","T","R","?","M","?","M","R","B",null,"M","M"],"character_chosen":"IRONCLAD","items_purchased":["Combust"],"campfire_rested":1,"item_purchase_floors":[3],"current_hp_per_floor":[74,71,71,64,64,36,36,9,9,33,33,37,64,62,62,74,80,38,0],"gold":228,"neow_bonus":"TEN_PERCENT_HP_BONUS","is_prod":false,"is_daily":false,"chose_seed":false,"campfire_upgraded":2,"win_rate":0,"timestamp":1571255417,"path_taken":["M","M","$","?","M","E","R","E","T","R","?","M","?","M","R","BOSS","M","M"],"build_version":"2019-10-15","purchased_purges":1,"victory":false,"max_hp_per_floor":[82,82,82,82,82,82,82,82,82,82,82,82,82,82,82,82,82,82,82],"card_choices":[{"not_picked":["Dropkick","Flex"],"picked":"Feel No Pain","floor":1.0},{"not_picked":["Heavy Blade","Rupture","Rage"],"picked":"SKIP","floor":2.0},{"not_picked":["Rage","Entrench"],"picked":"Wild Strike","floor":5.0},{"not_picked":["Body Slam","Wild Strike"],"picked":"Rampage","floor":6.0},{"not_picked":["Juggernaut","Perfected Strike"],"picked":"Headbutt","floor":8.0},{"not_picked":["Blood for Blood","Clothesline","Sword Boomerang"],"picked":"SKIP","floor":12.0},{"not_picked":["Entrench","Pommel Strike"],"picked":"Burning Pact","floor":14.0},{"not_picked":["Double Tap","Reaper"],"picked":"Barricade","floor":16.0},{"not_picked":["Iron Wave","Pommel Strike"],"picked":"Metallicize","floor":18}],"player_experience":1589267,"relics_obtained":[{"floor":6.0,"key":"Paper Frog"},{"floor":8.0,"key":"Ancient Tea Set"},{"floor":9.0,"key":"Toy Ornithopter"}],"event_choices":[{"cards_removed":["Defend_R"],"damage_healed":0.0,"max_hp_gain":0.0,"max_hp_loss":0.0,"gold_gain":0.0,"event_name":"Golden Wing","player_choice":"Card Removal","floor":4.0,"gold_loss":0.0,"damage_taken":7.0},{"damage_healed":0.0,"max_hp_gain":0.0,"max_hp_loss":0.0,"gold_gain":0.0,"event_name":"Liars Game","player_choice":"Ignored","floor":11.0,"gold_loss":0.0,"damage_taken":0.0},{"damage_healed":27.0,"max_hp_gain":0.0,"max_hp_loss":0.0,"gold_gain":0.0,"event_name":"Big Fish","player_choice":"Banana","floor":13.0,"gold_loss":0.0,"damage_taken":0.0}],"is_beta":true,"boss_relics":[{"not_picked":["SacredBark","Coffee Dripper"],"picked":"Fusion Hammer"}],"items_purged_floors":[3],"is_endless":false,"potions_floor_spawned":[1,5,6,8,14],"killed_by":"Spheric Guardian","ascension_level":20}