{"gold_per_floor":[111,111,111,128,145,220,220,220,220,220,251,17,17,35,35,35],"floor_reached":16,"playtime":412,"items_purged":[],"score":108,"play_id":"bb59d242-ffe6-415a-8743-100c10c8edcb","local_time":"20191015151221","is_ascension_mode":true,"campfire_choices":[{"data":"Flex","floor":8,"key":"SMITH"},{"data":"Bash","floor":10,"key":"SMITH"},{"floor":13,"key":"REST"},{"data":"Body Slam","floor":15,"key":"SMITH"}],"neow_cost":"NONE","seed_source_timestamp":2562323201211816,"circlet_count":0,"master_deck":["Strike_R","Strike_R","Strike_R","Strike_R","Strike_R","Defend_R","Defend_R","Defend_R","Defend_R","Bash+1","Body Slam+1","Flex+1","Exhume","Warcry","Intimidate","Headbutt"],"relics":["Philosopher\u0027s Stone","Smiling Mask","GremlinMask","Golden Idol","Mummified Hand","Sundial","OrangePellets"],"potions_floor_usage":[16,16],"damage_taken":[{"damage":8,"enemies":"Jaw Worm","floor":1,"turns":3},{"damage":5,"enemies":"Small Slimes","floor":4,"turns":4},{"damage":0,"enemies":"Cultist","floor":5,"turns":3},{"damage":20,"enemies":"Gremlin Nob","floor":11,"turns":4},{"damage":11,"enemies":"2 Fungi Beasts","floor":14,"turns":4},{"damage":39,"enemies":"The Guardian","floor":16,"turns":7}],"seed_played":"-4740123505915877994","potions_obtained":[{"floor":1,"key":"Regen Potion"},{"floor":11,"key":"Fire Potion"}],"is_trial":false,"path_per_floor":["M","?","?","M","M","?","?","R","T","R","E","$","R","M","R","B"],"character_chosen":"IRONCLAD","items_purchased":["Warcry","Intimidate","OrangePellets"],"campfire_rested":1,"item_purchase_floors":[12,12,12],"current_hp_per_floor":[72,65,65,60,60,49,29,29,29,29,9,9,33,22,22,0],"gold":35,"neow_bonus":"BOSS_RELIC","is_prod":false,"is_daily":false,"chose_seed":false,"campfire_upgraded":3,"win_rate":0,"timestamp":1571148741,"path_taken":["M","?","?","?","M","?","?","R","T","R","E","$","R","M","R","BOSS"],"build_version":"2019-09-09v2","purchased_purges":0,"victory":false,"max_hp_per_floor":[80,80,80,80,80,80,80,80,80,80,80,80,80,80,80,80],"card_choices":[{"not_picked":["Hemokinesis","Clash","Clothesline"],"picked":"SKIP","floor":1},{"not_picked":["Infernal Blade","Combust"],"picked":"Body Slam","floor":4},{"not_picked":["Bloodletting","Clothesline"],"picked":"Flex","floor":5},{"not_picked":["Brutality","True Grit"],"picked":"Exhume","floor":11},{"not_picked":["Flex","Bloodletting"],"picked":"Headbutt","floor":14}],"player_experience":214294,"relics_obtained":[{"floor":9,"key":"Mummified Hand"},{"floor":11,"key":"Sundial"}],"event_choices":[{"damage_healed":0,"gold_gain":0,"player_choice":"Success","damage_taken":7,"relics_obtained":["Smiling Mask"],"max_hp_gain":0,"max_hp_loss":0,"event_name":"Scrap Ooze","floor":2,"gold_loss":0},{"damage_healed":0,"gold_gain":0,"player_choice":"Trade","damage_taken":0,"relics_obtained":["GremlinMask"],"max_hp_gain":0,"max_hp_loss":0,"event_name":"FaceTrader","floor":3,"gold_loss":0},{"damage_healed":0,"gold_gain":75,"player_choice":"Gather Gold","damage_taken":11,"max_hp_gain":0,"max_hp_loss":0,"event_name":"World of Goop","floor":6,"gold_loss":0},{"damage_healed":0,"gold_gain":0,"player_choice":"Take Damage","damage_taken":20,"relics_obtained":["Golden Idol"],"max_hp_gain":0,"max_hp_loss":0,"event_name":"Golden Idol","floor":7,"gold_loss":0}],"is_beta":true,"boss_relics":[],"items_purged_floors":[],"is_endless":false,"potions_floor_spawned":[1,11],"killed_by":"The Guardian","ascension_level":2}