{"gold_per_floor":[119,129,144,144,163,188,188,222,222,237,251,266,297,316,316,414,414,431,166,265,265,285,285,311,311,311,311,311,324,399,416,416,416],"floor_reached":33,"playtime":2177,"items_purged":["Strike_B"],"score":303,"play_id":"add94f7b-672f-4f0c-9d77-4e721901df69","local_time":"20191015171205","is_ascension_mode":true,"campfire_choices":[{"floor":7,"key":"REST"},{"data":"Blizzard","floor":15,"key":"SMITH"},{"data":"Storm","floor":23,"key":"SMITH"},{"data":"Dualcast","floor":25,"key":"SMITH"},{"floor":27,"key":"REST"},{"floor":32,"key":"REST"}],"neow_cost":"NONE","seed_source_timestamp":2567737992072933,"circlet_count":0,"master_deck":["Strike_B","Strike_B","Defend_B","Defend_B","Defend_B","Zap","Dualcast+1","Self Repair","Glacier","Coolheaded","Amplify","Conserve Battery","Coolheaded","Go for the Eyes","Gash","Blizzard+1","Leap","Chaos","Cold Snap","Skim","Electrodynamics","Heatsinks","Storm+1","Acrobatics","Gash","Writhe","Blind","Hello World+1","Storm"],"relics":["Empty Cage","Lantern","Bottled Lightning","Ornamental Fan","Nuclear Battery","PrismaticShard","Smiling Mask","Prayer Wheel","Vajra"],"potions_floor_usage":[6,8,13,16,16,24,33],"damage_taken":[{"damage":4,"enemies":"Cultist","floor":1,"turns":4},{"damage":0,"enemies":"2 Louse","floor":2,"turns":3},{"damage":2,"enemies":"Jaw Worm","floor":3,"turns":5},{"damage":14,"enemies":"2 Fungi Beasts","floor":5,"turns":6},{"damage":63,"enemies":"Gremlin Nob","floor":6,"turns":7},{"damage":5,"enemies":"3 Sentries","floor":8,"turns":13},{"damage":0,"enemies":"Blue Slaver","floor":10,"turns":5},{"damage":0,"enemies":"Exordium Wildlife","floor":11,"turns":10},{"damage":0,"enemies":"3 Louse","floor":12,"turns":6},{"damage":58,"enemies":"Gremlin Nob","floor":13,"turns":7},{"damage":6,"enemies":"Gremlin Gang","floor":14,"turns":5},{"damage":16,"enemies":"The Guardian","floor":16,"turns":14},{"damage":5,"enemies":"Shell Parasite","floor":18,"turns":7},{"damage":39,"enemies":"Chosen","floor":22,"turns":9},{"damage":23,"enemies":"Slavers","floor":24,"turns":4},{"damage":25,"enemies":"3 Cultists","floor":29,"turns":6},{"damage":21,"enemies":"Shelled Parasite and Fungi","floor":31,"turns":7},{"damage":48,"enemies":"Champ","floor":33,"turns":8}],"seed_played":"-7004683764350736336","potions_obtained":[{"floor":3,"key":"Fire Potion"},{"floor":6,"key":"Strength Potion"},{"floor":8,"key":"FairyPotion"},{"floor":12,"key":"Weak Potion"},{"floor":13,"key":"FocusPotion"},{"floor":14,"key":"Energy Potion"},{"floor":16,"key":"Ancient Potion"},{"floor":22,"key":"DuplicationPotion"}],"is_trial":false,"path_per_floor":["M","M","M","?","M","E","R","E","T","M","M","M","E","M","R","B",null,"M","$","?","?","M","R","E","R","T","R","?","M","?","M","R","B"],"character_chosen":"DEFECT","items_purchased":["Storm","PrismaticShard"],"campfire_rested":3,"item_purchase_floors":[19,19],"current_hp_per_floor":[71,75,75,75,75,19,41,43,43,50,50,57,29,30,30,14,75,75,75,75,75,43,43,20,20,20,42,42,31,24,10,32,0],"gold":416,"neow_bonus":"BOSS_RELIC","is_prod":false,"is_daily":false,"chose_seed":false,"campfire_upgraded":3,"win_rate":0,"timestamp":1571155925,"path_taken":["M","?","M","?","M","E","R","E","T","M","M","M","E","?","R","BOSS","M","$","?","?","M","R","E","R","T","R","?","?","?","M","R","BOSS"],"build_version":"2019-09-09v2","purchased_purges":1,"victory":false,"max_hp_per_floor":[75,75,75,75,75,75,75,75,75,75,75,75,75,75,75,75,75,75,75,75,75,75,75,75,75,75,75,75,75,75,75,75,75],"card_choices":[{"not_picked":["Redo","Beam Cell"],"picked":"Self Repair","floor":1},{"not_picked":["Fusion","Streamline"],"picked":"Glacier","floor":2},{"not_picked":["Undo","Fusion"],"picked":"Coolheaded","floor":3},{"not_picked":["Stack","Rebound"],"picked":"Coolheaded","floor":5},{"not_picked":["Ball Lightning","Steam"],"picked":"Go for the Eyes","floor":6},{"not_picked":["Blizzard","Hyperbeam"],"picked":"Gash","floor":8},{"not_picked":["Glacier","White Noise"],"picked":"Blizzard","floor":10},{"not_picked":["Ball Lightning","Compile Driver"],"picked":"Leap","floor":11},{"not_picked":["Compile Driver","Recycle"],"picked":"Chaos","floor":12},{"not_picked":["Barrage","Melter"],"picked":"Cold Snap","floor":13},{"not_picked":["Turbo","Redo"],"picked":"Skim","floor":14},{"not_picked":["Amplify","Meteor Strike"],"picked":"Electrodynamics","floor":16},{"not_picked":["Compile Driver","BootSequence"],"picked":"Heatsinks","floor":18},{"not_picked":["Terror","FollowUp+1"],"picked":"Acrobatics","floor":22},{"not_picked":["Evolve+1","Intimidate+1"],"picked":"Gash","floor":24},{"not_picked":["Poisoned Stab","EmptyBody"],"picked":"Blind","floor":29},{"not_picked":["Wild Strike+1","Iron Wave+1","Beam Cell"],"picked":"SKIP","floor":29},{"not_picked":["Turbo+1","Halt"],"picked":"Hello World+1","floor":31},{"not_picked":["Flex","Pummel"],"picked":"Storm","floor":31}],"player_experience":219050,"relics_obtained":[{"floor":6,"key":"Lantern"},{"floor":8,"key":"Bottled Lightning"},{"floor":13,"key":"Ornamental Fan"},{"floor":24,"key":"Smiling Mask"},{"floor":26,"key":"Prayer Wheel"}],"event_choices":[{"damage_healed":0,"gold_gain":0,"player_choice":"2 cards matched","damage_taken":0,"max_hp_gain":0,"max_hp_loss":0,"event_name":"Match and Keep!","floor":4,"gold_loss":0,"cards_obtained":["Amplify","Conserve Battery"]},{"damage_healed":0,"gold_gain":99,"player_choice":"Stole From Cult","damage_taken":0,"max_hp_gain":0,"max_hp_loss":0,"event_name":"Nest","floor":20,"gold_loss":0},{"damage_healed":0,"gold_gain":0,"player_choice":"Ignored","damage_taken":0,"max_hp_gain":0,"max_hp_loss":0,"event_name":"Vampires","floor":21,"gold_loss":0},{"damage_healed":0,"gold_gain":0,"player_choice":"Opened","damage_taken":0,"relics_obtained":["Vajra"],"max_hp_gain":0,"max_hp_loss":0,"event_name":"The Mausoleum","floor":28,"gold_loss":0,"cards_obtained":["Writhe"]},{"damage_healed":0,"gold_gain":75,"player_choice":"Touch","damage_taken":7,"max_hp_gain":0,"max_hp_loss":0,"event_name":"FaceTrader","floor":30,"gold_loss":0}],"is_beta":true,"boss_relics":[{"not_picked":["Busted Crown","Cursed Key"],"picked":"Nuclear Battery"}],"items_purged_floors":[19],"is_endless":false,"potions_floor_spawned":[3,6,8,12,13,14,16,22],"killed_by":"Champ","ascension_level":1}