{"gold_per_floor":[359,377,377,387,26,55,65,90,169,180,180,215,243,259,259,357,357,370,295,128,228,246,246,273,289,289,303,313,339,339,358,358,461,461,479,86,101,117,137,137,162,180,226,226,243,243,243,254,254,254],"floor_reached":51,"playtime":3353,"items_purged":["Doubt","Strike_R","Strike_R"],"score":1152,"play_id":"c460de66-ff60-47d4-9c05-6d4f62c2313d","local_time":"20191011231858","is_ascension_mode":true,"campfire_choices":[{"floor":11,"key":"REST"},{"floor":15,"key":"REST"},{"floor":23,"key":"REST"},{"floor":30,"key":"REST"},{"data":"Metallicize","floor":32,"key":"SMITH"},{"data":"Juggernaut","floor":40,"key":"SMITH"},{"floor":44,"key":"REST"},{"data":"Metallicize","floor":46,"key":"SMITH"},{"floor":49,"key":"REST"}],"neow_cost":"CURSE","seed_source_timestamp":79400987285300,"circlet_count":0,"master_deck":["AscendersBane","Strike_R","Strike_R","Defend_R","Defend_R","Defend_R","Defend_R","Bash","Rampage","Pommel Strike","Shrug It Off","Metallicize+1","Impervious","Headbutt+1","Barricade","Seeing Red","Inflame","Body Slam+1","Double Tap","Cleave+1","Impervious","True Grit","Metallicize+1","Metallicize+1","Body Slam+1","Juggernaut+1","Clothesline+1","Impervious","Inflame+1","Disarm","Uppercut+1","True Grit+1","Disarm+1","Metallicize+1"],"relics":["Burning Blood","Mummified Hand","Molten Egg 2","Du-Vu Doll","Paper Frog","Regal Pillow","Odd Mushroom","Mark of Pain","Ornamental Fan","Ancient Tea Set","Kunai","Cursed Key","Omamori","Question Card","Smiling Mask"],"potions_floor_usage":[6,8,16,28,29,33,35,39,41,50,50],"damage_taken":[{"damage":6,"enemies":"Cultist","floor":1,"turns":4},{"damage":14,"enemies":"2 Louse","floor":2,"turns":3},{"damage":6,"enemies":"Jaw Worm","floor":4,"turns":5},{"damage":19,"enemies":"Lagavulin","floor":6,"turns":7},{"damage":0,"enemies":"3 Louse","floor":7,"turns":5},{"damage":26,"enemies":"Gremlin Nob","floor":8,"turns":4},{"damage":20,"enemies":"Lots of Slimes","floor":10,"turns":4},{"damage":17,"enemies":"3 Sentries","floor":12,"turns":10},{"damage":22,"enemies":"The Mushroom Lair","floor":13,"turns":5},{"damage":0,"enemies":"Large Slime","floor":14,"turns":7},{"damage":34,"enemies":"Hexaghost","floor":16,"turns":6},{"damage":27,"enemies":"3 Byrds","floor":18,"turns":5},{"damage":27,"enemies":"Shell Parasite","floor":22,"turns":4},{"damage":13,"enemies":"Gremlin Leader","floor":24,"turns":6},{"damage":12,"enemies":"3 Cultists","floor":25,"turns":6},{"damage":12,"enemies":"Shelled Parasite and Fungi","floor":27,"turns":7},{"damage":17,"enemies":"Snake Plant","floor":28,"turns":5},{"damage":47,"enemies":"Book of Stabbing","floor":29,"turns":8},{"damage":4,"enemies":"Centurion and Healer","floor":31,"turns":6},{"damage":52,"enemies":"Collector","floor":33,"turns":7},{"damage":0,"enemies":"3 Shapes","floor":35,"turns":4},{"damage":10,"enemies":"Orb Walker","floor":37,"turns":4},{"damage":1,"enemies":"3 Darklings","floor":38,"turns":4},{"damage":12,"enemies":"Jaw Worm Horde","floor":39,"turns":5},{"damage":49,"enemies":"Reptomancer","floor":41,"turns":9},{"damage":3,"enemies":"Maw","floor":42,"turns":7},{"damage":8,"enemies":"Transient","floor":45,"turns":5},{"damage":1,"enemies":"4 Shapes","floor":48,"turns":4},{"damage":53,"enemies":"Awakened One","floor":50,"turns":11}],"seed_played":"-8580781244164053338","potions_obtained":[{"floor":1,"key":"PowerPotion"},{"floor":6,"key":"Fire Potion"},{"floor":13,"key":"FearPotion"},{"floor":14,"key":"LiquidBronze"},{"floor":16,"key":"Energy Potion"},{"floor":18,"key":"GamblersBrew"},{"floor":25,"key":"BloodPotion"},{"floor":29,"key":"Explosive Potion"},{"floor":31,"key":"SkillPotion"},{"floor":37,"key":"Fire Potion"},{"floor":38,"key":"AttackPotion"},{"floor":41,"key":"Ancient Potion"},{"floor":48,"key":"Dexterity Potion"}],"is_trial":false,"path_per_floor":["M","M","?","M","$","E","M","E","T","M","R","E","?","M","R","B",null,"M","?","$","?","M","R","E","M","T","M","M","E","R","M","R","B",null,"M","$","M","M","M","R","E","M","T","R","M","R","?","M","R","B",null],"character_chosen":"IRONCLAD","items_purchased":["Mummified Hand","Metallicize","Impervious","Omamori","Disarm","SkillPotion"],"campfire_rested":6,"item_purchase_floors":[5,5,20,36,36,36],"current_hp_per_floor":[72,64,69,69,69,56,62,42,42,28,53,42,26,32,72,44,75,54,54,54,54,33,73,66,60,60,54,64,23,63,65,65,19,69,75,75,71,76,70,70,27,30,30,70,68,68,68,73,85,38],"gold":254,"neow_bonus":"TWO_FIFTY_GOLD","is_prod":false,"is_daily":false,"chose_seed":false,"campfire_upgraded":3,"win_rate":0,"timestamp":1570828738,"path_taken":["M","?","?","M","$","E","M","E","T","M","R","E","?","M","R","BOSS","M","?","$","?","M","R","E","M","T","?","M","E","R","M","R","BOSS","M","$","M","M","M","R","E","M","T","R","M","R","?","M","R","BOSS"],"build_version":"2019-07-17","purchased_purges":3,"victory":true,"max_hp_per_floor":[80,80,85,85,85,85,85,85,85,85,85,85,85,85,85,85,85,85,85,85,85,85,85,85,85,85,85,85,85,85,85,85,85,85,85,85,85,85,85,85,85,85,85,85,85,85,85,85,85,85],"card_choices":[{"not_picked":["Heavy Blade","Twin Strike"],"picked":"Rampage","floor":1},{"not_picked":["Twin Strike","Searing Blow"],"picked":"Pommel Strike","floor":2},{"not_picked":["Carnage","Cleave"],"picked":"Shrug It Off","floor":4},{"not_picked":["Havoc","Twin Strike"],"picked":"Impervious","floor":6},{"not_picked":["Sever Soul+1","Ghostly Armor"],"picked":"Headbutt+1","floor":7},{"not_picked":["Havoc","Whirlwind+1"],"picked":"Barricade","floor":8},{"not_picked":["Headbutt+1","Havoc"],"picked":"Seeing Red","floor":10},{"not_picked":["Body Slam+1","Blood for Blood+1"],"picked":"Inflame","floor":12},{"not_picked":["Dual Wield","Limit Break"],"picked":"Body Slam+1","floor":14},{"not_picked":["Brutality","Feed+1"],"picked":"Double Tap","floor":16},{"not_picked":["Twin Strike+1","True Grit"],"picked":"Cleave+1","floor":18},{"not_picked":["Sword Boomerang+1","Clash+1"],"picked":"True Grit","floor":22},{"not_picked":["Rupture","Burning Pact+1","Heavy Blade+1"],"picked":"SKIP","floor":24},{"not_picked":["Carnage+1","Fire Breathing"],"picked":"Metallicize","floor":25},{"not_picked":["Second Wind+1","Warcry+1"],"picked":"Metallicize+1","floor":27},{"not_picked":["Sword Boomerang+1","Evolve"],"picked":"Body Slam+1","floor":28},{"not_picked":["Flex","Power Through+1"],"picked":"Juggernaut","floor":29},{"not_picked":["Heavy Blade+1","Sever Soul+1"],"picked":"Clothesline+1","floor":31},{"not_picked":["Feed+1","Brutality"],"picked":"Impervious","floor":33},{"not_picked":["Bloodletting","Heavy Blade+1"],"picked":"Inflame+1","floor":35},{"not_picked":["Carnage+1","Armaments"],"picked":"Uppercut+1","floor":37},{"not_picked":["Clothesline+1","Cleave+1"],"picked":"True Grit+1","floor":38},{"not_picked":["Thunderclap+1","Heavy Blade+1"],"picked":"Disarm+1","floor":39},{"not_picked":["Intimidate+1","Combust","Flex"],"picked":"SKIP","floor":41},{"not_picked":["Clothesline+1","Thunderclap+1","Cleave+1","Rupture+1"],"picked":"SKIP","floor":42},{"not_picked":["Reckless Charge+1","Sentinel","Blood for Blood+1","Pummel+1"],"picked":"SKIP","floor":45},{"not_picked":["Cleave+1","Clash+1","Infernal Blade+1","Pummel+1"],"picked":"SKIP","floor":48}],"player_experience":325408,"relics_obtained":[{"floor":6,"key":"Molten Egg 2"},{"floor":8,"key":"Du-Vu Doll"},{"floor":9,"key":"Paper Frog"},{"floor":12,"key":"Regal Pillow"},{"floor":13,"key":"Odd Mushroom"},{"floor":24,"key":"Ornamental Fan"},{"floor":26,"key":"Ancient Tea Set"},{"floor":29,"key":"Kunai"},{"floor":41,"key":"Question Card"},{"floor":43,"key":"Smiling Mask"}],"event_choices":[{"damage_healed":0,"gold_gain":0,"player_choice":"Donut","damage_taken":0,"max_hp_gain":5,"max_hp_loss":0,"event_name":"Big Fish","floor":3,"gold_loss":0},{"damage_healed":0,"gold_gain":0,"player_choice":"Fought Mushrooms","damage_taken":0,"max_hp_gain":0,"max_hp_loss":0,"event_name":"Mushrooms","floor":13,"gold_loss":0},{"cards_removed":["Strike_R"],"damage_healed":0,"gold_gain":0,"player_choice":"Gave Gold","damage_taken":0,"max_hp_gain":0,"max_hp_loss":0,"event_name":"Beggar","floor":19,"gold_loss":75},{"damage_healed":0,"gold_gain":100,"player_choice":"Pray","damage_taken":0,"max_hp_gain":0,"max_hp_loss":0,"event_name":"Golden Shrine","floor":21,"gold_loss":0},{"damage_healed":0,"gold_gain":0,"player_choice":"Copied","damage_taken":0,"max_hp_gain":0,"max_hp_loss":0,"event_name":"Duplicator","floor":47,"gold_loss":0,"cards_obtained":["Metallicize"]}],"is_beta":false,"boss_relics":[{"not_picked":["White Beast Statue","Black Star"],"picked":"Mark of Pain"},{"not_picked":["Black Blood","Runic Dome"],"picked":"Cursed Key"}],"items_purged_floors":[5,20,36],"is_endless":false,"potions_floor_spawned":[1,6,13,14,16,18,25,29,31,37,38,41,48],"ascension_level":10}