{"gold_per_floor":[10,26,26,44,54,104,104,130,130,130,160,160,171,205,205,278,278,290,16,66,66,86,86,118,118,118,118,132,167,186,197,197,271,271,290,79,98,114,128,128,153,153,177,224,258,0,28,42,42,42,42],"floor_reached":52,"playtime":1996,"items_purged":["Strike_R","Strike_R"],"score":2100,"play_id":"ed9b4d04-92ab-441c-abc2-b48670661c49","local_time":"20191017133214","is_ascension_mode":true,"campfire_choices":[{"data":"Hemokinesis","floor":7,"key":"SMITH"},{"data":"Feed","floor":10,"key":"SMITH"},{"data":"1","floor":12,"key":"LIFT"},{"data":"2","floor":15,"key":"LIFT"},{"data":"3","floor":23,"key":"LIFT"},{"data":"Apotheosis","floor":25,"key":"SMITH"},{"floor":27,"key":"REST"},{"floor":32,"key":"REST"},{"data":"Limit Break","floor":40,"key":"SMITH"},{"data":"Inflame","floor":42,"key":"SMITH"},{"floor":49,"key":"REST"}],"neow_cost":"NO_GOLD","seed_source_timestamp":232403927125600,"circlet_count":0,"master_deck":["AscendersBane","Strike_R","Strike_R","Strike_R","Defend_R","Defend_R+1","Defend_R","Defend_R","Bash","Feed+1","Hemokinesis+1","Flame Barrier","Shockwave+1","Anger","Shrug It Off","Shrug It Off","Impervious","Apotheosis+1","Inflame+1","Body Slam","Fiend Fire","Sword Boomerang","Limit Break+1","Feel No Pain","Shrug It Off","Body Slam","Metallicize","Flex+1","True Grit","Sword Boomerang+1"],"relics":["Burning Blood","CultistMask","Ancient Tea Set","Girya","War Paint","Charon\u0027s Ashes","Philosopher\u0027s Stone","Mercury Hourglass","Mummified Hand","Torii","Gambling Chip","Runic Pyramid","Paper Frog","Vajra","Bird Faced Urn","CaptainsWheel","Red Mask","Omamori"],"potions_floor_usage":[8,11,16,29,29,31,39,41,51],"damage_taken":[{"damage":7,"enemies":"Small Slimes","floor":1,"turns":4},{"damage":4,"enemies":"Cultist","floor":2,"turns":3},{"damage":8,"enemies":"2 Louse","floor":4,"turns":3},{"damage":18,"enemies":"Lots of Slimes","floor":5,"turns":5},{"damage":17,"enemies":"Lagavulin","floor":8,"turns":7},{"damage":4,"enemies":"Gremlin Nob","floor":11,"turns":2},{"damage":13,"enemies":"Exordium Thugs","floor":13,"turns":6},{"damage":24,"enemies":"Lagavulin","floor":14,"turns":9},{"damage":55,"enemies":"Hexaghost","floor":16,"turns":10},{"damage":3,"enemies":"3 Byrds","floor":18,"turns":4},{"damage":6,"enemies":"Spheric Guardian","floor":22,"turns":7},{"damage":28,"enemies":"Book of Stabbing","floor":24,"turns":6},{"damage":9,"enemies":"Chosen and Byrds","floor":28,"turns":4},{"damage":27,"enemies":"Slavers","floor":29,"turns":4},{"damage":3,"enemies":"Cultist and Chosen","floor":30,"turns":5},{"damage":11,"enemies":"Sentry and Sphere","floor":31,"turns":4},{"damage":72,"enemies":"Automaton","floor":33,"turns":11},{"damage":0,"enemies":"3 Shapes","floor":35,"turns":4},{"damage":12,"enemies":"Orb Walker","floor":37,"turns":3},{"damage":2,"enemies":"Maw","floor":38,"turns":6},{"damage":8,"enemies":"Jaw Worm Horde","floor":39,"turns":4},{"damage":60,"enemies":"Nemesis","floor":41,"turns":7},{"damage":4,"enemies":"2 Orb Walkers","floor":44,"turns":3},{"damage":37,"enemies":"Reptomancer","floor":45,"turns":4},{"damage":3,"enemies":"Giant Head","floor":47,"turns":5},{"damage":2,"enemies":"3 Darklings","floor":48,"turns":6},{"damage":40,"enemies":"Donu and Deca","floor":50,"turns":7},{"damage":20,"enemies":"Awakened One","floor":51,"turns":6}],"seed_played":"-440099212275502280","potions_obtained":[{"floor":1,"key":"LiquidMemories"},{"floor":2,"key":"ElixirPotion"},{"floor":5,"key":"Strength Potion"},{"floor":14,"key":"BloodPotion"},{"floor":24,"key":"AttackPotion"},{"floor":28,"key":"FearPotion"},{"floor":30,"key":"Swift Potion"},{"floor":33,"key":"Swift Potion"},{"floor":39,"key":"SmokeBomb"},{"floor":44,"key":"Strength Potion"}],"is_trial":false,"path_per_floor":["M","M","?","M","M","?","R","E","T","R","E","R","M","E","R","B",null,"M","$","?","T","M","R","E","R","T","R","M","E","M","M","R","B",null,"M","$","M","M","M","R","E","R","T","?","E","?","E","M","R","B","B",null],"character_chosen":"IRONCLAD","items_purchased":["Apotheosis","Shrug It Off","BloodPotion"],"campfire_rested":3,"item_purchase_floors":[19,36,36],"current_hp_per_floor":[70,75,75,76,67,67,67,56,56,56,62,62,59,45,45,15,78,85,85,85,85,89,89,67,67,67,99,100,79,86,85,119,53,103,113,113,111,115,113,113,88,88,88,90,63,63,72,86,126,98,94],"gold":42,"neow_bonus":"THREE_RARE_CARDS","is_prod":false,"is_daily":false,"chose_seed":false,"campfire_upgraded":5,"win_rate":0,"timestamp":1571344334,"path_taken":["M","M","?","?","M","?","R","E","T","R","E","R","M","E","R","BOSS","M","?","?","?","M","R","E","R","T","R","M","E","M","M","R","BOSS","M","$","M","M","M","R","E","R","T","?","E","?","E","M","R","BOSS","BOSS"],"build_version":"2019-10-17","purchased_purges":2,"victory":true,"max_hp_per_floor":[78,81,81,84,87,87,87,87,87,87,91,91,95,99,99,99,99,103,103,103,103,107,107,107,107,107,107,111,111,115,119,119,119,119,123,123,127,127,127,127,131,131,131,131,131,131,131,135,135,135,139],"card_choices":[{"not_picked":["Brutality","Bludgeon"],"picked":"Feed","floor":0},{"not_picked":["Shrug It Off","Fire Breathing"],"picked":"Hemokinesis","floor":1},{"not_picked":["Metallicize","Pommel Strike"],"picked":"Flame Barrier","floor":2},{"not_picked":["Perfected Strike","Heavy Blade","Bloodletting"],"picked":"SKIP","floor":4},{"not_picked":["Havoc","Twin Strike"],"picked":"Shockwave","floor":5},{"not_picked":["Sword Boomerang","Hemokinesis"],"picked":"Anger","floor":8},{"not_picked":["Perfected Strike","Carnage","Blood for Blood"],"picked":"SKIP","floor":11},{"not_picked":["Burning Pact","Clash"],"picked":"Shrug It Off","floor":13},{"not_picked":["Corruption","Twin Strike"],"picked":"Shrug It Off","floor":14},{"not_picked":["Double Tap","Bludgeon"],"picked":"Impervious","floor":16},{"not_picked":["Cleave","Perfected Strike","Shockwave+1"],"picked":"SKIP","floor":18},{"not_picked":["Pommel Strike","Thunderclap","Warcry"],"picked":"SKIP","floor":22},{"not_picked":["Intimidate","Evolve"],"picked":"Inflame","floor":24},{"not_picked":["Pommel Strike","Perfected Strike+1"],"picked":"Body Slam","floor":28},{"not_picked":["Cleave","Perfected Strike"],"picked":"Fiend Fire","floor":29},{"not_picked":["Wild Strike","Searing Blow","Warcry"],"picked":"SKIP","floor":30},{"not_picked":["Warcry","Twin Strike"],"picked":"Sword Boomerang","floor":31},{"not_picked":["Demon Form","Reaper"],"picked":"Limit Break","floor":33},{"not_picked":["Perfected Strike+1","Power Through"],"picked":"Feel No Pain","floor":35},{"not_picked":["Rampage","Iron Wave"],"picked":"Body Slam","floor":37},{"not_picked":["Sentinel","Sever Soul","Metallicize"],"picked":"SKIP","floor":38},{"not_picked":["Sentinel","Sever Soul"],"picked":"Metallicize","floor":38},{"not_picked":["Warcry","Thunderclap"],"picked":"Flex+1","floor":39},{"not_picked":["Wild Strike+1","Double Tap","Sword Boomerang"],"picked":"SKIP","floor":41},{"not_picked":["Dropkick+1","Blood for Blood+1","Flex"],"picked":"SKIP","floor":45},{"not_picked":["Double Tap","Flex"],"picked":"True Grit","floor":47},{"not_picked":["Body Slam","Iron Wave","Sword Boomerang+1"],"picked":"SKIP","floor":48},{"not_picked":["Body Slam","Iron Wave"],"picked":"Sword Boomerang+1","floor":48}],"player_experience":1618245,"relics_obtained":[{"floor":8,"key":"Ancient Tea Set"},{"floor":9,"key":"Girya"},{"floor":11,"key":"War Paint"},{"floor":14,"key":"Charon\u0027s Ashes"},{"floor":21,"key":"Mercury Hourglass"},{"floor":24,"key":"Mummified Hand"},{"floor":26,"key":"Torii"},{"floor":29,"key":"Gambling Chip"},{"floor":41,"key":"Paper Frog"},{"floor":43,"key":"Vajra"},{"floor":44,"key":"Bird Faced Urn"},{"floor":45,"key":"CaptainsWheel"},{"floor":47,"key":"Omamori"}],"event_choices":[{"damage_healed":0,"gold_gain":0,"player_choice":"Trade","damage_taken":0,"relics_obtained":["CultistMask"],"max_hp_gain":0,"max_hp_loss":0,"event_name":"FaceTrader","floor":3,"gold_loss":0},{"damage_healed":0,"gold_gain":50,"player_choice":"Pray","damage_taken":0,"max_hp_gain":0,"max_hp_loss":0,"event_name":"Golden Shrine","floor":6,"gold_loss":0},{"damage_healed":0,"gold_gain":50,"player_choice":"Stole From Cult","damage_taken":0,"max_hp_gain":0,"max_hp_loss":0,"event_name":"Nest","floor":20,"gold_loss":0},{"damage_healed":0,"gold_gain":0,"player_choice":"Fight","damage_taken":0,"max_hp_gain":0,"max_hp_loss":0,"event_name":"Mysterious Sphere","floor":44,"gold_loss":0},{"damage_healed":0,"gold_gain":0,"player_choice":"Paid","damage_taken":0,"relics_obtained":["Red Mask"],"max_hp_gain":0,"max_hp_loss":0,"event_name":"Tomb of Lord Red Mask","floor":46,"gold_loss":258}],"is_beta":true,"boss_relics":[{"not_picked":["Astrolabe","SacredBark"],"picked":"Philosopher\u0027s Stone"},{"not_picked":["Pandora\u0027s Box","Fusion Hammer"],"picked":"Runic Pyramid"}],"items_purged_floors":[19,36],"is_endless":false,"potions_floor_spawned":[1,2,5,14,24,28,30,33,39,44,47],"ascension_level":20}