{"gold_per_floor":[114,131,45,45,45,45,60,91,116,129,164,178,178,198,198,275,275,293,293,293,310,320,320,347,347,347,347,362,11,111,121,121,121],"floor_reached":33,"playtime":1085,"items_purged":["Strike_R+1"],"score":554,"play_id":"a939a408-d784-4b3c-8d4a-aaf973feeb67","local_time":"20191002111800","is_ascension_mode":true,"campfire_choices":[{"data":"Fire Breathing","floor":6,"key":"SMITH"},{"data":"True Grit","floor":13,"key":"SMITH"},{"data":"Brutality","floor":15,"key":"SMITH"},{"data":"Immolate","floor":23,"key":"SMITH"},{"data":"Fiend Fire","floor":27,"key":"SMITH"},{"floor":32,"key":"REST"}],"neow_cost":"NONE","seed_source_timestamp":75670659923400,"circlet_count":0,"master_deck":["AscendersBane","Strike_R+1","Strike_R+1","Strike_R+1","Strike_R+1","Defend_R+1","Defend_R+1","Defend_R+1","Defend_R+1","Bash","Fire Breathing+1","Sword Boomerang","Uppercut+1","True Grit+1","Headbutt","Brutality+1","Shrug It Off","Immolate+1","Shrug It Off+1","Reckless Charge","Metallicize+1","Fiend Fire+1"],"relics":["Burning Blood","Pen Nib","Anchor","Torii","Bag of Preparation","Centennial Puzzle","Sozu","Dodecahedron","Dream Catcher","Pear","Ice Cream","Eternal Feather"],"potions_floor_usage":[8,11,11,16,30],"damage_taken":[{"damage":2,"enemies":"Cultist","floor":1,"turns":4},{"damage":10,"enemies":"2 Louse","floor":2,"turns":2},{"damage":7,"enemies":"Small Slimes","floor":7,"turns":3},{"damage":30,"enemies":"Lagavulin","floor":8,"turns":7},{"damage":0,"enemies":"Red Slaver","floor":10,"turns":2},{"damage":6,"enemies":"Gremlin Nob","floor":11,"turns":3},{"damage":0,"enemies":"2 Fungi Beasts","floor":12,"turns":2},{"damage":10,"enemies":"Large Slime","floor":14,"turns":4},{"damage":21,"enemies":"The Guardian","floor":16,"turns":15},{"damage":14,"enemies":"2 Thieves","floor":18,"turns":3},{"damage":6,"enemies":"Shell Parasite","floor":21,"turns":7},{"damage":4,"enemies":"Cultist and Chosen","floor":22,"turns":4},{"damage":16,"enemies":"Gremlin Leader","floor":24,"turns":5},{"damage":14,"enemies":"Snake Plant","floor":28,"turns":2},{"damage":22,"enemies":"Colosseum Slavers","floor":30,"turns":4},{"damage":8,"enemies":"Colosseum Nobs","floor":30,"turns":3},{"damage":4,"enemies":"Chosen and Byrds","floor":31,"turns":4},{"damage":72,"enemies":"Collector","floor":33,"turns":7}],"seed_played":"8087599701488615795","potions_obtained":[{"floor":1,"key":"Weak Potion"},{"floor":7,"key":"Explosive Potion"},{"floor":8,"key":"Fire Potion"},{"floor":11,"key":"Dexterity Potion"},{"floor":12,"key":"FearPotion"}],"is_trial":false,"path_per_floor":["M","M","$","?","?","R","M","E","T","M","E","M","R","M","R","B",null,"M","?","?","M","M","R","E","?","T","R","M","$","?","M","R","B"],"character_chosen":"IRONCLAD","items_purchased":["Uppercut","Pear"],"campfire_rested":1,"item_purchase_floors":[3,29],"current_hp_per_floor":[72,68,68,68,68,68,67,43,43,49,49,55,55,51,51,36,65,57,57,57,57,59,59,49,49,49,49,41,51,33,35,72,0],"gold":121,"neow_bonus":"RANDOM_COMMON_RELIC","is_prod":false,"is_daily":false,"chose_seed":false,"campfire_upgraded":5,"win_rate":0,"timestamp":1570040280,"path_taken":["M","?","$","?","?","R","M","E","T","M","E","M","R","M","R","BOSS","M","?","?","M","M","R","E","?","T","R","M","?","?","M","R","BOSS"],"build_version":"2019-10-01","purchased_purges":1,"victory":false,"max_hp_per_floor":[75,75,75,75,75,75,75,75,75,75,75,75,75,75,75,75,75,75,75,75,75,75,75,75,75,75,75,75,85,85,85,85,85],"card_choices":[{"not_picked":["Ghostly Armor","Shockwave"],"picked":"Fire Breathing","floor":1},{"not_picked":["Flex","True Grit"],"picked":"Sword Boomerang","floor":2},{"not_picked":["Entrench","Iron Wave","Whirlwind"],"picked":"SKIP","floor":7},{"not_picked":["Thunderclap","Iron Wave"],"picked":"True Grit","floor":8},{"not_picked":["Iron Wave","Fire Breathing"],"picked":"Headbutt","floor":10},{"not_picked":["Armaments","Twin Strike"],"picked":"Brutality","floor":11},{"not_picked":["Cleave","Warcry"],"picked":"Shrug It Off","floor":12},{"not_picked":["Uppercut","Flex","Iron Wave"],"picked":"SKIP","floor":14},{"not_picked":["Juggernaut","Demon Form"],"picked":"Immolate","floor":16},{"not_picked":["Perfected Strike","Ghostly Armor"],"picked":"Shrug It Off+1","floor":18},{"not_picked":["Whirlwind","Reckless Charge","Iron Wave"],"picked":"SKIP","floor":21},{"not_picked":["Whirlwind","Iron Wave"],"picked":"Reckless Charge","floor":21},{"not_picked":["Iron Wave","Armaments"],"picked":"Metallicize+1","floor":22},{"not_picked":["Warcry","Flex"],"picked":"Fiend Fire","floor":24},{"not_picked":["Pummel","Pommel Strike","Clothesline"],"picked":"SKIP","floor":28},{"not_picked":["Havoc","Armaments","Heavy Blade"],"picked":"SKIP","floor":31}],"player_experience":1190440,"relics_obtained":[{"floor":5,"key":"Anchor"},{"floor":8,"key":"Torii"},{"floor":9,"key":"Bag of Preparation"},{"floor":11,"key":"Centennial Puzzle"},{"floor":24,"key":"Dodecahedron"},{"floor":26,"key":"Dream Catcher"},{"floor":30,"key":"Ice Cream"},{"floor":30,"key":"Eternal Feather"}],"event_choices":[{"damage_healed":0,"gold_gain":0,"player_choice":"Grow","damage_taken":0,"max_hp_gain":0,"max_hp_loss":0,"event_name":"Living Wall","floor":4,"gold_loss":0,"cards_upgraded":["Uppercut"]},{"damage_healed":0,"gold_gain":0,"player_choice":"Relic","damage_taken":0,"max_hp_gain":0,"max_hp_loss":0,"event_name":"Wheel of Change","floor":5,"gold_loss":0},{"damage_healed":0,"gold_gain":0,"player_choice":"Simplicity","damage_taken":0,"max_hp_gain":0,"max_hp_loss":0,"event_name":"Back to Basics","floor":19,"gold_loss":0,"cards_upgraded":["Strike_R","Strike_R","Strike_R","Strike_R","Strike_R","Defend_R","Defend_R","Defend_R","Defend_R"]},{"damage_healed":0,"gold_gain":0,"player_choice":"Ignored","damage_taken":0,"max_hp_gain":0,"max_hp_loss":0,"event_name":"Ghosts","floor":20,"gold_loss":0},{"damage_healed":0,"gold_gain":0,"player_choice":"Ignored","damage_taken":0,"max_hp_gain":0,"max_hp_loss":0,"event_name":"Vampires","floor":25,"gold_loss":0},{"damage_healed":0,"gold_gain":0,"player_choice":"Fight","damage_taken":0,"max_hp_gain":0,"max_hp_loss":0,"event_name":"Colosseum","floor":30,"gold_loss":0},{"damage_healed":0,"gold_gain":0,"player_choice":"Fought Nobs","damage_taken":0,"max_hp_gain":0,"max_hp_loss":0,"event_name":"Colosseum","floor":30,"gold_loss":0}],"is_beta":true,"boss_relics":[{"not_picked":["Runic Cube","Astrolabe"],"picked":"Sozu"}],"items_purged_floors":[29],"is_endless":false,"potions_floor_spawned":[1,7,8,11,12,21,22,28,31],"killed_by":"Collector","ascension_level":20}