{"gold_per_floor":[109,109,34,34,50,50,79,79,79,89,89,102,102,155,155,250,250,269,269,288,288,288,322,332,332,332,361,361,376,475,492,492,492],"floor_reached":33,"playtime":1246,"items_purged":["Regret"],"score":339,"play_id":"867aeef8-ed1c-48aa-b04a-6f531f3521c4","local_time":"20191015161535","is_ascension_mode":true,"campfire_choices":[{"data":"Seeing Red","floor":6,"key":"SMITH"},{"data":"Shockwave","floor":11,"key":"SMITH"},{"data":"Inflame","floor":13,"key":"SMITH"},{"data":"Berserk","floor":15,"key":"SMITH"},{"data":"Seeing Red","floor":25,"key":"SMITH"},{"floor":28,"key":"REST"},{"floor":32,"key":"REST"}],"neow_cost":"NONE","seed_source_timestamp":2565281242402413,"circlet_count":0,"master_deck":["Bash","Uppercut","Anger","Armaments","Battle Trance","Metallicize","Sword Boomerang","Seeing Red+1","Flame Barrier+1","Inflame+1","Sever Soul","Immolate","Berserk+1","Shockwave+1","Headbutt","Reaper","Ghostly Armor","Seeing Red+1","Thunderclap","Twin Strike+1","Ghostly Armor+1","Juggernaut","Carnage+1","Corruption"],"relics":["Pandora\u0027s Box","Ancient Tea Set","Art of War","Bronze Scales","Sozu","Blue Candle","Toxic Egg 2","The Courier","Boot"],"potions_floor_usage":[23,24,27],"damage_taken":[{"damage":0,"enemies":"Small Slimes","floor":1,"turns":3},{"damage":0,"enemies":"Jaw Worm","floor":5,"turns":3},{"damage":0,"enemies":"Gremlin Nob","floor":7,"turns":3},{"damage":1,"enemies":"Cultist","floor":10,"turns":3},{"damage":0,"enemies":"Large Slime","floor":12,"turns":3},{"damage":14,"enemies":"The Guardian","floor":16,"turns":5},{"damage":8,"enemies":"Chosen","floor":18,"turns":3},{"damage":8,"enemies":"Spheric Guardian","floor":20,"turns":3},{"damage":24,"enemies":"Gremlin Leader","floor":23,"turns":5},{"damage":15,"enemies":"Snake Plant","floor":24,"turns":2},{"damage":40,"enemies":"Book of Stabbing","floor":27,"turns":4},{"damage":8,"enemies":"Sentry and Sphere","floor":29,"turns":4},{"damage":12,"enemies":"Chosen and Byrds","floor":31,"turns":5},{"damage":53,"enemies":"Automaton","floor":33,"turns":6}],"seed_played":"-8104665670518594908","potions_obtained":[{"floor":1,"key":"Weak Potion"},{"floor":5,"key":"AttackPotion"},{"floor":10,"key":"Poison Potion"}],"is_trial":false,"path_per_floor":["M","?","$","?","M","R","E","?","T","M","R","M","R","T","R","B",null,"M","?","M","?","T","E","M","R","T","E","R","M","?","M","R","B"],"character_chosen":"IRONCLAD","items_purchased":[],"campfire_rested":2,"item_purchase_floors":[],"current_hp_per_floor":[80,80,80,80,80,80,80,80,80,79,79,79,79,79,79,65,80,80,80,72,72,72,56,41,41,41,1,25,21,21,29,53,0],"gold":492,"neow_bonus":"BOSS_RELIC","is_prod":false,"is_daily":false,"chose_seed":false,"campfire_upgraded":5,"win_rate":0,"timestamp":1571152535,"path_taken":["M","?","?","?","?","R","E","?","T","M","R","M","R","?","R","BOSS","M","?","M","?","?","E","M","R","T","E","R","M","?","M","R","BOSS"],"build_version":"2019-09-09v2","purchased_purges":1,"victory":false,"max_hp_per_floor":[80,80,80,80,80,80,80,80,80,80,80,80,80,80,80,80,80,80,80,80,80,80,80,80,80,80,80,80,80,80,80,80,80],"card_choices":[{"not_picked":["Intimidate","Warcry"],"picked":"Inflame","floor":1},{"not_picked":["Anger","Intimidate"],"picked":"Sever Soul","floor":5},{"not_picked":["Wild Strike","Armaments"],"picked":"Immolate","floor":7},{"not_picked":["Dropkick","Flex"],"picked":"Shockwave","floor":10},{"not_picked":["Shrug It Off","Searing Blow"],"picked":"Headbutt","floor":12},{"not_picked":["Impervious","Dark Embrace"],"picked":"Reaper","floor":16},{"not_picked":["Disarm+1","Anger"],"picked":"Ghostly Armor","floor":18},{"not_picked":["Havoc+1","Armaments"],"picked":"Thunderclap","floor":20},{"not_picked":["True Grit+1","Bloodletting"],"picked":"Twin Strike+1","floor":23},{"not_picked":["Pommel Strike","Anger"],"picked":"Ghostly Armor+1","floor":24},{"not_picked":["Clash","Pommel Strike"],"picked":"Juggernaut","floor":27},{"not_picked":["Anger","Pommel Strike"],"picked":"Carnage+1","floor":29},{"not_picked":["Sword Boomerang","Wild Strike"],"picked":"Corruption","floor":31}],"player_experience":216615,"relics_obtained":[{"floor":7,"key":"Art of War"},{"floor":14,"key":"Bronze Scales"},{"floor":22,"key":"Blue Candle"},{"floor":23,"key":"Toxic Egg 2"},{"floor":26,"key":"The Courier"},{"floor":27,"key":"Boot"}],"event_choices":[{"damage_healed":0,"gold_gain":0,"player_choice":"Box","damage_taken":0,"relics_obtained":["Ancient Tea Set"],"max_hp_gain":0,"max_hp_loss":0,"event_name":"Big Fish","floor":2,"gold_loss":0,"cards_obtained":["Regret"]},{"damage_healed":0,"gold_gain":0,"player_choice":"Forge","damage_taken":0,"max_hp_gain":0,"max_hp_loss":0,"event_name":"Accursed Blacksmith","floor":4,"gold_loss":0,"cards_upgraded":["Flame Barrier"]},{"damage_healed":0,"gold_gain":0,"cards_transformed":["Evolve"],"player_choice":"Change","damage_taken":0,"max_hp_gain":0,"max_hp_loss":0,"event_name":"Living Wall","floor":8,"gold_loss":0,"cards_obtained":["Berserk"]},{"damage_healed":0,"gold_gain":0,"player_choice":"Read","damage_taken":0,"max_hp_gain":0,"max_hp_loss":0,"event_name":"The Library","floor":19,"gold_loss":0,"cards_obtained":["Seeing Red"]},{"damage_healed":0,"gold_gain":0,"player_choice":"Ignored","damage_taken":0,"max_hp_gain":0,"max_hp_loss":0,"event_name":"Vampires","floor":21,"gold_loss":0},{"damage_healed":0,"gold_gain":99,"player_choice":"Stole From Cult","damage_taken":0,"max_hp_gain":0,"max_hp_loss":0,"event_name":"Nest","floor":30,"gold_loss":0}],"is_beta":true,"boss_relics":[{"not_picked":["Fusion Hammer","Runic Pyramid"],"picked":"Sozu"}],"items_purged_floors":[3],"is_endless":false,"potions_floor_spawned":[1,5,10,16,18,24,27,31],"killed_by":"Automaton","ascension_level":2}