{"gold_per_floor":[215,227,227,72,72,103,103,138,138,153,170,170,54,68,68,68],"floor_reached":16,"playtime":315,"items_purged":["Strike_R"],"score":220,"play_id":"2842da35-655e-4085-9b4f-9afaaafd99f5","local_time":"20191003165836","is_ascension_mode":true,"campfire_choices":[{"floor":7.0,"key":"REST"},{"data":"Immolate","floor":12.0,"key":"SMITH"},{"floor":15.0,"key":"REST"}],"neow_cost":"NONE","seed_source_timestamp":0,"circlet_count":0,"master_deck":["AscendersBane","Strike_R","Strike_R","Strike_R","Strike_R","Defend_R","Defend_R","Defend_R","Defend_R","Bash","Sword Boomerang","Headbutt","Immolate+1","Anger","Battle Trance","Metallicize+1","Reaper"],"special_seed":0,"relics":["Burning Blood","Frozen Egg 2","Singing Bowl","Matryoshka"],"potions_floor_usage":[],"damage_taken":[{"damage":7.0,"enemies":"Cultist","floor":1.0,"turns":4.0},{"damage":19.0,"enemies":"Jaw Worm","floor":2.0,"turns":4.0},{"damage":54.0,"enemies":"Lagavulin","floor":6.0,"turns":8.0},{"damage":30.0,"enemies":"3 Sentries","floor":8.0,"turns":4.0},{"damage":3.0,"enemies":"2 Louse","floor":10.0,"turns":2.0},{"damage":12.0,"enemies":"Exordium Wildlife","floor":11.0,"turns":2.0},{"damage":1.0,"enemies":"Looter","floor":14.0,"turns":3.0},{"damage":0,"enemies":"The Guardian","floor":16,"turns":2}],"seed_played":"3121375703876040803","potions_obtained":[{"floor":2.0,"key":"HeartOfIron"},{"floor":8.0,"key":"FearPotion"},{"floor":11.0,"key":"DuplicationPotion"}],"is_trial":false,"path_per_floor":["M","M","?","$","?","E","R","E","T","M","M","R","$","M","R","B"],"character_chosen":"IRONCLAD","items_purchased":["Immolate","Metallicize+1"],"campfire_rested":2,"item_purchase_floors":[4,13],"current_hp_per_floor":[67,54,75,75,64,16,38,16,16,21,15,15,15,20,43,43],"gold":68,"neow_bonus":"HUNDRED_GOLD","is_prod":false,"is_daily":false,"chose_seed":false,"campfire_upgraded":1,"win_rate":0,"timestamp":1570147116,"path_taken":["M","M","?","$","?","E","R","E","T","M","?","R","$","?","R","BOSS"],"build_version":"2019-10-03","purchased_purges":1,"victory":false,"max_hp_per_floor":[75,75,75,75,75,75,75,77,77,79,79,79,79,79,79,79],"card_choices":[{"not_picked":["Heavy Blade","Havoc"],"picked":"Sword Boomerang","floor":1.0},{"not_picked":["Pommel Strike","Body Slam"],"picked":"Headbutt","floor":2.0},{"not_picked":["Bloodletting","Perfected Strike"],"picked":"Anger","floor":6.0},{"not_picked":["Bludgeon","Warcry","Clothesline"],"picked":"Singing Bowl","floor":8.0},{"not_picked":["Fire Breathing+1","Perfected Strike","Iron Wave"],"picked":"Singing Bowl","floor":10.0},{"not_picked":["Dropkick","Thunderclap"],"picked":"Battle Trance","floor":11.0},{"not_picked":["Heavy Blade","Dual Wield"],"picked":"Reaper","floor":14.0}],"player_experience":1219222,"relics_obtained":[{"floor":6.0,"key":"Frozen Egg 2"},{"floor":8.0,"key":"Singing Bowl"},{"floor":9.0,"key":"Matryoshka"}],"event_choices":[{"damage_healed":25.0,"max_hp_gain":0.0,"max_hp_loss":0.0,"gold_gain":0.0,"event_name":"Big Fish","player_choice":"Banana","floor":3.0,"gold_loss":0.0,"damage_taken":0.0},{"damage_healed":0.0,"max_hp_gain":0.0,"max_hp_loss":0.0,"gold_gain":0.0,"event_name":"Wheel of Change","player_choice":"Damaged","floor":5.0,"gold_loss":0.0,"damage_taken":11.0}],"is_beta":true,"boss_relics":[],"items_purged_floors":[13],"is_endless":false,"potions_floor_spawned":[2,8,11],"killed_by":"The Guardian","ascension_level":20}