{"gold_per_floor":[110,110,126,137,69,102,122,148,171,185,110,110,110,124,124,222,222,236,286,140,155,173,173,207,207,254,254,129,160,160,174,174,174],"floor_reached":33,"playtime":1757,"items_purged":["Strike_B","Defend_B","Strike_B"],"score":325,"play_id":"1389344a-1d2a-4cf2-81a3-60408417e637","local_time":"20190913220503","is_ascension_mode":true,"campfire_choices":[{"floor":12,"key":"REST"},{"data":"Dualcast","floor":15,"key":"SMITH"},{"data":"Rainbow","floor":23,"key":"SMITH"},{"floor":25,"key":"REST"},{"data":"Zap","floor":27,"key":"SMITH"},{"floor":32,"key":"REST"}],"neow_cost":"PERCENT_DAMAGE","seed_source_timestamp":122591686017100,"circlet_count":0,"master_deck":["Strike_B+1","Defend_B","Defend_B","Defend_B","Zap+1","Dualcast+1","Doom and Gloom","Defragment","Compile Driver","Defragment","Lockon","Defragment+1","Sunder","Ball Lightning","Aggregate","Rainbow+1","Leap","Turbo+1","Skim+1","Lockon+1","Clumsy","Glacier","Redo"],"relics":["Cracked Core","Blue Candle","Vajra","Oddly Smooth Stone","Cursed Key","Bag of Marbles","Centennial Puzzle","Frozen Egg 2","Smiling Mask"],"potions_floor_usage":[7,16,16,24,33,33],"damage_taken":[{"damage":3,"enemies":"2 Louse","floor":1,"turns":2},{"damage":6,"enemies":"Cultist","floor":3,"turns":4},{"damage":0,"enemies":"Small Slimes","floor":4,"turns":3},{"damage":20,"enemies":"Gremlin Nob","floor":6,"turns":4},{"damage":0,"enemies":"Looter","floor":7,"turns":2},{"damage":34,"enemies":"3 Sentries","floor":8,"turns":6},{"damage":0,"enemies":"Lots of Slimes","floor":10,"turns":1},{"damage":0,"enemies":"2 Fungi Beasts","floor":14,"turns":2},{"damage":2,"enemies":"Hexaghost","floor":16,"turns":7},{"damage":5,"enemies":"Spheric Guardian","floor":18,"turns":3},{"damage":18,"enemies":"Shell Parasite","floor":21,"turns":4},{"damage":27,"enemies":"Centurion and Healer","floor":22,"turns":6},{"damage":30,"enemies":"Gremlin Leader","floor":24,"turns":4},{"damage":19,"enemies":"Book of Stabbing","floor":29,"turns":3},{"damage":8,"enemies":"3 Cultists","floor":31,"turns":4},{"damage":69,"enemies":"Automaton","floor":33,"turns":6}],"seed_played":"8468401588313293019","potions_obtained":[{"floor":3,"key":"Energy Potion"},{"floor":8,"key":"FocusPotion"},{"floor":10,"key":"Weak Potion"},{"floor":16,"key":"FearPotion"},{"floor":18,"key":"Block Potion"},{"floor":21,"key":"FocusPotion"}],"is_trial":false,"path_per_floor":["M","?","M","M","$","E","M","E","T","M","$","R","?","M","R","B",null,"M","?","$","M","M","R","E","R","T","R","$","E","?","M","R","B"],"character_chosen":"DEFECT","items_purchased":["Defragment","Leap"],"campfire_rested":3,"item_purchase_floors":[5,20],"current_hp_per_floor":[65,65,59,59,59,39,39,5,5,5,5,31,13,13,13,11,89,84,84,84,66,39,39,9,35,35,35,35,16,16,8,34,0],"gold":174,"neow_bonus":"TWENTY_PERCENT_HP_BONUS","is_prod":false,"is_daily":false,"chose_seed":false,"campfire_upgraded":3,"win_rate":0,"timestamp":1568405103,"path_taken":["M","?","M","M","$","E","?","E","T","M","$","R","?","M","R","BOSS","M","?","$","?","M","R","E","R","T","R","$","E","?","M","R","BOSS"],"build_version":"2019-07-17","purchased_purges":3,"victory":false,"max_hp_per_floor":[89,89,89,89,89,89,89,89,89,89,89,89,89,89,89,89,89,89,89,89,89,89,89,89,89,89,89,89,89,89,89,89,89],"card_choices":[{"not_picked":["Compile Driver","Rebound"],"picked":"Doom and Gloom","floor":1},{"not_picked":["Reinforced Body","Fusion"],"picked":"Defragment","floor":3},{"not_picked":["Cold Snap","Streamline"],"picked":"Compile Driver","floor":4},{"not_picked":["Barrage","Aggregate"],"picked":"Lockon","floor":6},{"not_picked":["Cold Snap","Hello World"],"picked":"Defragment","floor":7},{"not_picked":["Hello World","Chill"],"picked":"Sunder","floor":8},{"not_picked":["Fusion","Reprogram"],"picked":"Ball Lightning","floor":10},{"not_picked":["Hello World","Conserve Battery"],"picked":"Aggregate","floor":14},{"not_picked":["Fission","Hyperbeam"],"picked":"Rainbow","floor":16},{"not_picked":["Barrage","Beam Cell","Rebound+1"],"picked":"SKIP","floor":18},{"not_picked":["Beam Cell","Darkness"],"picked":"Turbo+1","floor":21},{"not_picked":["BootSequence+1","Stack+1"],"picked":"Skim+1","floor":22},{"not_picked":["White Noise","Thunder Strike"],"picked":"Lockon+1","floor":24},{"not_picked":["Redo","Turbo+1"],"picked":"Glacier","floor":29},{"not_picked":["Go for the Eyes","Barrage"],"picked":"Redo","floor":31}],"player_experience":99147,"relics_obtained":[{"floor":6,"key":"Blue Candle"},{"floor":8,"key":"Vajra"},{"floor":9,"key":"Oddly Smooth Stone"},{"floor":24,"key":"Bag of Marbles"},{"floor":26,"key":"Centennial Puzzle"},{"floor":29,"key":"Frozen Egg 2"}],"event_choices":[{"cards_removed":["Strike_B"],"damage_healed":0,"gold_gain":0,"player_choice":"Purged","damage_taken":0,"max_hp_gain":0,"max_hp_loss":0,"event_name":"Purifier","floor":2,"gold_loss":0},{"damage_healed":0,"gold_gain":0,"player_choice":"Entered Light","damage_taken":18,"max_hp_gain":0,"max_hp_loss":0,"event_name":"Shining Light","floor":13,"gold_loss":0,"cards_upgraded":["Defragment","Strike_B"]},{"damage_healed":0,"gold_gain":100,"player_choice":"Bet on Murderer","damage_taken":0,"max_hp_gain":0,"max_hp_loss":0,"event_name":"The Joust","floor":19,"gold_loss":50},{"damage_healed":0,"gold_gain":0,"player_choice":"Opened","damage_taken":0,"relics_obtained":["Smiling Mask"],"max_hp_gain":0,"max_hp_loss":0,"event_name":"The Mausoleum","floor":30,"gold_loss":0}],"is_beta":false,"boss_relics":[{"not_picked":["Philosopher\u0027s Stone","White Beast Statue"],"picked":"Cursed Key"}],"items_purged_floors":[11,20,28],"is_endless":false,"potions_floor_spawned":[3,8,10,16,18,21],"killed_by":"Automaton","ascension_level":2}