{"gold_per_floor":[113,130,149,149,165,165,198,198,252,262,275,294,314,325,325,325],"floor_reached":16,"playtime":2662,"items_purged":[],"score":108,"play_id":"ef27bc04-780d-4c71-b943-aa15cce93b99","local_time":"20190909215721","is_ascension_mode":false,"campfire_choices":[{"floor":6,"key":"REST"},{"floor":15,"key":"REST"}],"neow_cost":"","seed_source_timestamp":1433562270994900,"circlet_count":0,"master_deck":["Strike_R","Strike_R","Strike_R","Strike_R","Strike_R","Defend_R","Defend_R","Defend_R","Defend_R","Bash","Sword Boomerang","Headbutt","Body Slam","Warcry","Sever Soul","Reckless Charge","Clash","Iron Wave","Reaper","Clash"],"relics":["Burning Blood","Pear","PreservedInsect","Centennial Puzzle"],"potions_floor_usage":[16,16,16],"damage_taken":[{"damage":1,"enemies":"Cultist","floor":1,"turns":3},{"damage":0,"enemies":"Small Slimes","floor":2,"turns":3},{"damage":15,"enemies":"Jaw Worm","floor":3,"turns":4},{"damage":19,"enemies":"Blue Slaver","floor":5,"turns":3},{"damage":54,"enemies":"Lagavulin","floor":7,"turns":6},{"damage":23,"enemies":"Large Slime","floor":10,"turns":7},{"damage":10,"enemies":"Lots of Slimes","floor":11,"turns":4},{"damage":4,"enemies":"2 Fungi Beasts","floor":12,"turns":2},{"damage":13,"enemies":"Red Slaver","floor":13,"turns":3},{"damage":1,"enemies":"Exordium Wildlife","floor":14,"turns":4},{"damage":58,"enemies":"The Guardian","floor":16,"turns":8}],"seed_played":"-867086846577620940","potions_obtained":[{"floor":2,"key":"SmokeBomb"},{"floor":3,"key":"SneckoOil"},{"floor":10,"key":"SkillPotion"},{"floor":11,"key":"Explosive Potion"},{"floor":14,"key":"Explosive Potion"}],"is_trial":false,"path_per_floor":["M","M","M","?","M","R","E","?","T","M","M","M","M","M","R","B"],"character_chosen":"IRONCLAD","items_purchased":[],"campfire_rested":2,"item_purchase_floors":[],"current_hp_per_floor":[80,80,71,78,65,90,42,42,42,25,21,23,16,24,51,0],"gold":325,"neow_bonus":"","is_prod":false,"is_daily":false,"chose_seed":false,"campfire_upgraded":0,"win_rate":0.0,"timestamp":1568059041,"path_taken":["M","M","M","?","M","R","E","?","T","M","M","M","M","M","R","BOSS"],"build_version":"2019-07-17","purchased_purges":0,"victory":false,"max_hp_per_floor":[80,80,80,90,90,90,90,90,90,90,90,90,90,90,90,90],"card_choices":[{"not_picked":["True Grit","Fire Breathing"],"picked":"Sword Boomerang","floor":1},{"not_picked":["Sword Boomerang","Searing Blow"],"picked":"Headbutt","floor":2},{"not_picked":["Perfected Strike","Armaments"],"picked":"Body Slam","floor":3},{"not_picked":["Sword Boomerang","Perfected Strike"],"picked":"Warcry","floor":5},{"not_picked":["Thunderclap","Dual Wield"],"picked":"Sever Soul","floor":7},{"not_picked":["Battle Trance","Flex"],"picked":"Reckless Charge","floor":10},{"not_picked":["Second Wind","Corruption"],"picked":"Clash","floor":11},{"not_picked":["Cleave","Headbutt"],"picked":"Iron Wave","floor":12},{"not_picked":["Power Through","Twin Strike"],"picked":"Reaper","floor":13},{"not_picked":["Rage","Infernal Blade"],"picked":"Clash","floor":14}],"player_experience":0,"relics_obtained":[{"floor":7,"key":"PreservedInsect"},{"floor":9,"key":"Centennial Puzzle"}],"event_choices":[{"damage_healed":0,"gold_gain":0,"player_choice":"Success","damage_taken":3,"relics_obtained":["Pear"],"max_hp_gain":0,"max_hp_loss":0,"event_name":"Scrap Ooze","floor":4,"gold_loss":0},{"damage_healed":0,"gold_gain":0,"player_choice":"Ignored","damage_taken":0,"max_hp_gain":0,"max_hp_loss":0,"event_name":"Liars Game","floor":8,"gold_loss":0}],"is_beta":false,"boss_relics":[],"items_purged_floors":[],"is_endless":false,"potions_floor_spawned":[2,3,10,11,14],"killed_by":"The Guardian","ascension_level":0}