{"gold_per_floor":[118,131,56,69,79,110,130,149,149,149,159,186,186,186,186,284,284,224,240,312,327,27,27,53,53,77,77,77,77,88,107,107,206,206,222,222,222,222,239,269,269],"floor_reached":41,"playtime":3545,"items_purged":["Strike_G","Strike_G"],"score":521,"play_id":"a0697635-0302-42c1-8685-473f20d5b3ce","local_time":"20190625184234","is_ascension_mode":true,"campfire_choices":[{"floor":10.0,"key":"REST"},{"floor":15.0,"key":"REST"},{"data":"Neutralize","floor":23.0,"key":"SMITH"},{"data":"Footwork","floor":25.0,"key":"SMITH"},{"floor":28.0,"key":"REST"},{"floor":32.0,"key":"REST"}],"neow_cost":"NONE","seed_source_timestamp":0,"circlet_count":0,"master_deck":["Defend_G","Defend_G","Defend_G","Defend_G","Defend_G","Strike_G","Survivor","Neutralize+1","Backflip","Blur","Footwork+1","Noxious Fumes+1","Prepared","Footwork","Outmaneuver+1","Madness","Madness","Well Laid Plans"],"special_seed":0,"relics":["Ring of the Serpent","Pen Nib","Letter Opener","Centennial Puzzle","Bottled Lightning","TheAbacus","Vajra","Dream Catcher","Cursed Key","Dodecahedron"],"potions_floor_usage":[40,40,40],"damage_taken":[{"damage":6.0,"enemies":"Cultist","floor":1.0,"turns":5.0},{"damage":1.0,"enemies":"Small Slimes","floor":2.0,"turns":4.0},{"damage":6.0,"enemies":"Jaw Worm","floor":4.0,"turns":7.0},{"damage":1.0,"enemies":"Blue Slaver","floor":5.0,"turns":6.0},{"damage":13.0,"enemies":"3 Sentries","floor":6.0,"turns":15.0},{"damage":20.0,"enemies":"Lots of Slimes","floor":7.0,"turns":8.0},{"damage":12.0,"enemies":"3 Louse","floor":8.0,"turns":4.0},{"damage":0.0,"enemies":"2 Fungi Beasts","floor":11.0,"turns":5.0},{"damage":36.0,"enemies":"Gremlin Nob","floor":12.0,"turns":6.0},{"damage":15.0,"enemies":"The Guardian","floor":16.0,"turns":14.0},{"damage":11.0,"enemies":"2 Thieves","floor":18.0,"turns":4.0},{"damage":10.0,"enemies":"Spheric Guardian","floor":19.0,"turns":8.0},{"damage":9.0,"enemies":"3 Cultists","floor":21.0,"turns":5.0},{"damage":24.0,"enemies":"Gremlin Leader","floor":24.0,"turns":9.0},{"damage":13.0,"enemies":"Centurion and Healer","floor":30.0,"turns":10.0},{"damage":6.0,"enemies":"Snake Plant","floor":31.0,"turns":9.0},{"damage":20.0,"enemies":"Champ","floor":33.0,"turns":18.0},{"damage":14,"enemies":"3 Shapes","floor":35,"turns":5},{"damage":0,"enemies":"Orb Walker","floor":39,"turns":6},{"damage":65,"enemies":"Nemesis","floor":40,"turns":17},{"damage":13,"enemies":"Sphere and 2 Shapes","floor":41,"turns":3}],"seed_played":"-4673076473724696457","potions_obtained":[{"floor":1.0,"key":"Block Potion"},{"floor":2.0,"key":"Strength Potion"},{"floor":8.0,"key":"Swift Potion"},{"floor":16.0,"key":"SneckoOil"},{"floor":19.0,"key":"SkillPotion"},{"floor":24.0,"key":"SkillPotion"},{"floor":30.0,"key":"Weak Potion"},{"floor":31.0,"key":"EssenceOfSteel"},{"floor":38,"key":"SpeedPotion"},{"floor":38,"key":"Regen Potion"},{"floor":38,"key":"SpeedPotion"}],"is_trial":false,"path_per_floor":["M","M","$","M","M","E","M","M","T","R","M","E","?","?","R","B",null,"M","M","T","M","$","R","E","R","T","?","R","?","M","M","R","B",null,"M","?","?","?","M","E","M"],"character_chosen":"THE_SILENT","items_purchased":["TheAbacus"],"campfire_rested":4,"item_purchase_floors":[22],"current_hp_per_floor":[71,70,70,64,63,50,30,18,18,41,41,5,10,10,34,19,82,71,61,61,52,52,52,28,28,28,12,38,38,25,19,45,25,87,73,62,62,62,62,12,0],"gold":269,"neow_bonus":"TEN_PERCENT_HP_BONUS","is_prod":false,"is_daily":false,"chose_seed":false,"campfire_upgraded":2,"win_rate":0,"timestamp":1561513354,"path_taken":["M","M","$","M","M","E","M","M","T","R","?","E","?","?","R","BOSS","M","M","?","?","$","R","E","R","T","?","R","?","?","M","R","BOSS","M","?","?","?","M","E","M"],"build_version":"2019-01-23","purchased_purges":2,"victory":false,"max_hp_per_floor":[77,77,77,77,77,77,77,77,77,77,77,77,82,82,82,82,82,82,82,82,82,82,82,82,82,82,87,87,87,87,87,87,87,87,87,87,87,87,87,87,87],"card_choices":[{"not_picked":["Eviscerate","Predator","Catalyst"],"picked":"SKIP","floor":1.0},{"not_picked":["Poisoned Stab","Quick Slash","Accuracy"],"picked":"SKIP","floor":2.0},{"not_picked":["Dodge and Roll","Blade Dance"],"picked":"Backflip","floor":4.0},{"not_picked":["Dash","Heel Hook","Dagger Throw"],"picked":"SKIP","floor":5.0},{"not_picked":["Bouncing Flask","Finisher","Well Laid Plans"],"picked":"SKIP","floor":6.0},{"not_picked":["Sucker Punch","Skewer"],"picked":"Blur","floor":7.0},{"not_picked":["Escape Plan","Heel Hook"],"picked":"Footwork","floor":8.0},{"not_picked":["Dodge and Roll","Glass Knife"],"picked":"Noxious Fumes","floor":11.0},{"not_picked":["Riddle With Holes","Caltrops","Finisher"],"picked":"SKIP","floor":12.0},{"not_picked":["PiercingWail","Bane","Deflect"],"picked":"SKIP","floor":18.0},{"not_picked":["Flying Knee+1","Finisher"],"picked":"Prepared","floor":19.0},{"not_picked":["Riddle With Holes","PiercingWail","Caltrops"],"picked":"SKIP","floor":21.0},{"not_picked":["Predator+1","PiercingWail+1","Slice"],"picked":"SKIP","floor":24.0},{"not_picked":["After Image","Acrobatics"],"picked":"Footwork","floor":28.0},{"not_picked":["Flying Knee","Escape Plan"],"picked":"Outmaneuver+1","floor":30.0},{"not_picked":["PiercingWail","Dagger Spray","Deadly Poison"],"picked":"SKIP","floor":31.0},{"not_picked":["Dagger Spray+1","PiercingWail+1","Underhanded Strike"],"picked":"SKIP","floor":35},{"not_picked":["All Out Attack","Calculated Gamble+1","Blade Dance+1"],"picked":"SKIP","floor":39},{"not_picked":["Tactician+1","Dagger Throw+1"],"picked":"Well Laid Plans","floor":40}],"player_experience":61067,"relics_obtained":[{"floor":6.0,"key":"Pen Nib"},{"floor":9.0,"key":"Letter Opener"},{"floor":12.0,"key":"Centennial Puzzle"},{"floor":20.0,"key":"Bottled Lightning"},{"floor":24.0,"key":"Vajra"},{"floor":26.0,"key":"Dream Catcher"},{"floor":40,"key":"Dodecahedron"}],"event_choices":[{"damage_healed":0.0,"max_hp_gain":5.0,"max_hp_loss":0.0,"gold_gain":0.0,"event_name":"Big Fish","player_choice":"Donut","floor":13.0,"gold_loss":0.0,"damage_taken":0.0},{"damage_healed":0.0,"max_hp_gain":0.0,"max_hp_loss":0.0,"gold_gain":0.0,"event_name":"Accursed Blacksmith","player_choice":"Forge","floor":14.0,"gold_loss":0.0,"damage_taken":0.0,"cards_upgraded":["Noxious Fumes"]},{"damage_healed":0.0,"max_hp_gain":5.0,"max_hp_loss":0.0,"gold_gain":0.0,"event_name":"Forgotten Altar","player_choice":"Shed Blood","floor":27.0,"gold_loss":0.0,"damage_taken":21.0},{"cards_removed":["Strike_G"],"damage_healed":0.0,"max_hp_gain":0.0,"max_hp_loss":0.0,"gold_gain":0.0,"event_name":"Wheel of Change","player_choice":"Card Removal","floor":29.0,"gold_loss":0.0,"damage_taken":0.0},{"damage_healed":0,"gold_gain":0,"player_choice":"Embrace Madness","damage_taken":11,"max_hp_gain":0,"max_hp_loss":0,"event_name":"Winding Halls","floor":36,"gold_loss":0,"cards_obtained":["Madness","Madness"]},{"cards_removed":["Strike_G"],"damage_healed":0,"gold_gain":0,"player_choice":"Removed Attack","damage_taken":0,"max_hp_gain":0,"max_hp_loss":0,"event_name":"Falling","floor":37,"gold_loss":0},{"damage_healed":0,"gold_gain":0,"player_choice":"Got Potions","damage_taken":0,"max_hp_gain":0,"max_hp_loss":0,"event_name":"Lab","floor":38,"gold_loss":0}],"is_beta":false,"boss_relics":[{"not_picked":["Velvet Choker","Pandora\u0027s Box"],"picked":"Ring of the Serpent"},{"not_picked":["Black Star","Tiny House"],"picked":"Cursed Key"}],"items_purged_floors":[3,22],"is_endless":false,"potions_floor_spawned":[1,2,8,16,19,24,30,31],"killed_by":"Sphere and 2 Shapes","ascension_level":2}