{"gold_per_floor":[117,192,203,203,223,238,16,16,16,36,36,36,53,67,67,163,163,179,179,179,190,206,206,224,240,263,263,263,275,275,285,285,285],"floor_reached":33,"playtime":2428,"items_purged":[],"score":318,"play_id":"49d7abc9-5517-411a-b702-232659ae28b3","local_time":"20191011045333","is_ascension_mode":false,"campfire_choices":[{"data":"Conserve Battery","floor":8,"key":"SMITH"},{"data":"Biased Cognition","floor":15,"key":"SMITH"},{"data":"Self Repair","floor":23,"key":"SMITH"},{"data":"Biased Cognition","floor":28,"key":"SMITH"},{"data":"Loop","floor":30,"key":"SMITH"},{"data":"Creative AI","floor":32,"key":"SMITH"}],"neow_cost":"TEN_PERCENT_HP_LOSS","seed_source_timestamp":2177558553149192,"circlet_count":0,"master_deck":["Strike_B","Defend_B+1","Defend_B","Defend_B","Zap","Dualcast","Electrodynamics","Sweeping Beam","Skim","Conserve Battery+1","Conserve Battery","Self Repair","Biased Cognition+1","Heatsinks","Steam","Auto Shields","Biased Cognition+1","Multi-Cast+1","Rip and Tear+1","Blizzard+1","Stack","Ghostly","Ghostly","Ghostly","Ghostly","Ghostly","Self Repair+1","Loop+1","Reprogram+1","Ball Lightning+1","Creative AI+1","Barrage+1"],"relics":["Cracked Core","Happy Flower","Mercury Hourglass","Astrolabe","Molten Egg 2","MealTicket"],"potions_floor_usage":[],"damage_taken":[{"damage":0,"enemies":"Small Slimes","floor":1,"turns":2},{"damage":1,"enemies":"Cultist","floor":3,"turns":3},{"damage":0,"enemies":"2 Louse","floor":5,"turns":2},{"damage":9,"enemies":"Gremlin Gang","floor":6,"turns":3},{"damage":9,"enemies":"Exordium Thugs","floor":10,"turns":3},{"damage":15,"enemies":"Looter","floor":13,"turns":3},{"damage":0,"enemies":"Exordium Wildlife","floor":14,"turns":2},{"damage":0,"enemies":"Slime Boss","floor":16,"turns":5},{"damage":0,"enemies":"Chosen","floor":18,"turns":4},{"damage":8,"enemies":"Spheric Guardian","floor":21,"turns":5},{"damage":0,"enemies":"Snake Plant","floor":22,"turns":5},{"damage":28,"enemies":"Snecko","floor":24,"turns":5},{"damage":8,"enemies":"Shelled Parasite and Fungi","floor":25,"turns":10},{"damage":6,"enemies":"3 Cultists","floor":29,"turns":4},{"damage":9,"enemies":"Snecko","floor":31,"turns":4},{"damage":39,"enemies":"Champ","floor":33,"turns":8}],"seed_played":"2787666689805319671","potions_obtained":[{"floor":3,"key":"Fire Potion"},{"floor":13,"key":"FearPotion"},{"floor":14,"key":"FearPotion"},{"floor":21,"key":"Explosive Potion"},{"floor":22,"key":"SkillPotion"},{"floor":29,"key":"Energy Potion"},{"floor":31,"key":"Block Potion"}],"is_trial":false,"path_per_floor":["M","?","M","?","M","M","$","R","T","M","$","?","M","M","R","B",null,"M","?","?","M","M","R","M","M","T","?","R","M","R","M","R","B"],"character_chosen":"DEFECT","items_purchased":["Self Repair","Happy Flower"],"campfire_rested":0,"item_purchase_floors":[7,7],"current_hp_per_floor":[68,62,61,61,61,52,52,52,52,50,50,50,42,42,42,49,68,68,68,34,33,34,34,23,32,32,32,32,34,34,34,34,0],"gold":285,"neow_bonus":"THREE_RARE_CARDS","is_prod":false,"is_daily":false,"chose_seed":false,"campfire_upgraded":6,"win_rate":0.0,"timestamp":1570766013,"path_taken":["M","?","?","?","M","?","$","R","T","M","?","?","M","M","R","BOSS","M","?","?","M","M","R","M","M","T","?","R","M","R","M","R","BOSS"],"build_version":"2019-09-09v2","purchased_purges":0,"victory":false,"max_hp_per_floor":[68,68,68,68,68,68,68,68,68,68,68,68,68,68,68,68,68,68,68,34,34,34,34,34,34,34,34,34,34,34,34,34,34],"card_choices":[{"not_picked":["Machine Learning","Rainbow"],"picked":"Electrodynamics","floor":0},{"not_picked":["Streamline","Beam Cell"],"picked":"Sweeping Beam","floor":1},{"not_picked":["Cold Snap","Leap"],"picked":"Skim","floor":3},{"not_picked":["Leap","Hologram"],"picked":"Conserve Battery","floor":5},{"not_picked":["Glacier","Genetic Algorithm"],"picked":"Conserve Battery","floor":6},{"not_picked":["Steam Power","Barrage"],"picked":"Biased Cognition","floor":10},{"not_picked":["Coolheaded","Force Field"],"picked":"Steam","floor":13},{"not_picked":["Cold Snap","Compile Driver"],"picked":"Auto Shields","floor":14},{"not_picked":["Fission","All For One"],"picked":"Biased Cognition","floor":16},{"not_picked":["Gash","Redo"],"picked":"Stack","floor":18},{"not_picked":["Hologram","Aggregate+1"],"picked":"Self Repair","floor":21},{"not_picked":["Leap+1","Doom and Gloom+1"],"picked":"Loop","floor":22},{"not_picked":["Stack+1","Streamline+1"],"picked":"Reprogram+1","floor":24},{"not_picked":["Force Field+1","Steam"],"picked":"Ball Lightning+1","floor":25},{"not_picked":["Go for the Eyes+1","Streamline+1"],"picked":"Creative AI","floor":29},{"not_picked":["Steam Power","Aggregate+1"],"picked":"Barrage+1","floor":31}],"player_experience":76843,"relics_obtained":[{"floor":9,"key":"Mercury Hourglass"},{"floor":26,"key":"MealTicket"}],"event_choices":[{"damage_healed":0,"gold_gain":75,"player_choice":"Touch","damage_taken":6,"max_hp_gain":0,"max_hp_loss":0,"event_name":"FaceTrader","floor":2,"gold_loss":0},{"damage_healed":0,"gold_gain":0,"player_choice":"Upgraded","damage_taken":0,"max_hp_gain":0,"max_hp_loss":0,"event_name":"Upgrade Shrine","floor":4,"gold_loss":0,"cards_upgraded":["Defend_B"]},{"damage_healed":0,"gold_gain":0,"cards_transformed":["Strike_B"],"player_choice":"Change","damage_taken":0,"max_hp_gain":0,"max_hp_loss":0,"event_name":"Living Wall","floor":12,"gold_loss":0,"cards_obtained":["Heatsinks"]},{"damage_healed":0,"gold_gain":0,"player_choice":"Opened","damage_taken":0,"relics_obtained":["Molten Egg 2"],"max_hp_gain":0,"max_hp_loss":0,"event_name":"The Mausoleum","floor":19,"gold_loss":0,"cards_obtained":["Writhe"]},{"damage_healed":0,"gold_gain":0,"player_choice":"Became a Ghost","damage_taken":0,"max_hp_gain":0,"max_hp_loss":34,"event_name":"Ghosts","floor":20,"gold_loss":0,"cards_obtained":["Ghostly","Ghostly","Ghostly","Ghostly","Ghostly"]},{"cards_removed":["Writhe"],"damage_healed":0,"gold_gain":0,"player_choice":"Elegance","damage_taken":0,"max_hp_gain":0,"max_hp_loss":0,"event_name":"Back to Basics","floor":27,"gold_loss":0}],"is_beta":true,"boss_relics":[{"not_picked":["Runic Pyramid","Tiny House"],"picked":"Astrolabe"}],"items_purged_floors":[],"is_endless":false,"potions_floor_spawned":[3,13,14,21,22,29,31],"killed_by":"Champ","ascension_level":0}