{"gold_per_floor":[113,88,105,115,133,133,148,148,148,148,171,171,171,188,188,288,288,308,325,250,250,263,263],"floor_reached":23,"playtime":1176,"items_purged":["Defend_G"],"score":192,"play_id":"1bc68ec6-0f3e-4cbd-b28e-e74081f3f917","local_time":"20190926000549","is_ascension_mode":true,"campfire_choices":[{"data":"Underhanded Strike","floor":6,"key":"SMITH"},{"floor":13,"key":"REST"},{"data":"Reflex","floor":15,"key":"SMITH"}],"neow_cost":"NONE","seed_source_timestamp":489685357964100,"circlet_count":0,"master_deck":["Strike_G","Strike_G","Strike_G","Defend_G","Defend_G","Defend_G","Survivor","Neutralize","Dagger Throw","Underhanded Strike+1","Acrobatics","Reflex+1","Prepared"],"relics":["Ring of the Snake","Question Card","Ornamental Fan","Ancient Tea Set","Frozen Egg 2","Empty Cage","MutagenicStrength"],"potions_floor_usage":[16,16,18,22],"damage_taken":[{"damage":0,"enemies":"2 Louse","floor":1,"turns":3},{"damage":2,"enemies":"Small Slimes","floor":3,"turns":3},{"damage":3,"enemies":"Jaw Worm","floor":4,"turns":4},{"damage":4,"enemies":"Looter","floor":5,"turns":3},{"damage":9,"enemies":"Large Slime","floor":7,"turns":7},{"damage":2,"enemies":"Exordium Wildlife","floor":14,"turns":5},{"damage":17,"enemies":"Hexaghost","floor":16,"turns":10},{"damage":1,"enemies":"2 Thieves","floor":18,"turns":5},{"damage":6,"enemies":"3 Byrds","floor":19,"turns":6},{"damage":0,"enemies":"Centurion and Healer","floor":22,"turns":7},{"damage":68,"enemies":"Book of Stabbing","floor":23,"turns":7}],"seed_played":"418419373364061208","potions_obtained":[{"floor":3,"key":"AttackPotion"},{"floor":4,"key":"LiquidBronze"},{"floor":14,"key":"AttackPotion"},{"floor":19,"key":"Fire Potion"}],"is_trial":false,"path_per_floor":["M","$","M","M","M","R","M","?","T","?","T","T","R","M","R","B",null,"M","M","$","?","M","E"],"character_chosen":"THE_SILENT","items_purchased":["Dagger Throw"],"campfire_rested":1,"item_purchase_floors":[2],"current_hp_per_floor":[70,70,68,65,61,61,52,57,57,39,39,39,61,59,59,42,75,74,68,68,68,68,0],"gold":263,"neow_bonus":"REMOVE_CARD","is_prod":false,"is_daily":false,"chose_seed":false,"campfire_upgraded":2,"win_rate":0,"timestamp":1569449149,"path_taken":["M","$","M","M","M","R","M","?","T","?","?","?","R","M","R","BOSS","M","M","$","?","M","E"],"build_version":"2019-07-17","purchased_purges":1,"victory":false,"max_hp_per_floor":[70,70,70,70,70,70,70,75,75,75,75,75,75,75,75,75,75,75,75,75,75,75,75],"card_choices":[{"not_picked":["Outmaneuver","Quick Slash","Cloak And Dagger"],"picked":"SKIP","floor":1},{"not_picked":["Bouncing Flask","PiercingWail","Escape Plan"],"picked":"SKIP","floor":3},{"not_picked":["Bouncing Flask","Flying Knee","Blur"],"picked":"SKIP","floor":4},{"not_picked":["Deflect","Infinite Blades"],"picked":"Underhanded Strike","floor":5},{"not_picked":["Underhanded Strike","Catalyst"],"picked":"Acrobatics","floor":7},{"not_picked":["Eviscerate","Dash","Bane"],"picked":"Reflex","floor":14},{"not_picked":["Blade Dance","Flying Knee","Well Laid Plans+1","Dagger Spray"],"picked":"SKIP","floor":18},{"not_picked":["Cloak And Dagger","Deadly Poison","PiercingWail+1"],"picked":"Prepared","floor":19},{"not_picked":["Heel Hook+1","Outmaneuver","Blur","Terror"],"picked":"SKIP","floor":22}],"player_experience":256994,"relics_obtained":[{"floor":9,"key":"Question Card"},{"floor":11,"key":"Ancient Tea Set"},{"floor":12,"key":"Frozen Egg 2"}],"event_choices":[{"damage_healed":0,"gold_gain":0,"player_choice":"Donut","damage_taken":0,"max_hp_gain":5,"max_hp_loss":0,"event_name":"Big Fish","floor":8,"gold_loss":0},{"damage_healed":0,"gold_gain":0,"player_choice":"Success","damage_taken":18,"relics_obtained":["Ornamental Fan"],"max_hp_gain":0,"max_hp_loss":0,"event_name":"Scrap Ooze","floor":10,"gold_loss":0},{"damage_healed":0,"gold_gain":0,"player_choice":"Inject Mutagens","damage_taken":0,"relics_obtained":["MutagenicStrength"],"max_hp_gain":0,"max_hp_loss":0,"event_name":"Drug Dealer","floor":21,"gold_loss":0}],"is_beta":false,"boss_relics":[{"not_picked":["WristBlade","Tiny House"],"picked":"Empty Cage"}],"items_purged_floors":[20],"is_endless":false,"potions_floor_spawned":[3,4,14,19],"killed_by":"Book of Stabbing","ascension_level":1}