{"gold_per_floor":[113,133,58,77,87,87,117,146,172,172,97,97,122,135,135,206,206,223,242,242,257,267,267,282,282,282,317,367,386,54,86,86,159,159,174,229,243,258,258,258,286,286,337,337,365,365,365,365,365,365,365],"floor_reached":52,"playtime":2298,"items_purged":["Strike_R"],"score":1916,"play_id":"c89fde5e-d580-45b8-86f6-6674b237e472","local_time":"20191018094013","is_ascension_mode":true,"campfire_choices":[{"data":"Bash","floor":6.0,"key":"SMITH"},{"data":"Carnage","floor":12.0,"key":"SMITH"},{"data":"Spot Weakness","floor":15.0,"key":"SMITH"},{"data":"Body Slam","floor":23.0,"key":"SMITH"},{"data":"Limit Break","floor":25,"key":"SMITH"},{"floor":32,"key":"REST"},{"data":"Apotheosis","floor":40,"key":"SMITH"},{"floor":42,"key":"REST"},{"data":"Evolve","floor":47,"key":"SMITH"},{"data":"Offering","floor":49,"key":"SMITH"}],"neow_cost":"NONE","seed_source_timestamp":304556128365000,"circlet_count":0,"master_deck":["AscendersBane","Strike_R","Defend_R","Defend_R","Defend_R","Defend_R","Bash+1","Anger","Carnage+1","Spot Weakness+1","Shrug It Off","Sword Boomerang","Limit Break+1","Evolve+1","Battle Trance","Spot Weakness","Flame Barrier","Immolate","Metallicize","Reaper","Spot Weakness","Master of Strategy","Apotheosis+1","True Grit+1","Offering+1"],"special_seed":0,"relics":["Burning Blood","Paper Frog","MealTicket","Juzu Bracelet","Bag of Marbles","Thread and Needle","Sozu","Ornamental Fan","Bag of Preparation","Regal Pillow","Matryoshka","Mark of Pain","Nunchaku","Bottled Tornado","Dodecahedron","Bronze Scales","CeramicFish"],"potions_floor_usage":[24],"damage_taken":[{"damage":0.0,"enemies":"2 Louse","floor":1.0,"turns":5.0},{"damage":4.0,"enemies":"Small Slimes","floor":2.0,"turns":4.0},{"damage":0.0,"enemies":"Cultist","floor":4.0,"turns":3.0},{"damage":8.0,"enemies":"Large Slime","floor":5.0,"turns":7.0},{"damage":30.0,"enemies":"Lagavulin","floor":8.0,"turns":4.0},{"damage":15.0,"enemies":"3 Sentries","floor":13.0,"turns":6.0},{"damage":0.0,"enemies":"Gremlin Gang","floor":14.0,"turns":4.0},{"damage":20.0,"enemies":"Hexaghost","floor":16.0,"turns":7.0},{"damage":9.0,"enemies":"2 Thieves","floor":18.0,"turns":4.0},{"damage":0.0,"enemies":"Shell Parasite","floor":19.0,"turns":3.0},{"damage":0.0,"enemies":"Snake Plant","floor":21.0,"turns":2.0},{"damage":4.0,"enemies":"Centurion and Healer","floor":22.0,"turns":4.0},{"damage":2,"enemies":"3 Cultists","floor":24,"turns":5},{"damage":47,"enemies":"Book of Stabbing","floor":27,"turns":4},{"damage":12,"enemies":"Cultist and Chosen","floor":29,"turns":5},{"damage":0,"enemies":"Gremlin Leader","floor":31,"turns":3},{"damage":55,"enemies":"Collector","floor":33,"turns":7},{"damage":0,"enemies":"Orb Walker","floor":35,"turns":1},{"damage":14,"enemies":"2 Orb Walkers","floor":36,"turns":4},{"damage":51,"enemies":"3 Darklings","floor":37,"turns":4},{"damage":0,"enemies":"Jaw Worm Horde","floor":38,"turns":2},{"damage":75,"enemies":"Reptomancer","floor":41,"turns":5},{"damage":38,"enemies":"Nemesis","floor":45,"turns":5},{"damage":30,"enemies":"Donu and Deca","floor":50,"turns":5},{"damage":57,"enemies":"Awakened One","floor":51,"turns":6}],"seed_played":"-317752237486176894","potions_obtained":[{"floor":1.0,"key":"SteroidPotion"},{"floor":5.0,"key":"Energy Potion"},{"floor":14.0,"key":"FearPotion"},{"floor":16.0,"key":"SkillPotion"}],"is_trial":false,"path_per_floor":["M","M","?","M","M","R","?","E","T","?","$","R","E","M","R","B",null,"M","M","?","M","M","R","M","R","T","E","?","M","$","E","R","B",null,"M","?","M","M","?","R","E","R","T","?","E","?","R","?","R","B","B",null],"character_chosen":"IRONCLAD","items_purchased":["Immolate","Metallicize","Regal Pillow"],"campfire_rested":2,"item_purchase_floors":[30,30,30],"current_hp_per_floor":[74,75,75,75,73,73,73,49,49,44,59,59,50,56,56,42,67,64,70,49,55,57,57,61,61,61,20,20,14,29,35,74,25,66,72,64,70,76,66,66,24,63,63,63,80,80,80,80,80,80,29],"gold":365,"neow_bonus":"TRANSFORM_CARD","is_prod":false,"is_daily":false,"chose_seed":false,"campfire_upgraded":8,"win_rate":0,"timestamp":1571416813,"path_taken":["M","M","?","M","M","R","?","E","T","?","$","R","E","M","R","BOSS","M","M","?","M","M","R","M","R","T","E","?","M","$","E","R","BOSS","M","?","M","M","?","R","E","R","T","?","E","?","R","?","R","BOSS","BOSS"],"build_version":"2019-10-17","purchased_purges":1,"victory":true,"max_hp_per_floor":[75,75,75,75,75,75,75,75,75,75,75,75,75,75,75,75,75,75,75,80,80,80,80,80,80,80,80,80,80,80,80,80,80,80,80,80,80,80,80,80,80,80,80,80,80,80,80,80,80,80,80],"card_choices":[{"not_picked":["Corruption","Twin Strike","Cleave"],"picked":"SKIP","floor":1.0},{"not_picked":["Bloodletting","Iron Wave"],"picked":"Anger","floor":2.0},{"not_picked":["Rage","Seeing Red","Body Slam"],"picked":"SKIP","floor":4.0},{"not_picked":["Flex","Perfected Strike"],"picked":"Carnage","floor":5.0},{"not_picked":["Anger","Pommel Strike"],"picked":"Spot Weakness","floor":8.0},{"not_picked":["Warcry","Heavy Blade"],"picked":"Shrug It Off","floor":13.0},{"not_picked":["Clash","Iron Wave"],"picked":"Sword Boomerang","floor":14.0},{"not_picked":["Exhume","Reaper"],"picked":"Limit Break","floor":16.0},{"not_picked":["Perfected Strike","True Grit","Sentinel"],"picked":"SKIP","floor":18.0},{"not_picked":["Corruption","Entrench"],"picked":"Evolve","floor":19.0},{"not_picked":["Twin Strike+1","Sword Boomerang","Iron Wave"],"picked":"SKIP","floor":21.0},{"not_picked":["Clothesline+1","Clash"],"picked":"Battle Trance","floor":22.0},{"not_picked":["Blood for Blood","Rampage"],"picked":"Spot Weakness","floor":24},{"not_picked":["Combust","Wild Strike"],"picked":"Flame Barrier","floor":27},{"not_picked":["Headbutt","Rupture","Clash"],"picked":"SKIP","floor":29},{"not_picked":["Uppercut","Entrench","Cleave"],"picked":"SKIP","floor":31},{"not_picked":["Offering","Double Tap"],"picked":"Reaper","floor":33},{"not_picked":["Clothesline","Iron Wave","Wild Strike+1"],"picked":"SKIP","floor":35},{"not_picked":["Pummel","Thunderclap+1","Blood for Blood"],"picked":"SKIP","floor":37},{"not_picked":["Whirlwind+1","Thunderclap+1"],"picked":"Spot Weakness","floor":38},{"not_picked":["Panacea","Swift Strike"],"picked":"Master of Strategy","floor":39},{"not_picked":["Thinking Ahead","Master of Strategy"],"picked":"Apotheosis","floor":39},{"not_picked":["Cleave+1","Perfected Strike"],"picked":"True Grit+1","floor":41},{"not_picked":["Pommel Strike","Second Wind","Sword Boomerang+1"],"picked":"SKIP","floor":45}],"player_experience":1623565,"relics_obtained":[{"floor":8.0,"key":"MealTicket"},{"floor":9.0,"key":"Juzu Bracelet"},{"floor":13.0,"key":"Thread and Needle"},{"floor":26,"key":"Ornamental Fan"},{"floor":27,"key":"Bag of Preparation"},{"floor":31,"key":"Matryoshka"},{"floor":36,"key":"Nunchaku"},{"floor":41,"key":"Bottled Tornado"},{"floor":43,"key":"Dodecahedron"},{"floor":43,"key":"Bronze Scales"},{"floor":45,"key":"CeramicFish"}],"event_choices":[{"cards_removed":["Strike_R"],"damage_healed":0.0,"max_hp_gain":0.0,"max_hp_loss":0.0,"gold_gain":0.0,"event_name":"The Cleric","player_choice":"Card Removal","floor":3.0,"gold_loss":75.0,"damage_taken":0.0},{"damage_healed":0.0,"max_hp_gain":0.0,"max_hp_loss":0.0,"gold_gain":30.0,"event_name":"Dead Adventurer","player_choice":"Searched \u00273\u0027 times","floor":7.0,"gold_loss":0.0,"damage_taken":0.0,"relics_obtained":["Paper Frog"]},{"damage_healed":0.0,"max_hp_gain":0.0,"max_hp_loss":0.0,"gold_gain":0.0,"event_name":"Scrap Ooze","player_choice":"Success","floor":10.0,"gold_loss":0.0,"damage_taken":5.0,"relics_obtained":["Bag of Marbles"]},{"damage_healed":0.0,"max_hp_gain":5.0,"max_hp_loss":0.0,"gold_gain":0.0,"event_name":"Forgotten Altar","player_choice":"Shed Blood","floor":20.0,"gold_loss":0.0,"damage_taken":26.0},{"damage_healed":0,"gold_gain":50,"player_choice":"Stole From Cult","damage_taken":0,"max_hp_gain":0,"max_hp_loss":0,"event_name":"Nest","floor":28,"gold_loss":0},{"damage_healed":0,"gold_gain":0,"player_choice":"Fight","damage_taken":0,"max_hp_gain":0,"max_hp_loss":0,"event_name":"Mysterious Sphere","floor":36,"gold_loss":0},{"damage_healed":0,"gold_gain":0,"player_choice":"Memory 3","damage_taken":10,"max_hp_gain":0,"max_hp_loss":0,"event_name":"SensoryStone","floor":39,"gold_loss":0},{"damage_healed":0,"gold_gain":0,"cards_transformed":["Strike_R"],"player_choice":"Transformed","damage_taken":0,"max_hp_gain":0,"max_hp_loss":0,"event_name":"Transmorgrifier","floor":44,"gold_loss":0,"cards_obtained":["Offering"]},{"cards_removed":["Body Slam"],"damage_healed":0,"gold_gain":0,"player_choice":"Removed Attack","damage_taken":0,"max_hp_gain":0,"max_hp_loss":0,"event_name":"Falling","floor":46,"gold_loss":0},{"damage_healed":0,"gold_gain":0,"player_choice":"0 cards matched","damage_taken":0,"max_hp_gain":0,"max_hp_loss":0,"event_name":"Match and Keep!","floor":48,"gold_loss":0,"cards_obtained":[]}],"is_beta":true,"boss_relics":[{"not_picked":["Philosopher\u0027s Stone","Empty Cage"],"picked":"Sozu"},{"not_picked":["Runic Cube","Cursed Key"],"picked":"Mark of Pain"}],"items_purged_floors":[11],"is_endless":false,"potions_floor_spawned":[1,5,14,16,18,22,24,27,36,37],"ascension_level":20}