{"gold_per_floor":[115,115,129,146,162,192,210,230,254,329,329,329,346,381,381,381],"floor_reached":16,"playtime":421,"items_purged":[],"score":228,"play_id":"6d8abc9c-3364-4f9d-bc82-ff78c11950bc","local_time":"20191016133152","is_ascension_mode":true,"campfire_choices":[{"data":"Clothesline","floor":12,"key":"SMITH"},{"data":"Disarm","floor":15,"key":"SMITH"}],"neow_cost":"NONE","seed_source_timestamp":147566898877100,"circlet_count":0,"master_deck":["AscendersBane","Strike_R","Strike_R","Strike_R","Strike_R","Strike_R","Defend_R","Defend_R","Defend_R","Defend_R","Bash","Clothesline+1","Headbutt","Disarm+1","Anger","Evolve","Seeing Red","Feel No Pain"],"relics":["Burning Blood","NeowsBlessing","CaptainsWheel","Ornamental Fan","MealTicket","Turnip"],"potions_floor_usage":[6,7,16,16],"damage_taken":[{"damage":0,"enemies":"Small Slimes","floor":1,"turns":1},{"damage":0,"enemies":"Cultist","floor":3,"turns":1},{"damage":0,"enemies":"2 Louse","floor":4,"turns":1},{"damage":7,"enemies":"Looter","floor":5,"turns":4},{"damage":29,"enemies":"Lagavulin","floor":6,"turns":8},{"damage":23,"enemies":"Gremlin Gang","floor":7,"turns":7},{"damage":4,"enemies":"Blue Slaver","floor":8,"turns":4},{"damage":3,"enemies":"Looter","floor":13,"turns":3},{"damage":19,"enemies":"Gremlin Nob","floor":14,"turns":6},{"damage":16,"enemies":"Hexaghost","floor":16,"turns":9}],"seed_played":"-3045371249147212863","potions_obtained":[{"floor":4,"key":"Swift Potion"},{"floor":5,"key":"Energy Potion"},{"floor":6,"key":"DuplicationPotion"},{"floor":11,"key":"PowerPotion"},{"floor":14,"key":"PowerPotion"}],"is_trial":false,"path_per_floor":["M","?","M","M","M","E","M","M","T","?","?","R","M","E","R","B"],"character_chosen":"IRONCLAD","items_purchased":[],"campfire_rested":0,"item_purchase_floors":[],"current_hp_per_floor":[74,74,75,75,74,51,34,36,36,25,25,25,28,15,15,0],"gold":381,"neow_bonus":"THREE_ENEMY_KILL","is_prod":false,"is_daily":false,"chose_seed":false,"campfire_upgraded":2,"win_rate":0,"timestamp":1571257912,"path_taken":["M","?","?","M","M","E","M","M","T","?","?","R","M","E","R","BOSS"],"build_version":"2019-10-15","purchased_purges":0,"victory":false,"max_hp_per_floor":[75,75,75,75,75,75,75,75,75,75,75,75,75,75,75,75],"card_choices":[{"not_picked":["True Grit","Flex"],"picked":"Clothesline","floor":1},{"not_picked":["Perfected Strike","Burning Pact"],"picked":"Headbutt","floor":3},{"not_picked":["Searing Blow","Heavy Blade","Body Slam"],"picked":"SKIP","floor":4},{"not_picked":["Spot Weakness","Power Through"],"picked":"Disarm","floor":5},{"not_picked":["Heavy Blade","Sword Boomerang","Dropkick"],"picked":"SKIP","floor":6},{"not_picked":["Havoc","Double Tap"],"picked":"Anger","floor":7},{"not_picked":["Flex","Anger"],"picked":"Evolve","floor":8},{"not_picked":["Body Slam","Warcry"],"picked":"Seeing Red","floor":13},{"not_picked":["Body Slam","Sever Soul"],"picked":"Feel No Pain","floor":14}],"player_experience":1591768,"relics_obtained":[{"floor":2,"key":"CaptainsWheel"},{"floor":6,"key":"Ornamental Fan"},{"floor":9,"key":"MealTicket"},{"floor":14,"key":"Turnip"}],"event_choices":[{"damage_healed":0,"gold_gain":0,"player_choice":"Relic","damage_taken":0,"max_hp_gain":0,"max_hp_loss":0,"event_name":"Wheel of Change","floor":2,"gold_loss":0},{"damage_healed":0,"gold_gain":75,"player_choice":"Gather Gold","damage_taken":11,"max_hp_gain":0,"max_hp_loss":0,"event_name":"World of Goop","floor":10,"gold_loss":0},{"damage_healed":0,"gold_gain":0,"player_choice":"Got Potions","damage_taken":0,"max_hp_gain":0,"max_hp_loss":0,"event_name":"Lab","floor":11,"gold_loss":0}],"is_beta":true,"boss_relics":[],"items_purged_floors":[],"is_endless":false,"potions_floor_spawned":[4,5,6,14],"killed_by":"Hexaghost","ascension_level":20}