{"gold_per_floor":[116,116,134,145,159,159,187,187,187,212,212,237,56,56,56,158,158,172,192,192,107,32,59,59,71,97,128,128,153,153,180,180,285,285,299,299,299,40,40,75,87,117,117,149,163,174,174,194,194,194,194,194,51,51],"floor_reached":54,"playtime":3228,"items_purged":["Defend_G"],"score":1068,"play_id":"6c0ff8e8-7c51-4658-8c66-04356f77d4fa","local_time":"20191018233442","is_ascension_mode":true,"campfire_choices":[{"data":"Neutralize","floor":6,"key":"SMITH"},{"floor":8,"key":"REST"},{"floor":15,"key":"REST"},{"data":"Footwork","floor":24,"key":"SMITH"},{"data":"A Thousand Cuts","floor":30,"key":"SMITH"},{"floor":32,"key":"REST"},{"floor":47,"key":"RECALL"},{"floor":49,"key":"REST"},{"data":"Adrenaline","floor":52,"key":"SMITH"}],"neow_cost":"NONE","seed_source_timestamp":2848843002847842,"circlet_count":0,"master_deck":["Survivor","Neutralize+1","Deadly Poison","Backflip","Deflect","PiercingWail","Noxious Fumes","Caltrops","A Thousand Cuts+1","Deflect","Crippling Poison","Acrobatics","Footwork","Escape Plan","Envenom","Footwork+1","Poisoned Stab+1","RitualDagger","Well Laid Plans+1","Poisoned Stab+1","Terror","Tools of the Trade","Heel Hook+1","Riddle With Holes","Phantasmal Killer","Corpse Explosion","Adrenaline+1","Caltrops","Infinite Blades","Madness","Madness","Sadistic Nature","Secret Technique","Bouncing Flask+1","Blur+1","Dodge and Roll+1","Dodge and Roll+1","Wraith Form v2"],"relics":["Ring of the Snake","Mummified Hand","Ornamental Fan","Paper Crane","PreservedInsect","MawBank","Orrery","Philosopher\u0027s Stone","Dodecahedron","StoneCalendar","Regal Pillow","Potion Belt","Omamori","InkBottle","Bottled Lightning","Pandora\u0027s Box","Kunai","Whetstone","Orichalcum","Mercury Hourglass","Strawberry"],"potions_floor_usage":[7,10,10,16,29,31,31,46,48,50,54],"damage_taken":[{"damage":1,"enemies":"Jaw Worm","floor":1,"turns":8},{"damage":1,"enemies":"Cultist","floor":3,"turns":4},{"damage":3,"enemies":"Small Slimes","floor":4,"turns":3},{"damage":0,"enemies":"Exordium Thugs","floor":5,"turns":6},{"damage":39,"enemies":"3 Sentries","floor":7,"turns":9},{"damage":8,"enemies":"Gremlin Nob","floor":10,"turns":5},{"damage":18,"enemies":"Lagavulin","floor":12,"turns":5},{"damage":14,"enemies":"Hexaghost","floor":16,"turns":9},{"damage":14,"enemies":"Spheric Guardian","floor":18,"turns":5},{"damage":0,"enemies":"Chosen","floor":19,"turns":6},{"damage":2,"enemies":"Book of Stabbing","floor":23,"turns":5},{"damage":12,"enemies":"Shelled Parasite and Fungi","floor":25,"turns":4},{"damage":12,"enemies":"Gremlin Leader","floor":27,"turns":7},{"damage":8,"enemies":"Book of Stabbing","floor":29,"turns":5},{"damage":10,"enemies":"Slavers","floor":31,"turns":5},{"damage":14,"enemies":"Automaton","floor":33,"turns":11},{"damage":0,"enemies":"Orb Walker","floor":35,"turns":3},{"damage":0,"enemies":"Reptomancer","floor":40,"turns":3},{"damage":14,"enemies":"3 Darklings","floor":41,"turns":2},{"damage":0,"enemies":"Giant Head","floor":42,"turns":5},{"damage":0,"enemies":"Nemesis","floor":44,"turns":3},{"damage":7,"enemies":"Spire Growth","floor":45,"turns":3},{"damage":23,"enemies":"Writhing Mass","floor":46,"turns":4},{"damage":17,"enemies":"Transient","floor":48,"turns":5},{"damage":55,"enemies":"Awakened One","floor":50,"turns":8},{"damage":91,"enemies":"Shield and Spear","floor":54,"turns":3}],"seed_played":"2389134731593613776","potions_obtained":[{"floor":0,"key":"FearPotion"},{"floor":0,"key":"GamblersBrew"},{"floor":0,"key":"PowerPotion"},{"floor":3,"key":"Ancient Potion"},{"floor":5,"key":"PowerPotion"},{"floor":10,"key":"PowerPotion"},{"floor":16,"key":"GamblersBrew"},{"floor":19,"key":"Energy Potion"},{"floor":27,"key":"SkillPotion"},{"floor":29,"key":"FairyPotion"},{"floor":31,"key":"AttackPotion"},{"floor":33,"key":"DuplicationPotion"},{"floor":40,"key":"Poison Potion"},{"floor":42,"key":"Fire Potion"},{"floor":44,"key":"EssenceOfSteel"}],"is_trial":false,"path_per_floor":["M","?","M","M","M","R","E","R","T","E","?","E","$","T","R","B",null,"M","M","?","?","$","E","R","M","T","E","T","E","R","E","R","B",null,"M","?","?","$","?","E","M","E","T","E","M","M","R","M","R","B",null,"R","$","E"],"character_chosen":"THE_SILENT","items_purchased":["Deflect","Orrery","Kunai","Wraith Form v2"],"campfire_rested":4,"item_purchase_floors":[13,13,38,53],"current_hp_per_floor":[69,69,68,65,65,65,26,47,47,39,39,21,21,21,42,28,70,56,56,50,50,50,48,48,36,36,24,24,16,16,6,42,28,70,70,61,51,51,70,70,56,56,56,63,56,33,33,16,54,23,77,77,77,0],"gold":51,"neow_bonus":"THREE_SMALL_POTIONS","is_prod":false,"is_daily":false,"chose_seed":false,"campfire_upgraded":4,"win_rate":0,"timestamp":1571438082,"path_taken":["M","?","?","M","M","R","E","R","T","E","?","E","$","?","R","BOSS","M","M","?","?","?","E","R","?","T","E","?","E","R","E","R","BOSS","M","?","?","$","?","E","M","E","T","E","M","?","R","M","R","BOSS","R","$","E"],"build_version":"2019-09-09v2","purchased_purges":1,"victory":false,"max_hp_per_floor":[70,70,70,70,70,70,70,70,70,70,70,70,70,70,70,70,70,70,70,70,70,70,70,70,70,70,70,70,70,70,70,70,70,70,70,70,70,70,70,70,70,70,70,77,77,77,77,77,77,77,77,77,77,77],"card_choices":[{"not_picked":["Predator","Prepared"],"picked":"Deadly Poison","floor":1},{"not_picked":["Prepared","Expertise"],"picked":"Backflip","floor":3},{"not_picked":["Dagger Spray","Riddle With Holes"],"picked":"Deflect","floor":4},{"not_picked":["Underhanded Strike","Slice"],"picked":"PiercingWail","floor":5},{"not_picked":["Masterful Stab","Dash"],"picked":"Noxious Fumes","floor":7},{"not_picked":["Distraction","Flying Knee"],"picked":"Caltrops","floor":10},{"not_picked":["Quick Slash","Sucker Punch"],"picked":"A Thousand Cuts","floor":12},{"not_picked":["Reflex","Backflip"],"picked":"Crippling Poison","floor":13},{"not_picked":["PiercingWail","Predator"],"picked":"Acrobatics","floor":13},{"not_picked":["Cloak And Dagger","Leg Sweep"],"picked":"Footwork","floor":13},{"not_picked":["PiercingWail","Prepared"],"picked":"Escape Plan","floor":13},{"not_picked":["Storm of Steel","Doppelganger"],"picked":"Envenom","floor":16},{"not_picked":["Blur+1","Finisher+1"],"picked":"Footwork","floor":18},{"not_picked":["All Out Attack","Acrobatics"],"picked":"Poisoned Stab","floor":19},{"not_picked":["Dodge and Roll+1","Bouncing Flask"],"picked":"Well Laid Plans+1","floor":23},{"not_picked":["Blade Dance","Bane+1","Quick Slash"],"picked":"SKIP","floor":25},{"not_picked":["Deflect","Blade Dance"],"picked":"Poisoned Stab+1","floor":27},{"not_picked":["Poisoned Stab","Storm of Steel","Flying Knee"],"picked":"SKIP","floor":29},{"not_picked":["Backflip","Flying Knee"],"picked":"Terror","floor":31},{"not_picked":["Deadly Poison","Heel Hook+1","Dagger Spray"],"picked":"SKIP","floor":35},{"not_picked":["Mind Blast","The Bomb"],"picked":"Sadistic Nature","floor":37},{"not_picked":["Dramatic Entrance","Chrysalis"],"picked":"Secret Technique","floor":37},{"not_picked":["Acrobatics","Backstab"],"picked":"Bouncing Flask+1","floor":40},{"not_picked":["Eviscerate","Reflex+1","Dagger Spray"],"picked":"SKIP","floor":41},{"not_picked":["Poisoned Stab","Underhanded Strike"],"picked":"Blur+1","floor":42},{"not_picked":["Bouncing Flask+1","Accuracy+1","Well Laid Plans+1"],"picked":"SKIP","floor":44},{"not_picked":["Bane","Endless Agony"],"picked":"Dodge and Roll+1","floor":45},{"not_picked":["Sucker Punch+1","Underhanded Strike+1","Acrobatics+1"],"picked":"SKIP","floor":46},{"not_picked":["Blade Dance","Acrobatics"],"picked":"Dodge and Roll+1","floor":48}],"player_experience":251790,"relics_obtained":[{"floor":7,"key":"Ornamental Fan"},{"floor":9,"key":"Paper Crane"},{"floor":10,"key":"PreservedInsect"},{"floor":12,"key":"MawBank"},{"floor":23,"key":"StoneCalendar"},{"floor":26,"key":"Regal Pillow"},{"floor":27,"key":"Potion Belt"},{"floor":28,"key":"Omamori"},{"floor":29,"key":"InkBottle"},{"floor":31,"key":"Bottled Lightning"},{"floor":40,"key":"Whetstone"},{"floor":42,"key":"Orichalcum"},{"floor":43,"key":"Mercury Hourglass"},{"floor":44,"key":"Strawberry"}],"event_choices":[{"damage_healed":0,"gold_gain":0,"player_choice":"Gave Potion","damage_taken":0,"relics_obtained":["Mummified Hand"],"max_hp_gain":0,"max_hp_loss":0,"event_name":"WeMeetAgain","floor":2,"gold_loss":0},{"cards_removed":["Defend_G"],"damage_healed":0,"gold_gain":0,"player_choice":"Purged","damage_taken":0,"max_hp_gain":0,"max_hp_loss":0,"event_name":"Purifier","floor":11,"gold_loss":0},{"damage_healed":0,"gold_gain":0,"player_choice":"Joined the Cult","damage_taken":6,"max_hp_gain":0,"max_hp_loss":0,"event_name":"Nest","floor":20,"gold_loss":0,"cards_obtained":["RitualDagger"]},{"damage_healed":0,"gold_gain":0,"player_choice":"Obtained Relic","damage_taken":0,"relics_obtained":["Dodecahedron"],"max_hp_gain":0,"max_hp_loss":0,"event_name":"Addict","floor":21,"gold_loss":85},{"damage_healed":0,"gold_gain":0,"player_choice":"Embrace Madness","damage_taken":9,"max_hp_gain":0,"max_hp_loss":0,"event_name":"Winding Halls","floor":36,"gold_loss":0,"cards_obtained":["Madness","Madness"]},{"damage_healed":0,"gold_gain":0,"player_choice":"Memory 3","damage_taken":10,"max_hp_gain":0,"max_hp_loss":0,"event_name":"SensoryStone","floor":37,"gold_loss":0},{"damage_healed":19,"gold_gain":0,"player_choice":"Full Heal","damage_taken":0,"max_hp_gain":0,"max_hp_loss":0,"event_name":"Wheel of Change","floor":39,"gold_loss":0}],"is_beta":true,"boss_relics":[{"not_picked":["Fusion Hammer","Velvet Choker"],"picked":"Philosopher\u0027s Stone"},{"not_picked":["Astrolabe","Ring of the Serpent"],"picked":"Pandora\u0027s Box"}],"items_purged_floors":[22],"is_endless":false,"potions_floor_spawned":[3,4,5,10,16,19,27,29,31,33,40,42,44],"killed_by":"Shield and Spear","ascension_level":4}