{"gold_per_floor":[366,382,394,407,407,407,31,31,57,69,101,117,133,153,153,250,250,260,260,160,160,180,210,210,222,246,246,275,275,309,320,320,320],"floor_reached":33,"playtime":2748,"items_purged":["Defend_G","Strike_G"],"score":365,"play_id":"5512cac8-3b57-4b9c-8364-c22b1d86828b","local_time":"20190913204934","is_ascension_mode":true,"campfire_choices":[{"data":"Dash","floor":6,"key":"SMITH"},{"data":"Deflect","floor":8,"key":"SMITH"},{"data":"Neutralize","floor":15,"key":"SMITH"},{"data":"Prepared","floor":24,"key":"SMITH"},{"data":"Dash","floor":27,"key":"SMITH"},{"data":"Phantasmal Killer","floor":29,"key":"SMITH"},{"data":"Tactician","floor":32,"key":"SMITH"}],"neow_cost":"PERCENT_DAMAGE","seed_source_timestamp":117072494140500,"circlet_count":0,"master_deck":["Strike_G+1","Strike_G+1","Strike_G+1","Strike_G+1","Defend_G+1","Defend_G+1","Defend_G+1","Defend_G+1","Survivor","Neutralize+1","Flying Knee","Prepared+1","Dash+1","Backflip","Deflect+1","All Out Attack","Underhanded Strike","Underhanded Strike","Backflip","Tactician+1","Phantasmal Killer+1","Flechettes+1","Dash+1","Quick Slash","Dagger Throw"],"relics":["Ring of the Snake","Toy Ornithopter","Potion Belt","Orichalcum","Velvet Choker","Bag of Preparation","Centennial Puzzle","Mango","Omamori"],"potions_floor_usage":[3,16,16,18,23,23,31,33],"damage_taken":[{"damage":0,"enemies":"Cultist","floor":1,"turns":3},{"damage":0,"enemies":"Jaw Worm","floor":2,"turns":4},{"damage":3,"enemies":"Small Slimes","floor":3,"turns":6},{"damage":10,"enemies":"2 Fungi Beasts","floor":4,"turns":4},{"damage":0,"enemies":"Looter","floor":10,"turns":3},{"damage":3,"enemies":"Gremlin Nob","floor":11,"turns":5},{"damage":0,"enemies":"Red Slaver","floor":12,"turns":2},{"damage":19,"enemies":"Large Slime","floor":13,"turns":5},{"damage":0,"enemies":"Exordium Thugs","floor":14,"turns":3},{"damage":10,"enemies":"The Guardian","floor":16,"turns":10},{"damage":2,"enemies":"2 Thieves","floor":18,"turns":4},{"damage":0,"enemies":"Spheric Guardian","floor":22,"turns":3},{"damage":16,"enemies":"Gremlin Leader","floor":23,"turns":8},{"damage":21,"enemies":"Snecko","floor":25,"turns":5},{"damage":13,"enemies":"Book of Stabbing","floor":28,"turns":6},{"damage":16,"enemies":"Gremlin Leader","floor":30,"turns":5},{"damage":3,"enemies":"Snake Plant","floor":31,"turns":3},{"damage":59,"enemies":"Champ","floor":33,"turns":13}],"seed_played":"-7137012669626097300","potions_obtained":[{"floor":3,"key":"Fruit Juice"},{"floor":4,"key":"GamblersBrew"},{"floor":11,"key":"SkillPotion"},{"floor":12,"key":"Dexterity Potion"},{"floor":13,"key":"Fire Potion"},{"floor":14,"key":"Explosive Potion"},{"floor":23,"key":"GhostInAJar"},{"floor":30,"key":"AttackPotion"}],"is_trial":false,"path_per_floor":["M","M","M","M","?","R","$","R","T","M","E","M","M","M","R","B",null,"M","?","$","?","M","E","R","M","T","R","E","R","E","M","R","B"],"character_chosen":"THE_SILENT","items_purchased":["Backflip","Deflect","Toy Ornithopter"],"campfire_rested":0,"item_purchase_floors":[7,7,7],"current_hp_per_floor":[49,49,51,41,41,41,41,41,41,41,38,38,19,19,19,19,75,75,75,75,75,75,69,69,48,48,48,49,49,33,35,35,0],"gold":320,"neow_bonus":"TWO_FIFTY_GOLD","is_prod":false,"is_daily":false,"chose_seed":false,"campfire_upgraded":7,"win_rate":0,"timestamp":1568400574,"path_taken":["M","?","M","M","?","R","$","R","T","M","E","M","M","M","R","BOSS","M","?","$","?","M","E","R","M","T","R","E","R","E","M","R","BOSS"],"build_version":"2019-07-17","purchased_purges":2,"victory":false,"max_hp_per_floor":[70,70,75,75,75,75,75,75,75,75,75,75,75,75,75,75,75,75,75,75,75,75,75,75,75,75,75,89,89,89,89,89,89],"card_choices":[{"not_picked":["Deflect","Noxious Fumes"],"picked":"Flying Knee","floor":1},{"not_picked":["Dagger Spray","Envenom"],"picked":"Prepared","floor":2},{"not_picked":["All Out Attack","Predator"],"picked":"Dash","floor":3},{"not_picked":["Sucker Punch","Bane","Catalyst"],"picked":"SKIP","floor":4},{"not_picked":["Accuracy","Noxious Fumes"],"picked":"All Out Attack","floor":10},{"not_picked":["Die Die Die","Dagger Spray"],"picked":"Underhanded Strike","floor":11},{"not_picked":["Acrobatics","Sucker Punch"],"picked":"Underhanded Strike","floor":12},{"not_picked":["Deflect","Distraction"],"picked":"Backflip","floor":13},{"not_picked":["Deflect","Distraction"],"picked":"Tactician","floor":14},{"not_picked":["Burst","Venomology"],"picked":"Phantasmal Killer","floor":16},{"not_picked":["PiercingWail+1","Escape Plan","Reflex"],"picked":"SKIP","floor":18},{"not_picked":["Tactician+1","Flying Knee"],"picked":"Flechettes+1","floor":22},{"not_picked":["Infinite Blades","PiercingWail","Well Laid Plans"],"picked":"SKIP","floor":23},{"not_picked":["Accuracy","Deadly Poison"],"picked":"Dash","floor":25},{"not_picked":["PiercingWail","Calculated Gamble","Dodge and Roll"],"picked":"SKIP","floor":28},{"not_picked":["Bane","Poisoned Stab"],"picked":"Quick Slash","floor":30},{"not_picked":["PiercingWail+1","Eviscerate"],"picked":"Dagger Throw","floor":31}],"player_experience":93672,"relics_obtained":[{"floor":9,"key":"Potion Belt"},{"floor":11,"key":"Orichalcum"},{"floor":23,"key":"Bag of Preparation"},{"floor":26,"key":"Centennial Puzzle"},{"floor":28,"key":"Mango"},{"floor":30,"key":"Omamori"}],"event_choices":[{"damage_healed":0,"gold_gain":0,"player_choice":"Ignored","damage_taken":0,"max_hp_gain":0,"max_hp_loss":0,"event_name":"Liars Game","floor":5,"gold_loss":0},{"damage_healed":0,"gold_gain":0,"player_choice":"Ignored","damage_taken":0,"max_hp_gain":0,"max_hp_loss":0,"event_name":"Ghosts","floor":19,"gold_loss":0},{"damage_healed":0,"gold_gain":0,"player_choice":"Simplicity","damage_taken":0,"max_hp_gain":0,"max_hp_loss":0,"event_name":"Back to Basics","floor":21,"gold_loss":0,"cards_upgraded":["Strike_G","Strike_G","Strike_G","Strike_G","Defend_G","Defend_G","Defend_G","Defend_G"]}],"is_beta":false,"boss_relics":[{"not_picked":["Sozu","Eternal Feather"],"picked":"Velvet Choker"}],"items_purged_floors":[7,20],"is_endless":false,"potions_floor_spawned":[3,4,11,12,13,14,23,30],"killed_by":"Champ","ascension_level":2}