{"gold_per_floor":[115,15,30,30,44,44,76,94,139,5,5,21,21,48,48,125,125,95,113,113],"floor_reached":20,"playtime":594,"items_purged":[],"score":418,"play_id":"f9748ad0-faed-4235-8f92-f799182617bb","local_time":"20191014160401","is_ascension_mode":true,"campfire_choices":[{"data":"Bash","floor":6,"key":"SMITH"},{"data":"Inflame","floor":11,"key":"SMITH"},{"floor":15,"key":"REST"}],"neow_cost":"NONE","seed_source_timestamp":341690825270600,"circlet_count":0,"master_deck":["AscendersBane","Strike_R","Strike_R","Strike_R","Strike_R","Strike_R","Defend_R","Defend_R","Defend_R","Defend_R","Bash+1","Clothesline+1","Panacea","Brutality","Inflame+1","Berserk","Clothesline+1"],"relics":["Burning Blood","NeowsBlessing","HornCleat","Potion Belt","Regal Pillow","Smiling Mask","Snecko Eye"],"potions_floor_usage":[12,14],"damage_taken":[{"damage":0,"enemies":"Jaw Worm","floor":1,"turns":1},{"damage":0,"enemies":"Cultist","floor":3,"turns":1},{"damage":0,"enemies":"Small Slimes","floor":5,"turns":1},{"damage":65,"enemies":"3 Sentries","floor":7,"turns":11},{"damage":7,"enemies":"Looter","floor":8,"turns":3},{"damage":14,"enemies":"3 Louse","floor":12,"turns":4},{"damage":1,"enemies":"Gremlin Nob","floor":14,"turns":3},{"damage":57,"enemies":"The Guardian","floor":16,"turns":16},{"damage":34,"enemies":"2 Thieves","floor":18,"turns":5},{"damage":19,"enemies":"3 Byrds","floor":19,"turns":6},{"damage":19,"enemies":"Centurion and Healer","floor":20,"turns":3}],"seed_played":"5117290311218558668","potions_obtained":[{"floor":8,"key":"Swift Potion"},{"floor":12,"key":"Explosive Potion"},{"floor":14,"key":"FearPotion"}],"is_trial":false,"path_per_floor":["M","$","M","?","M","R","E","M","T","$","R","M","?","E","R","B",null,"M","M","M"],"character_chosen":"IRONCLAD","items_purchased":["Panacea","BloodPotion","Inflame"],"campfire_rested":1,"item_purchase_floors":[2,10,10],"current_hp_per_floor":[74,74,75,75,75,75,16,15,15,15,15,22,22,27,64,13,60,32,19,0],"gold":113,"neow_bonus":"THREE_ENEMY_KILL","is_prod":false,"is_daily":false,"chose_seed":false,"campfire_upgraded":2,"win_rate":0,"timestamp":1571094241,"path_taken":["M","$","M","?","?","R","E","M","T","$","R","M","?","E","R","BOSS","M","M","M"],"build_version":"2019-10-14","purchased_purges":0,"victory":false,"max_hp_per_floor":[75,75,75,75,75,75,75,75,75,75,75,75,75,75,75,75,75,75,75,75],"card_choices":[{"not_picked":["Havoc","Iron Wave"],"picked":"Clothesline","floor":1},{"not_picked":["Corruption","Twin Strike","Clothesline"],"picked":"SKIP","floor":3},{"not_picked":["Flex","Perfected Strike","Thunderclap"],"picked":"SKIP","floor":5},{"not_picked":["Sword Boomerang","Warcry"],"picked":"Brutality","floor":7},{"not_picked":["Heavy Blade","Havoc","Dual Wield"],"picked":"SKIP","floor":8},{"not_picked":["Clothesline","Twin Strike","Cleave"],"picked":"SKIP","floor":12},{"not_picked":["Anger","Havoc","Thunderclap"],"picked":"SKIP","floor":14},{"not_picked":["Brutality","Reaper"],"picked":"Berserk","floor":16},{"not_picked":["Pommel Strike","Body Slam","Wild Strike"],"picked":"SKIP","floor":18},{"not_picked":["Headbutt","Pommel Strike"],"picked":"Clothesline+1","floor":19}],"player_experience":1568372,"relics_obtained":[{"floor":7,"key":"HornCleat"},{"floor":9,"key":"Potion Belt"},{"floor":14,"key":"Smiling Mask"}],"event_choices":[{"damage_healed":0,"gold_gain":0,"player_choice":"Upgraded","damage_taken":0,"max_hp_gain":0,"max_hp_loss":0,"event_name":"Upgrade Shrine","floor":4,"gold_loss":0,"cards_upgraded":["Clothesline"]},{"damage_healed":0,"gold_gain":0,"player_choice":"Gave Potion","damage_taken":0,"relics_obtained":["Regal Pillow"],"max_hp_gain":0,"max_hp_loss":0,"event_name":"WeMeetAgain","floor":13,"gold_loss":0}],"is_beta":true,"boss_relics":[{"not_picked":["Mark of Pain","Astrolabe"],"picked":"Snecko Eye"}],"items_purged_floors":[],"is_endless":false,"potions_floor_spawned":[8,12,14],"killed_by":"Centurion and Healer","ascension_level":20}