{"gold_per_floor":[112,122,133,28,40,40,67,32,32,63,63,76,56,66,66,145,145,156,172,172,185,204,204,219,219],"floor_reached":25,"playtime":1206,"items_purged":[],"score":460,"play_id":"106cfb3d-0aed-4bd7-8a22-011463be2611","local_time":"20190804221831","is_ascension_mode":true,"campfire_choices":[{"floor":6,"key":"REST"},{"floor":11,"key":"REST"},{"floor":15,"key":"REST"},{"floor":23,"key":"REST"}],"neow_cost":"NONE","seed_source_timestamp":1829940033651455,"circlet_count":0,"master_deck":["AscendersBane","Strike_G","Strike_G","Strike_G","Strike_G","Strike_G","Defend_G","Defend_G","Defend_G","Defend_G","Defend_G","Survivor","Neutralize","Backflip","Dagger Throw","Corpse Explosion","Deadly Poison","Dodge and Roll","Deadly Poison","Tools of the Trade","Escape Plan","Blur"],"relics":["Ring of the Snake","Bag of Marbles","Lantern","Ninja Scroll","Philosopher\u0027s Stone"],"potions_floor_usage":[4,7,16,16,21,24],"damage_taken":[{"damage":5,"enemies":"Jaw Worm","floor":1,"turns":6},{"damage":1,"enemies":"Small Slimes","floor":2,"turns":4},{"damage":1,"enemies":"Cultist","floor":3,"turns":3},{"damage":18,"enemies":"Large Slime","floor":5,"turns":7},{"damage":34,"enemies":"3 Sentries","floor":7,"turns":13},{"damage":55,"enemies":"Gremlin Nob","floor":10,"turns":5},{"damage":0,"enemies":"Looter","floor":12,"turns":2},{"damage":0,"enemies":"Red Slaver","floor":14,"turns":1},{"damage":27,"enemies":"Hexaghost","floor":16,"turns":8},{"damage":15,"enemies":"Shell Parasite","floor":18,"turns":4},{"damage":3,"enemies":"Chosen","floor":19,"turns":4},{"damage":12,"enemies":"Centurion and Healer","floor":21,"turns":5},{"damage":6,"enemies":"Snecko","floor":22,"turns":5},{"damage":22,"enemies":"Chosen and Byrds","floor":24,"turns":6},{"damage":11,"enemies":"3 Cultists","floor":25,"turns":3}],"seed_played":"-2566644265638435918","potions_obtained":[{"floor":1,"key":"Regen Potion"},{"floor":10,"key":"Poison Potion"},{"floor":13,"key":"SmokeBomb"},{"floor":14,"key":"Weak Potion"},{"floor":16,"key":"GamblersBrew"},{"floor":19,"key":"SkillPotion"},{"floor":21,"key":"LiquidBronze"}],"is_trial":false,"path_per_floor":["M","M","M","$","M","R","E","?","T","E","R","M","?","M","R","B",null,"M","M","?","M","M","R","M","M"],"character_chosen":"THE_SILENT","items_purchased":["Fruit Juice"],"campfire_rested":4,"item_purchase_floors":[4],"current_hp_per_floor":[60,59,58,63,45,68,49,68,68,13,36,36,36,36,59,32,66,51,48,26,14,8,32,10,0],"gold":219,"neow_bonus":"TEN_PERCENT_HP_BONUS","is_prod":false,"is_daily":false,"chose_seed":false,"campfire_upgraded":0,"win_rate":0,"timestamp":1564982311,"path_taken":["M","M","M","$","M","R","E","?","T","E","R","M","?","M","R","BOSS","M","?","?","M","M","R","M","M"],"build_version":"2019-07-17","purchased_purges":0,"victory":false,"max_hp_per_floor":[72,72,72,77,77,77,77,77,77,77,77,77,77,77,77,77,77,77,77,82,82,82,82,82,82],"card_choices":[{"not_picked":["Dash","Acrobatics"],"picked":"Backflip","floor":1},{"not_picked":["Underhanded Strike","Poisoned Stab"],"picked":"Dagger Throw","floor":2},{"not_picked":["Acrobatics","Skewer","Prepared"],"picked":"SKIP","floor":3},{"not_picked":["Eviscerate","Riddle With Holes","Catalyst"],"picked":"SKIP","floor":5},{"not_picked":["Terror","Catalyst"],"picked":"Corpse Explosion","floor":7},{"not_picked":["Distraction","Concentrate"],"picked":"Deadly Poison","floor":10},{"not_picked":["Bouncing Flask","Crippling Poison"],"picked":"Dodge and Roll","floor":12},{"not_picked":["Concentrate","Blade Dance"],"picked":"Deadly Poison","floor":14},{"not_picked":["Venomology","Storm of Steel"],"picked":"Tools of the Trade","floor":16},{"not_picked":["Acrobatics","Underhanded Strike","Poisoned Stab"],"picked":"SKIP","floor":18},{"not_picked":["Dagger Spray","Distraction","Blade Dance"],"picked":"SKIP","floor":19},{"not_picked":["Crippling Poison","Accuracy","Slice"],"picked":"SKIP","floor":21},{"not_picked":["Dodge and Roll","Acrobatics+1"],"picked":"Escape Plan","floor":22},{"not_picked":["Slice","Backflip"],"picked":"Blur","floor":24}],"player_experience":176568,"relics_obtained":[{"floor":7,"key":"Bag of Marbles"},{"floor":9,"key":"Lantern"},{"floor":10,"key":"Ninja Scroll"}],"event_choices":[{"damage_healed":19,"gold_gain":0,"player_choice":"Healed","damage_taken":0,"max_hp_gain":0,"max_hp_loss":0,"event_name":"The Cleric","floor":8,"gold_loss":35},{"damage_healed":0,"gold_gain":0,"player_choice":"Bought 1 Potion","damage_taken":0,"max_hp_gain":0,"max_hp_loss":0,"event_name":"The Woman in Blue","floor":13,"gold_loss":0},{"damage_healed":0,"gold_gain":0,"player_choice":"Shed Blood","damage_taken":27,"max_hp_gain":5,"max_hp_loss":0,"event_name":"Forgotten Altar","floor":20,"gold_loss":0}],"is_beta":false,"boss_relics":[{"not_picked":["Runic Dome","HoveringKite"],"picked":"Philosopher\u0027s Stone"}],"items_purged_floors":[],"is_endless":false,"potions_floor_spawned":[1,10,14,16,19,21],"killed_by":"3 Cultists","ascension_level":18}