{"gold_per_floor":[112,37,37,57,70,70,102,102,182,208,222,237,16,51,51,128,128,140,140,160,178,178,178,209,226,226,226],"floor_reached":27,"playtime":892,"items_purged":["Normality"],"score":506,"play_id":"8e3ea045-9233-43db-abe3-7e1d7fae289d","local_time":"20191004102912","is_ascension_mode":true,"campfire_choices":[{"data":"Spot Weakness","floor":6.0,"key":"SMITH"},{"data":"Anger","floor":8.0,"key":"SMITH"},{"data":"Heavy Blade","floor":15.0,"key":"SMITH"},{"data":"Evolve","floor":23.0,"key":"SMITH"}],"neow_cost":"CURSE","seed_source_timestamp":245524408008400,"circlet_count":0,"master_deck":["AscendersBane","Strike_R+1","Strike_R+1","Strike_R+1","Strike_R+1","Defend_R+1","Defend_R+1","Defend_R+1","Defend_R+1","Bash","Shrug It Off","Reckless Charge","Spot Weakness+1","Anger+1","Heavy Blade+1","Flame Barrier+1","Power Through","Offering","Shrug It Off","Evolve+1","Headbutt","Double Tap","Shrug It Off"],"special_seed":0,"relics":["Burning Blood","Thread and Needle","Self Forming Clay","Pantograph","Omamori","PreservedInsect","Ornamental Fan","Calling Bell","Lantern","Pear","StoneCalendar","Ancient Tea Set","MealTicket"],"potions_floor_usage":[25,27],"damage_taken":[{"damage":3.0,"enemies":"Jaw Worm","floor":1.0,"turns":3.0},{"damage":2.0,"enemies":"Cultist","floor":4.0,"turns":4.0},{"damage":0.0,"enemies":"Small Slimes","floor":5.0,"turns":5.0},{"damage":29.0,"enemies":"Gremlin Nob","floor":7.0,"turns":4.0},{"damage":22.0,"enemies":"Lagavulin","floor":10.0,"turns":6.0},{"damage":12.0,"enemies":"Gremlin Gang","floor":11.0,"turns":6.0},{"damage":0.0,"enemies":"3 Louse","floor":12.0,"turns":3.0},{"damage":7.0,"enemies":"Gremlin Nob","floor":14.0,"turns":3.0},{"damage":57.0,"enemies":"Hexaghost","floor":16.0,"turns":10.0},{"damage":6.0,"enemies":"3 Byrds","floor":18.0,"turns":5.0},{"damage":7.0,"enemies":"Shell Parasite","floor":20.0,"turns":5.0},{"damage":22.0,"enemies":"3 Cultists","floor":21.0,"turns":6.0},{"damage":41.0,"enemies":"Gremlin Leader","floor":24.0,"turns":7.0},{"damage":23,"enemies":"Cultist and Chosen","floor":25,"turns":7},{"damage":21,"enemies":"Slavers","floor":27,"turns":2}],"seed_played":"-1466836503733480788","potions_obtained":[{"floor":1.0,"key":"Fire Potion"},{"floor":4.0,"key":"FearPotion"},{"floor":7.0,"key":"Regen Potion"},{"floor":11.0,"key":"SneckoOil"},{"floor":16.0,"key":"Ancient Potion"},{"floor":25,"key":"GamblersBrew"}],"is_trial":false,"path_per_floor":["M","$","?","M","M","R","E","R","T","E","M","M","$","E","R","B",null,"M","?","M","M","?","R","E","M","T","E"],"character_chosen":"IRONCLAD","items_purchased":["PreservedInsect","BloodPotion"],"campfire_rested":0,"item_purchase_floors":[13,13],"current_hp_per_floor":[71,71,71,75,75,75,52,52,52,51,45,51,51,50,50,24,72,72,72,71,55,55,55,37,20,20,0],"gold":226,"neow_bonus":"ONE_RARE_RELIC","is_prod":false,"is_daily":false,"chose_seed":false,"campfire_upgraded":4,"win_rate":0,"timestamp":1570210152,"path_taken":["M","$","?","M","M","R","E","R","T","E","?","M","?","E","R","BOSS","M","?","M","M","?","R","E","M","T","E"],"build_version":"2019-10-03","purchased_purges":1,"victory":false,"max_hp_per_floor":[75,75,75,75,75,75,75,75,75,75,75,75,75,75,75,75,85,85,85,85,85,85,85,85,85,85,85],"card_choices":[{"not_picked":["True Grit","Flex"],"picked":"Shrug It Off","floor":1.0},{"not_picked":["Warcry","Perfected Strike"],"picked":"Reckless Charge","floor":4.0},{"not_picked":["Wild Strike","Flame Barrier"],"picked":"Spot Weakness","floor":5.0},{"not_picked":["Pummel","Pommel Strike"],"picked":"Anger","floor":7.0},{"not_picked":["Perfected Strike","Searing Blow","Havoc"],"picked":"SKIP","floor":10.0},{"not_picked":["Combust","Warcry"],"picked":"Heavy Blade","floor":11.0},{"not_picked":["Clothesline","Combust"],"picked":"Flame Barrier","floor":12.0},{"not_picked":["Body Slam","Burning Pact"],"picked":"Power Through","floor":14.0},{"not_picked":["Brutality","Berserk"],"picked":"Offering","floor":16.0},{"not_picked":["Armaments","Headbutt"],"picked":"Shrug It Off","floor":18.0},{"not_picked":["Armaments+1","Twin Strike"],"picked":"Evolve","floor":20.0},{"not_picked":["Armaments","Flex"],"picked":"Headbutt","floor":21.0},{"not_picked":["Fire Breathing","Dual Wield"],"picked":"Double Tap","floor":24.0},{"not_picked":["Thunderclap","True Grit"],"picked":"Shrug It Off","floor":25}],"player_experience":1229033,"relics_obtained":[{"floor":7.0,"key":"Self Forming Clay"},{"floor":9.0,"key":"Pantograph"},{"floor":10.0,"key":"Omamori"},{"floor":14.0,"key":"Ornamental Fan"},{"floor":17.0,"key":"Lantern"},{"floor":17.0,"key":"Pear"},{"floor":17.0,"key":"StoneCalendar"},{"floor":24.0,"key":"Ancient Tea Set"},{"floor":26,"key":"MealTicket"}],"event_choices":[{"cards_removed":["Strike_R"],"damage_healed":0.0,"max_hp_gain":0.0,"max_hp_loss":0.0,"gold_gain":0.0,"event_name":"Purifier","player_choice":"Purged","floor":3.0,"gold_loss":0.0,"damage_taken":0.0},{"damage_healed":0.0,"max_hp_gain":0.0,"max_hp_loss":0.0,"gold_gain":0.0,"event_name":"Back to Basics","player_choice":"Simplicity","floor":19.0,"gold_loss":0.0,"damage_taken":0.0,"cards_upgraded":["Strike_R","Strike_R","Strike_R","Strike_R","Defend_R","Defend_R","Defend_R","Defend_R"]},{"damage_healed":0.0,"max_hp_gain":0.0,"max_hp_loss":0.0,"gold_gain":0.0,"event_name":"Upgrade Shrine","player_choice":"Upgraded","floor":22.0,"gold_loss":0.0,"damage_taken":0.0,"cards_upgraded":["Flame Barrier"]}],"is_beta":true,"boss_relics":[{"not_picked":["Busted Crown","Coffee Dripper"],"picked":"Calling Bell"}],"items_purged_floors":[2],"is_endless":false,"potions_floor_spawned":[1,4,7,11,16,20,25],"killed_by":"Slavers","ascension_level":20}