{"gold_per_floor":[112,131,147,120,134,134,162,162,162,189,201,227,264,276,288,372,384,411,443,303,303,313,313,346,346,395,395,405,434,434,448,448,527,527,546,65,65,81,92,120,120,153,178,0,29,29,48,68,68,68,68],"floor_reached":52,"playtime":2667,"items_purged":["Strike_R","Strike_R"],"score":2004,"play_id":"e3ef6205-bc8f-444c-a18b-d12602095077","local_time":"20191017104831","is_ascension_mode":true,"campfire_choices":[{"data":"Armaments","floor":6.0,"key":"SMITH"},{"data":"Clothesline","floor":8.0,"key":"SMITH"},{"data":"Demon Form","floor":11.0,"key":"SMITH"},{"floor":15.0,"key":"REST"},{"floor":23,"key":"REST"},{"floor":25,"key":"REST"},{"floor":27,"key":"REST"},{"floor":30,"key":"REST"},{"floor":32,"key":"REST"},{"floor":41,"key":"REST"},{"floor":46,"key":"REST"},{"floor":49,"key":"REST"}],"neow_cost":"NONE","seed_source_timestamp":221886900584800,"circlet_count":0,"master_deck":["AscendersBane","Strike_R","Strike_R","Defend_R","Defend_R","Defend_R+1","Defend_R","Bash","Armaments+1","Anger","Clothesline+1","Demon Form+1","Shrug It Off","Limit Break","Burning Pact+1","Offering","Spot Weakness+1","Heavy Blade","Feel No Pain","Dark Embrace","Seeing Red+1","Feed","Metallicize","Heavy Blade","Battle Trance+1","Clothesline+1"],"special_seed":0,"relics":["Burning Blood","Regal Pillow","Bag of Marbles","MawBank","White Beast Statue","Fusion Hammer","Nilry\u0027s Codex","Mummified Hand","PreservedInsect","Oddly Smooth Stone","Snecko Eye","Bag of Preparation","War Paint","Self Forming Clay","Blood Vial","Art of War","Red Mask","Champion Belt"],"potions_floor_usage":[22,28,29,38,40,48,50,51],"damage_taken":[{"damage":4.0,"enemies":"2 Louse","floor":1.0,"turns":4.0},{"damage":1.0,"enemies":"Cultist","floor":2.0,"turns":3.0},{"damage":10.0,"enemies":"Small Slimes","floor":3.0,"turns":6.0},{"damage":7.0,"enemies":"Exordium Thugs","floor":4.0,"turns":4.0},{"damage":1.0,"enemies":"Red Slaver","floor":5.0,"turns":4.0},{"damage":39.0,"enemies":"Gremlin Nob","floor":7.0,"turns":4.0},{"damage":7.0,"enemies":"Lagavulin","floor":10.0,"turns":6.0},{"damage":8.0,"enemies":"2 Fungi Beasts","floor":12.0,"turns":4.0},{"damage":16.0,"enemies":"3 Sentries","floor":13.0,"turns":9.0},{"damage":23.0,"enemies":"Slime Boss","floor":16.0,"turns":10.0},{"damage":26.0,"enemies":"Spheric Guardian","floor":18.0,"turns":9.0},{"damage":23.0,"enemies":"Shell Parasite","floor":19.0,"turns":4.0},{"damage":9,"enemies":"Centurion and Healer","floor":22,"turns":6},{"damage":39,"enemies":"Gremlin Leader","floor":24,"turns":6},{"damage":23,"enemies":"Shelled Parasite and Fungi","floor":28,"turns":4},{"damage":10,"enemies":"Slavers","floor":29,"turns":5},{"damage":15,"enemies":"Snake Plant","floor":31,"turns":3},{"damage":26,"enemies":"Champ","floor":33,"turns":12},{"damage":26,"enemies":"3 Darklings","floor":35,"turns":5},{"damage":6,"enemies":"Orb Walker","floor":38,"turns":6},{"damage":6,"enemies":"Spire Growth","floor":39,"turns":3},{"damage":30,"enemies":"Reptomancer","floor":40,"turns":5},{"damage":20,"enemies":"Giant Head","floor":42,"turns":4},{"damage":24,"enemies":"Nemesis","floor":45,"turns":5},{"damage":6,"enemies":"Maw","floor":47,"turns":4},{"damage":12,"enemies":"Transient","floor":48,"turns":6},{"damage":44,"enemies":"Time Eater","floor":50,"turns":7},{"damage":38,"enemies":"Awakened One","floor":51,"turns":5}],"seed_played":"-1587688651394931307","potions_obtained":[{"floor":0.0,"key":"Block Potion"},{"floor":0.0,"key":"Regen Potion"},{"floor":2.0,"key":"Fire Potion"},{"floor":4.0,"key":"EssenceOfSteel"},{"floor":7.0,"key":"SkillPotion"},{"floor":13.0,"key":"Explosive Potion"},{"floor":16.0,"key":"SteroidPotion"},{"floor":18.0,"key":"PowerPotion"},{"floor":19.0,"key":"DuplicationPotion"},{"floor":22,"key":"SpeedPotion"},{"floor":24,"key":"PowerPotion"},{"floor":28,"key":"SpeedPotion"},{"floor":29,"key":"Explosive Potion"},{"floor":35,"key":"Dexterity Potion"},{"floor":38,"key":"Fire Potion"},{"floor":40,"key":"SteroidPotion"},{"floor":42,"key":"Ancient Potion"},{"floor":45,"key":"Regen Potion"},{"floor":48,"key":"GamblersBrew"}],"is_trial":false,"path_per_floor":["M","M","M","M","M","R","E","R","T","E","R","M","E","?","R","B",null,"M","M","$","?","M","R","E","R","T","R","M","E","R","M","R","B",null,"M","$","?","M","M","E","R","E","T","?","E","R","M","M","R","B","B",null],"character_chosen":"IRONCLAD","items_purchased":["Feel No Pain","Bag of Preparation","Metallicize","War Paint"],"campfire_rested":9,"item_purchase_floors":[20,36,36,36],"current_hp_per_floor":[70,75,71,75,75,75,42,42,42,41,41,39,29,29,66,49,69,49,32,32,11,8,45,12,49,49,75,58,54,75,66,75,55,70,53,53,78,78,82,58,82,68,68,68,52,82,82,76,82,63,36],"gold":68,"neow_bonus":"THREE_SMALL_POTIONS","is_prod":false,"is_daily":false,"chose_seed":false,"campfire_upgraded":3,"win_rate":0,"timestamp":1571334511,"path_taken":["M","M","M","M","M","R","E","R","T","E","R","M","E","?","R","BOSS","M","?","$","?","M","R","E","R","T","R","M","E","R","M","R","BOSS","M","$","?","?","M","E","R","E","T","?","E","R","M","M","R","BOSS","BOSS"],"build_version":"2019-10-16","purchased_purges":2,"victory":true,"max_hp_per_floor":[75,75,75,75,75,75,75,75,75,75,75,75,75,75,75,75,75,75,75,75,75,75,75,75,75,75,75,75,75,75,75,75,75,75,78,78,78,78,82,82,82,82,82,82,82,82,82,82,82,86,89],"card_choices":[{"not_picked":["Clash","Warcry"],"picked":"Armaments","floor":1.0},{"not_picked":["Warcry","Iron Wave","Cleave"],"picked":"SKIP","floor":2.0},{"not_picked":["Perfected Strike","Juggernaut"],"picked":"Anger","floor":3.0},{"not_picked":["Dropkick","Sword Boomerang"],"picked":"Clothesline","floor":4.0},{"not_picked":["Thunderclap","Heavy Blade","Searing Blow"],"picked":"SKIP","floor":5.0},{"not_picked":["Flex","Second Wind"],"picked":"Demon Form","floor":7.0},{"not_picked":["Iron Wave","Clash"],"picked":"Shrug It Off","floor":10.0},{"not_picked":["Dropkick","Flex","Clash"],"picked":"SKIP","floor":12.0},{"not_picked":["Entrench","Armaments"],"picked":"Limit Break","floor":13.0},{"not_picked":["Juggernaut","Impervious"],"picked":"Offering","floor":16.0},{"not_picked":["Warcry+1","Perfected Strike"],"picked":"Spot Weakness+1","floor":18.0},{"not_picked":["Thunderclap+1","Iron Wave"],"picked":"Heavy Blade","floor":19.0},{"not_picked":["Pummel","Twin Strike","Heavy Blade"],"picked":"SKIP","floor":22},{"not_picked":["Warcry","Whirlwind","Dual Wield"],"picked":"SKIP","floor":24},{"not_picked":["Thunderclap","Armaments"],"picked":"Dark Embrace","floor":28},{"not_picked":["Clothesline","Body Slam","Cleave"],"picked":"SKIP","floor":29},{"not_picked":["Twin Strike","Anger+1"],"picked":"Seeing Red+1","floor":31},{"not_picked":["Fiend Fire","Double Tap"],"picked":"Feed","floor":33},{"not_picked":["Sword Boomerang","Headbutt","Body Slam"],"picked":"SKIP","floor":35},{"not_picked":["Twin Strike+1","Evolve","Perfected Strike"],"picked":"SKIP","floor":38},{"not_picked":["Wild Strike+1","Spot Weakness"],"picked":"Heavy Blade","floor":39},{"not_picked":["Sword Boomerang","Pommel Strike"],"picked":"Battle Trance+1","floor":40},{"not_picked":["Flex","Armaments","Berserk"],"picked":"SKIP","floor":42},{"not_picked":["Spot Weakness","Power Through","Blood for Blood+1"],"picked":"SKIP","floor":45},{"not_picked":["Clothesline+1","Carnage","Iron Wave"],"picked":"SKIP","floor":47},{"not_picked":["Carnage","Iron Wave"],"picked":"Clothesline+1","floor":47},{"not_picked":["Cleave+1","Twin Strike+1","Iron Wave+1"],"picked":"SKIP","floor":48}],"player_experience":1608814,"relics_obtained":[{"floor":7.0,"key":"Regal Pillow"},{"floor":9.0,"key":"Bag of Marbles"},{"floor":10.0,"key":"MawBank"},{"floor":13.0,"key":"White Beast Statue"},{"floor":21,"key":"Nilry\u0027s Codex"},{"floor":24,"key":"Mummified Hand"},{"floor":26,"key":"PreservedInsect"},{"floor":29,"key":"Oddly Smooth Stone"},{"floor":40,"key":"Self Forming Clay"},{"floor":42,"key":"Blood Vial"},{"floor":43,"key":"Art of War"},{"floor":45,"key":"Champion Belt"}],"event_choices":[{"damage_healed":0.0,"max_hp_gain":0.0,"max_hp_loss":0.0,"gold_gain":0.0,"cards_transformed":["Strike_R"],"event_name":"Transmorgrifier","player_choice":"Transformed","floor":14.0,"gold_loss":0.0,"damage_taken":0.0,"cards_obtained":["Burning Pact"]},{"damage_healed":0,"gold_gain":0,"player_choice":"Obtained Book","damage_taken":21,"max_hp_gain":0,"max_hp_loss":0,"event_name":"Cursed Tome","floor":21,"gold_loss":0},{"damage_healed":25,"gold_gain":0,"player_choice":"Full Heal","damage_taken":0,"max_hp_gain":0,"max_hp_loss":0,"event_name":"Wheel of Change","floor":37,"gold_loss":0},{"damage_healed":0,"gold_gain":0,"player_choice":"Paid","damage_taken":0,"relics_obtained":["Red Mask"],"max_hp_gain":0,"max_hp_loss":0,"event_name":"Tomb of Lord Red Mask","floor":44,"gold_loss":178}],"is_beta":true,"boss_relics":[{"not_picked":["Velvet Choker","Tiny House"],"picked":"Fusion Hammer"},{"not_picked":["Calling Bell","Pandora\u0027s Box"],"picked":"Snecko Eye"}],"items_purged_floors":[20,36],"is_endless":false,"potions_floor_spawned":[2,4,7,13,16,18,19,22,24,28,29,31,33,35,38,39,40,42,45,47,48],"ascension_level":20}