{"gold_per_floor":[118,118,193,205,222,250,269,170,241,275,275,301,314,342,342,442,442,459,459,459,474,489,520,534,534,534,565,565,565,565,6,6,106,106,119,134,134,19,32,32,61,61,112,112,147,164,26,26,26,26,26,26,26,55,55],"floor_reached":55,"playtime":3236,"items_purged":["Strike_R","Defend_R"],"score":939,"play_id":"26bf5702-3889-45b8-a084-bb9b6cc0bc6a","local_time":"20190915161719","is_ascension_mode":true,"campfire_choices":[{"data":"Armaments","floor":11,"key":"SMITH"},{"data":"Bash","floor":15,"key":"SMITH"},{"data":"Immolate","floor":25,"key":"SMITH"},{"data":"Strike_R","floor":28,"key":"PURGE"},{"floor":30,"key":"REST"},{"floor":32,"key":"REST"},{"data":"Strike_R","floor":40,"key":"PURGE"},{"data":"Strike_R","floor":42,"key":"PURGE"},{"floor":49,"key":"RECALL"},{"data":"Defend_R","floor":52,"key":"PURGE"}],"neow_cost":"NONE","seed_source_timestamp":273047581631399,"circlet_count":0,"master_deck":["Strike_R+1","Defend_R+1","Bash+1","Shrug It Off","Clothesline","Anger","Bludgeon","Rampage","Armaments+1","Juggernaut","Immolate+1","Shockwave+1","Reaper","Bludgeon","Battle Trance+1","Clothesline+1","Madness","Madness","Impervious","Inflame"],"relics":["Burning Blood","Pocketwatch","Singing Bowl","Omamori","The Courier","Art of War","Snecko Eye","Nunchaku","Letter Opener","Peace Pipe","Bottled Flame","Magic Flower","Red Skull","Fusion Hammer","Meat on the Bone","Oddly Smooth Stone","Torii","Strawberry","Lantern"],"potions_floor_usage":[13,16,16,23,27,33,45,50,50],"damage_taken":[{"damage":2,"enemies":"Jaw Worm","floor":1,"turns":3},{"damage":3,"enemies":"Small Slimes","floor":4,"turns":4},{"damage":0,"enemies":"Cultist","floor":5,"turns":3},{"damage":29,"enemies":"Gremlin Nob","floor":6,"turns":4},{"damage":2,"enemies":"2 Fungi Beasts","floor":7,"turns":3},{"damage":20,"enemies":"3 Sentries","floor":10,"turns":6},{"damage":17,"enemies":"Lagavulin","floor":12,"turns":5},{"damage":0,"enemies":"3 Louse","floor":13,"turns":4},{"damage":10,"enemies":"Gremlin Nob","floor":14,"turns":3},{"damage":18,"enemies":"Hexaghost","floor":16,"turns":8},{"damage":16,"enemies":"Shell Parasite","floor":18,"turns":3},{"damage":4,"enemies":"Chosen","floor":21,"turns":3},{"damage":19,"enemies":"Sentry and Sphere","floor":22,"turns":4},{"damage":13,"enemies":"Gremlin Leader","floor":23,"turns":4},{"damage":12,"enemies":"Snake Plant","floor":24,"turns":3},{"damage":24,"enemies":"Book of Stabbing","floor":27,"turns":3},{"damage":74,"enemies":"Automaton","floor":33,"turns":7},{"damage":0,"enemies":"Orb Walker","floor":35,"turns":1},{"damage":0,"enemies":"3 Darklings","floor":36,"turns":2},{"damage":0,"enemies":"Jaw Worm Horde","floor":39,"turns":2},{"damage":37,"enemies":"Nemesis","floor":41,"turns":5},{"damage":59,"enemies":"Giant Head","floor":45,"turns":7},{"damage":8,"enemies":"4 Shapes","floor":46,"turns":1},{"damage":75,"enemies":"Awakened One","floor":50,"turns":9},{"damage":77,"enemies":"Shield and Spear","floor":54,"turns":5},{"damage":94,"enemies":"The Heart","floor":55,"turns":6}],"seed_played":"2296457636001809122","potions_obtained":[{"floor":4,"key":"Dexterity Potion"},{"floor":5,"key":"GamblersBrew"},{"floor":7,"key":"BloodPotion"},{"floor":14,"key":"PowerPotion"},{"floor":20,"key":"PowerPotion"},{"floor":20,"key":"AttackPotion"},{"floor":27,"key":"LiquidBronze"},{"floor":36,"key":"AttackPotion"},{"floor":45,"key":"Poison Potion"},{"floor":46,"key":"Strength Potion"}],"is_trial":false,"path_per_floor":["M","?","?","M","M","E","M","$","T","E","R","E","M","E","R","B",null,"M","?","?","M","M","E","M","R","T","E","R","?","R","$","R","B",null,"M","M","?","$","M","R","E","R","T","?","E","M","$","?","R","B",null,"R","$","E","B"],"character_chosen":"IRONCLAD","items_purchased":["Armaments","Bottled Flame","Magic Flower","Red Skull","Oddly Smooth Stone","Impervious"],"campfire_rested":2,"item_purchase_floors":[8,31,31,31,38,47],"current_hp_per_floor":[88,70,59,62,68,45,49,49,49,37,37,28,59,55,55,43,94,84,84,84,88,77,70,66,66,66,50,50,29,61,61,93,28,107,109,111,111,111,111,111,92,92,92,78,69,72,72,72,72,39,122,122,122,74,0],"gold":55,"neow_bonus":"TEN_PERCENT_HP_BONUS","is_prod":false,"is_daily":false,"chose_seed":false,"campfire_upgraded":3,"win_rate":0,"timestamp":1568557039,"path_taken":["M","?","?","M","M","E","M","$","T","E","R","E","M","E","R","BOSS","M","?","?","?","M","E","M","R","T","E","R","?","R","$","R","BOSS","M","M","?","?","M","R","E","R","T","?","E","M","$","?","R","BOSS","R","$","E","BOSS"],"build_version":"2019-07-17","purchased_purges":2,"victory":false,"max_hp_per_floor":[88,88,88,88,88,88,88,88,88,90,90,92,94,94,94,94,94,94,94,94,96,98,98,100,100,100,102,102,107,107,107,107,107,107,109,111,111,111,111,111,111,111,111,111,120,122,122,122,122,122,122,122,122,124,124],"card_choices":[{"not_picked":["Metallicize","Searing Blow"],"picked":"Shrug It Off","floor":1},{"not_picked":["Sword Boomerang","Shockwave"],"picked":"Clothesline","floor":4},{"not_picked":["Clothesline","Intimidate"],"picked":"Anger","floor":5},{"not_picked":["Burning Pact","Warcry"],"picked":"Bludgeon","floor":6},{"not_picked":["Thunderclap","Headbutt"],"picked":"Rampage","floor":7},{"not_picked":["Pommel Strike","Warcry","Ghostly Armor"],"picked":"Singing Bowl","floor":10},{"not_picked":["Ghostly Armor","Feel No Pain","Shockwave"],"picked":"Singing Bowl","floor":12},{"not_picked":["Cleave","Thunderclap","Iron Wave"],"picked":"Singing Bowl","floor":13},{"not_picked":["Shrug It Off","Body Slam"],"picked":"Juggernaut","floor":14},{"not_picked":["Exhume","Fiend Fire"],"picked":"Immolate","floor":16},{"not_picked":["Clothesline","Sword Boomerang"],"picked":"Shockwave+1","floor":18},{"not_picked":["Power Through","Burning Pact","Wild Strike"],"picked":"Singing Bowl","floor":21},{"not_picked":["Anger","Sentinel+1","Burning Pact"],"picked":"Singing Bowl","floor":22},{"not_picked":["Bloodletting","Cleave+1"],"picked":"Reaper","floor":23},{"not_picked":["Bloodletting+1","Fire Breathing","Sword Boomerang"],"picked":"Singing Bowl","floor":24},{"not_picked":["Rage","Cleave","Sentinel+1"],"picked":"Singing Bowl","floor":27},{"not_picked":["Barricade","Impervious"],"picked":"Bludgeon","floor":33},{"not_picked":["Metallicize+1","Sword Boomerang","Fire Breathing"],"picked":"Singing Bowl","floor":35},{"not_picked":["Rupture+1","Shockwave+1","Feel No Pain"],"picked":"Singing Bowl","floor":36},{"not_picked":["Clash","Evolve+1"],"picked":"Battle Trance+1","floor":39},{"not_picked":["Bloodletting+1","Pummel"],"picked":"Clothesline+1","floor":41},{"not_picked":["Searing Blow+1","Clash","Sever Soul+1"],"picked":"Singing Bowl","floor":45},{"not_picked":["Headbutt","Combust+1","Seeing Red+1"],"picked":"Singing Bowl","floor":46},{"not_picked":["Seeing Red","Body Slam+1","Hemokinesis"],"picked":"Singing Bowl","floor":54}],"player_experience":152014,"relics_obtained":[{"floor":6,"key":"Pocketwatch"},{"floor":9,"key":"Singing Bowl"},{"floor":10,"key":"Omamori"},{"floor":12,"key":"The Courier"},{"floor":14,"key":"Art of War"},{"floor":23,"key":"Nunchaku"},{"floor":26,"key":"Letter Opener"},{"floor":27,"key":"Peace Pipe"},{"floor":41,"key":"Torii"},{"floor":45,"key":"Strawberry"},{"floor":54,"key":"Lantern"}],"event_choices":[{"damage_healed":0,"gold_gain":0,"player_choice":"Entered Light","damage_taken":18,"max_hp_gain":0,"max_hp_loss":0,"event_name":"Shining Light","floor":2,"gold_loss":0,"cards_upgraded":["Strike_R","Defend_R"]},{"damage_healed":0,"gold_gain":75,"player_choice":"Gather Gold","damage_taken":11,"max_hp_gain":0,"max_hp_loss":0,"event_name":"World of Goop","floor":3,"gold_loss":0},{"damage_healed":0,"gold_gain":0,"player_choice":"Ignored","damage_taken":0,"max_hp_gain":0,"max_hp_loss":0,"event_name":"Vampires","floor":19,"gold_loss":0},{"damage_healed":0,"gold_gain":0,"player_choice":"Got Potions","damage_taken":0,"max_hp_gain":0,"max_hp_loss":0,"event_name":"Lab","floor":20,"gold_loss":0},{"damage_healed":0,"gold_gain":0,"player_choice":"Shed Blood","damage_taken":26,"max_hp_gain":5,"max_hp_loss":0,"event_name":"Forgotten Altar","floor":29,"gold_loss":0},{"damage_healed":0,"gold_gain":0,"player_choice":"Gave Potion","damage_taken":0,"relics_obtained":["Meat on the Bone"],"max_hp_gain":0,"max_hp_loss":0,"event_name":"WeMeetAgain","floor":37,"gold_loss":0},{"damage_healed":0,"gold_gain":0,"player_choice":"Embrace Madness","damage_taken":14,"max_hp_gain":0,"max_hp_loss":0,"event_name":"Winding Halls","floor":44,"gold_loss":0,"cards_obtained":["Madness","Madness"]},{"damage_healed":0,"gold_gain":0,"cards_transformed":["Defend_R"],"player_choice":"Transformed","damage_taken":0,"max_hp_gain":0,"max_hp_loss":0,"event_name":"Transmorgrifier","floor":48,"gold_loss":0,"cards_obtained":["Inflame"]}],"is_beta":false,"boss_relics":[{"not_picked":["Mark of Pain","Sozu"],"picked":"Snecko Eye"},{"not_picked":["Black Blood","Calling Bell"],"picked":"Fusion Hammer"}],"items_purged_floors":[8,47],"is_endless":false,"potions_floor_spawned":[4,5,7,12,14,21,22,27,36,45,46],"killed_by":"The Heart","ascension_level":4}