{"gold_per_floor":[114,39,54,154,54,54,118,46,46,65,65,76,76,106,106,106],"floor_reached":16,"playtime":981,"items_purged":["Defend_G","Strike_G"],"score":119,"play_id":"6f78408b-0301-4f8b-9324-a791bbeb275c","local_time":"20190913200335","is_ascension_mode":true,"campfire_choices":[{"data":"Reflex","floor":6,"key":"SMITH"},{"data":"Neutralize","floor":13,"key":"SMITH"},{"floor":15,"key":"REST"}],"neow_cost":"NONE","seed_source_timestamp":116080161350400,"circlet_count":0,"master_deck":["Strike_G","Strike_G","Strike_G","Strike_G","Defend_G","Defend_G","Defend_G","Defend_G","Survivor","Neutralize+1","Dodge and Roll","Reflex+1","All Out Attack","Noxious Fumes","Deflect+1","Flying Knee","Glass Knife"],"relics":["Ring of the Snake","Tiny Chest","Toxic Egg 2","Blood Vial","Lantern"],"potions_floor_usage":[7,14],"damage_taken":[{"damage":0,"enemies":"Cultist","floor":1,"turns":4},{"damage":0,"enemies":"2 Louse","floor":3,"turns":3},{"damage":40,"enemies":"3 Sentries","floor":7,"turns":19},{"damage":0,"enemies":"Small Slimes","floor":10,"turns":4},{"damage":12,"enemies":"Looter","floor":12,"turns":4},{"damage":18,"enemies":"Gremlin Nob","floor":14,"turns":5},{"damage":37,"enemies":"Hexaghost","floor":16,"turns":10}],"seed_played":"3902279160038783533","potions_obtained":[{"floor":3,"key":"Fire Potion"},{"floor":10,"key":"Fire Potion"},{"floor":12,"key":"Swift Potion"}],"is_trial":false,"path_per_floor":["M","$","M","?","$","R","E","$","T","M","?","M","R","E","R","B"],"character_chosen":"THE_SILENT","items_purchased":["Noxious Fumes"],"campfire_rested":1,"item_purchase_floors":[8],"current_hp_per_floor":[77,77,77,77,77,77,37,37,37,37,37,27,27,11,34,0],"gold":106,"neow_bonus":"TEN_PERCENT_HP_BONUS","is_prod":false,"is_daily":false,"chose_seed":false,"campfire_upgraded":2,"win_rate":0,"timestamp":1568397815,"path_taken":["M","$","?","?","$","R","E","?","T","M","?","M","R","E","R","BOSS"],"build_version":"2019-07-17","purchased_purges":2,"victory":false,"max_hp_per_floor":[77,77,77,77,77,77,77,77,77,77,77,77,77,77,77,77],"card_choices":[{"not_picked":["Underhanded Strike","Outmaneuver"],"picked":"Dodge and Roll","floor":1},{"not_picked":["Quick Slash","Deflect"],"picked":"Reflex","floor":3},{"not_picked":["Masterful Stab","Acrobatics"],"picked":"All Out Attack","floor":7},{"not_picked":["Caltrops","Choke"],"picked":"Deflect+1","floor":10},{"not_picked":["Sucker Punch","Skewer"],"picked":"Flying Knee","floor":12},{"not_picked":["Sucker Punch","Finisher"],"picked":"Glass Knife","floor":14}],"player_experience":92691,"relics_obtained":[{"floor":7,"key":"Tiny Chest"},{"floor":9,"key":"Toxic Egg 2"},{"floor":14,"key":"Lantern"}],"event_choices":[{"damage_healed":0,"gold_gain":100,"player_choice":"Pray","damage_taken":0,"max_hp_gain":0,"max_hp_loss":0,"event_name":"Golden Shrine","floor":4,"gold_loss":0},{"damage_healed":0,"gold_gain":0,"player_choice":"Gave Potion","damage_taken":0,"relics_obtained":["Blood Vial"],"max_hp_gain":0,"max_hp_loss":0,"event_name":"WeMeetAgain","floor":11,"gold_loss":0}],"is_beta":false,"boss_relics":[],"items_purged_floors":[2,5],"is_endless":false,"potions_floor_spawned":[3,10,12],"killed_by":"Hexaghost","ascension_level":2}