{"gold_per_floor":[109,184,184,197,13,45,45,60,60,60,103,135,135,173,173,173],"floor_reached":16,"playtime":345,"items_purged":["Strike_R"],"score":270,"play_id":"4af007e5-a67e-490e-a7ce-2e469bf33e91","local_time":"20191014131628","is_ascension_mode":true,"campfire_choices":[{"data":"Clothesline","floor":7,"key":"SMITH"},{"data":"Combust","floor":13,"key":"SMITH"},{"data":"Flame Barrier","floor":15,"key":"SMITH"}],"neow_cost":"NONE","seed_source_timestamp":331885911253500,"circlet_count":0,"master_deck":["AscendersBane","Strike_R","Strike_R","Strike_R","Strike_R","Defend_R","Defend_R","Defend_R","Defend_R","Bash","Flame Barrier+1","Combust+1","Clothesline+1","Evolve","Headbutt","Feel No Pain","Reaper","Shrug It Off","Reckless Charge"],"relics":["Burning Blood","NeowsBlessing","Singing Bowl","Vajra","Prayer Wheel","Pantograph","CeramicFish"],"potions_floor_usage":[16],"damage_taken":[{"damage":0,"enemies":"Cultist","floor":1,"turns":1},{"damage":0,"enemies":"Jaw Worm","floor":4,"turns":1},{"damage":0,"enemies":"Lagavulin","floor":6,"turns":1},{"damage":0,"enemies":"Small Slimes","floor":8,"turns":4},{"damage":42,"enemies":"Gremlin Nob","floor":11,"turns":5},{"damage":10,"enemies":"3 Louse","floor":12,"turns":3},{"damage":16,"enemies":"Looter","floor":14,"turns":4},{"damage":49,"enemies":"Hexaghost","floor":16,"turns":10}],"seed_played":"-3263539247894877316","potions_obtained":[{"floor":1,"key":"Explosive Potion"},{"floor":11,"key":"ElixirPotion"}],"is_trial":false,"path_per_floor":["M","?","T","M","$","E","R","M","T","?","E","M","R","M","R","B"],"character_chosen":"IRONCLAD","items_purchased":["Combust","Clothesline"],"campfire_rested":0,"item_purchase_floors":[5,5],"current_hp_per_floor":[74,63,63,71,71,77,77,79,79,68,32,28,28,23,23,0],"gold":173,"neow_bonus":"THREE_ENEMY_KILL","is_prod":false,"is_daily":false,"chose_seed":false,"campfire_upgraded":3,"win_rate":0,"timestamp":1571084188,"path_taken":["M","?","?","M","$","E","R","M","T","?","E","M","R","M","R","BOSS"],"build_version":"2019-10-11","purchased_purges":1,"victory":false,"max_hp_per_floor":[75,75,75,77,77,77,77,79,79,79,79,79,79,79,79,79],"card_choices":[{"not_picked":["Havoc","True Grit"],"picked":"Flame Barrier","floor":1},{"not_picked":["Twin Strike","Sword Boomerang","Perfected Strike"],"picked":"Singing Bowl","floor":4},{"not_picked":["Havoc","Shockwave"],"picked":"Evolve","floor":6},{"not_picked":["Intimidate","Cleave","Pommel Strike"],"picked":"Singing Bowl","floor":8},{"not_picked":["Fire Breathing","Thunderclap"],"picked":"Headbutt","floor":11},{"not_picked":["Sword Boomerang","Headbutt"],"picked":"Feel No Pain","floor":12},{"not_picked":["Clash","Flame Barrier"],"picked":"Reaper","floor":12},{"not_picked":["Reckless Charge","Warcry"],"picked":"Shrug It Off","floor":14},{"not_picked":["Evolve","Havoc"],"picked":"Reckless Charge","floor":14}],"player_experience":1566743,"relics_obtained":[{"floor":3,"key":"Singing Bowl"},{"floor":6,"key":"Vajra"},{"floor":9,"key":"Prayer Wheel"},{"floor":11,"key":"CeramicFish"}],"event_choices":[{"damage_healed":0,"gold_gain":75,"player_choice":"Gather Gold","damage_taken":11,"max_hp_gain":0,"max_hp_loss":0,"event_name":"World of Goop","floor":2,"gold_loss":0},{"damage_healed":0,"gold_gain":0,"player_choice":"Success","damage_taken":11,"relics_obtained":["Pantograph"],"max_hp_gain":0,"max_hp_loss":0,"event_name":"Scrap Ooze","floor":10,"gold_loss":0}],"is_beta":true,"boss_relics":[],"items_purged_floors":[5],"is_endless":false,"potions_floor_spawned":[1,11,14],"killed_by":"Hexaghost","ascension_level":20}