{"gold_per_floor":[115,115,127,144,161,192,202,202,202,218,253,272,32,52,52,147,147,160,33,33,45,55,55,90,110,110,140,150,25,25,36,36,36],"floor_reached":33,"playtime":2654,"items_purged":["Defend_B","Defend_B","Strike_B"],"score":388,"play_id":"65995a0a-2f76-4bb5-9414-cd310fb3cfaa","local_time":"20190914002435","is_ascension_mode":true,"campfire_choices":[{"floor":8,"key":"REST"},{"data":"1","floor":15,"key":"LIFT"},{"data":"Beam Cell","floor":23,"key":"SMITH"},{"data":"Dualcast","floor":30,"key":"SMITH"},{"data":"2","floor":32,"key":"LIFT"}],"neow_cost":"NONE","seed_source_timestamp":130067120742900,"circlet_count":0,"master_deck":["Strike_B","Strike_B","Defend_B","Defend_B","Zap","Dualcast+1","Compile Driver","Leap","Ball Lightning","Buffer","Beam Cell+1","Glacier","Go for the Eyes","Darkness","Master of Strategy","Electrodynamics+1","BootSequence","Steam","Biased Cognition","Chill+1","Thunder Strike"],"relics":["Cracked Core","Girya","Regal Pillow","Singing Bowl","Coffee Dripper","Nloth\u0027s Gift","Bottled Flame","Bag of Preparation","Shuriken"],"potions_floor_usage":[7,7,11,24,24,27,33,33,33],"damage_taken":[{"damage":9,"enemies":"Small Slimes","floor":1,"turns":5},{"damage":1,"enemies":"Cultist","floor":3,"turns":4},{"damage":6,"enemies":"2 Louse","floor":4,"turns":3},{"damage":11,"enemies":"Blue Slaver","floor":5,"turns":3},{"damage":13,"enemies":"Lagavulin","floor":6,"turns":6},{"damage":50,"enemies":"Gremlin Gang","floor":7,"turns":4},{"damage":0,"enemies":"Large Slime","floor":10,"turns":7},{"damage":0,"enemies":"Gremlin Nob","floor":11,"turns":4},{"damage":2,"enemies":"Exordium Wildlife","floor":12,"turns":6},{"damage":0,"enemies":"Looter","floor":14,"turns":3},{"damage":21,"enemies":"The Guardian","floor":16,"turns":12},{"damage":0,"enemies":"Shell Parasite","floor":18,"turns":4},{"damage":1,"enemies":"3 Byrds","floor":21,"turns":3},{"damage":12,"enemies":"Sentry and Sphere","floor":22,"turns":4},{"damage":0,"enemies":"Gremlin Leader","floor":24,"turns":6},{"damage":10,"enemies":"Shelled Parasite and Fungi","floor":25,"turns":4},{"damage":11,"enemies":"Slavers","floor":27,"turns":3},{"damage":7,"enemies":"Snake Plant","floor":28,"turns":3},{"damage":0,"enemies":"Centurion and Healer","floor":31,"turns":5},{"damage":47,"enemies":"Automaton","floor":33,"turns":8}],"seed_played":"8133242574597008435","potions_obtained":[{"floor":3,"key":"Regen Potion"},{"floor":6,"key":"Regen Potion"},{"floor":7,"key":"FocusPotion"},{"floor":14,"key":"SteroidPotion"},{"floor":16,"key":"Dexterity Potion"},{"floor":21,"key":"Block Potion"},{"floor":24,"key":"Ancient Potion"},{"floor":25,"key":"Weak Potion"},{"floor":28,"key":"LiquidBronze"}],"is_trial":false,"path_per_floor":["M","?","M","M","M","E","M","R","T","M","E","M","$","M","R","B",null,"M","$","?","M","M","R","E","M","T","E","M","$","R","M","R","B"],"character_chosen":"DEFECT","items_purchased":["Master of Strategy","Steam"],"campfire_rested":1,"item_purchase_floors":[13,19],"current_hp_per_floor":[66,66,65,59,48,35,4,41,41,41,43,41,41,43,43,22,79,79,79,79,80,68,68,68,60,60,49,44,44,44,46,46,0],"gold":36,"neow_bonus":"TRANSFORM_CARD","is_prod":false,"is_daily":false,"chose_seed":false,"campfire_upgraded":2,"win_rate":0,"timestamp":1568413475,"path_taken":["M","?","?","M","?","E","M","R","T","?","E","M","$","M","R","BOSS","M","$","?","M","M","R","E","M","T","E","M","?","R","M","R","BOSS"],"build_version":"2019-07-17","purchased_purges":3,"victory":false,"max_hp_per_floor":[75,75,75,75,75,75,75,75,75,75,77,77,77,79,79,79,79,79,79,79,81,81,81,81,83,83,83,85,85,85,87,87,87],"card_choices":[{"not_picked":["Conserve Battery","Turbo"],"picked":"Gash","floor":1},{"not_picked":["Rebound","Steam"],"picked":"Leap","floor":3},{"not_picked":["Rebound","Force Field"],"picked":"Ball Lightning","floor":4},{"not_picked":["Redo","Capacitor"],"picked":"Buffer","floor":5},{"not_picked":["Barrage","Hyperbeam"],"picked":"Beam Cell","floor":6},{"not_picked":["Skim","Redo"],"picked":"Glacier","floor":7},{"not_picked":["Rebound","Beam Cell"],"picked":"Go for the Eyes","floor":10},{"not_picked":["Cold Snap","Redo","Rebound"],"picked":"Singing Bowl","floor":11},{"not_picked":["Rebound","Reprogram"],"picked":"Darkness","floor":12},{"not_picked":["Conserve Battery","Steam","Sweeping Beam"],"picked":"Singing Bowl","floor":14},{"not_picked":["Rainbow","Hyperbeam"],"picked":"Electrodynamics+1","floor":16},{"not_picked":["Rebound","Turbo"],"picked":"BootSequence","floor":18},{"not_picked":["Turbo+1","Loop","Go for the Eyes"],"picked":"Singing Bowl","floor":21},{"not_picked":["Leap","Loop+1"],"picked":"Biased Cognition","floor":22},{"not_picked":["Conserve Battery","Hyperbeam"],"picked":"Chill+1","floor":24},{"not_picked":["Hologram","Gash","Stack"],"picked":"Singing Bowl","floor":25},{"not_picked":["Turbo","Compile Driver"],"picked":"Thunder Strike","floor":27},{"not_picked":["Redo","Genetic Algorithm","Force Field"],"picked":"Singing Bowl","floor":28},{"not_picked":["Aggregate+1","Steam","Reprogram"],"picked":"Singing Bowl","floor":31}],"player_experience":106514,"relics_obtained":[{"floor":6,"key":"Regal Pillow"},{"floor":9,"key":"Frozen Egg 2"},{"floor":11,"key":"Singing Bowl"},{"floor":24,"key":"Bottled Flame"},{"floor":26,"key":"Bag of Preparation"},{"floor":27,"key":"Shuriken"}],"event_choices":[{"cards_removed":["Gash"],"damage_healed":0,"gold_gain":0,"player_choice":"Gave Card","damage_taken":0,"relics_obtained":["Girya"],"max_hp_gain":0,"max_hp_loss":0,"event_name":"WeMeetAgain","floor":2,"gold_loss":0},{"damage_healed":0,"gold_gain":0,"player_choice":"Traded Relic","damage_taken":0,"relics_obtained":["Nloth\u0027s Gift"],"max_hp_gain":0,"max_hp_loss":0,"event_name":"N\u0027loth","floor":20,"relics_lost":["Frozen Egg 2"],"gold_loss":0}],"is_beta":false,"boss_relics":[{"not_picked":["Sozu","Snecko Eye"],"picked":"Coffee Dripper"}],"items_purged_floors":[13,19,29],"is_endless":false,"potions_floor_spawned":[3,6,7,14,16,21,24,25,28],"killed_by":"Automaton","ascension_level":2}