{"gold_per_floor":[116,126,126,142,165,165,165,0,27,27,46,64,99,99,99,192,192,175,175,13,63,13,13,13],"floor_reached":24,"playtime":997,"items_purged":[],"score":369,"play_id":"e33e421f-42d7-4000-9550-059db0e3b941","local_time":"20190804225423","is_ascension_mode":true,"campfire_choices":[{"floor":6.0,"key":"REST"},{"data":"Footwork","floor":15.0,"key":"SMITH"},{"data":"Blur","floor":23.0,"key":"SMITH"}],"neow_cost":"NONE","seed_source_timestamp":1832222674114553,"circlet_count":0,"master_deck":["AscendersBane","Strike_G","Strike_G","Defend_G","Defend_G","Defend_G","Defend_G","Defend_G","Survivor","Neutralize+1","Cloak And Dagger","Dash","PiercingWail","Blur","Footwork+1","Leg Sweep","Poisoned Stab","Noxious Fumes","PiercingWail","Blur+1","Bullet Time","Blade Dance"],"special_seed":0,"relics":["Ring of the Snake","Golden Idol","Dream Catcher","Juzu Bracelet","Busted Crown","Regal Pillow"],"potions_floor_usage":[24,24],"damage_taken":[{"damage":4.0,"enemies":"Jaw Worm","floor":1.0,"turns":8.0},{"damage":1.0,"enemies":"Small Slimes","floor":2.0,"turns":4.0},{"damage":0.0,"enemies":"Cultist","floor":4.0,"turns":3.0},{"damage":17.0,"enemies":"Large Slime","floor":5.0,"turns":9.0},{"damage":1.0,"enemies":"Lots of Slimes","floor":11.0,"turns":3.0},{"damage":2.0,"enemies":"2 Fungi Beasts","floor":12.0,"turns":5.0},{"damage":5.0,"enemies":"Lagavulin","floor":13.0,"turns":10.0},{"damage":12.0,"enemies":"The Guardian","floor":16.0,"turns":11.0},{"damage":10.0,"enemies":"2 Thieves","floor":18.0,"turns":5.0},{"damage":78,"enemies":"Gremlin Leader","floor":24,"turns":10}],"seed_played":"-7430981498743330671","potions_obtained":[{"floor":5.0,"key":"Explosive Potion"},{"floor":11.0,"key":"Swift Potion"},{"floor":12.0,"key":"SkillPotion"},{"floor":16.0,"key":"Regen Potion"}],"is_trial":false,"path_per_floor":["M","M","?","M","M","R","?","$","T","$","M","M","E","?","R","B",null,"M","?","$","?","?","R","E"],"character_chosen":"THE_SILENT","items_purchased":["Footwork","Leg Sweep","Regal Pillow"],"campfire_rested":1,"item_purchase_floors":[8,8,20],"current_hp_per_floor":[61,60,35,35,18,39,39,39,39,39,38,36,31,31,31,19,59,49,49,49,49,49,49,0],"gold":13,"neow_bonus":"TEN_PERCENT_HP_BONUS","is_prod":false,"is_daily":false,"chose_seed":false,"campfire_upgraded":2,"win_rate":0,"timestamp":1564984463,"path_taken":["M","M","?","M","M","R","?","$","T","?","?","M","E","?","R","BOSS","M","?","$","?","?","R","E"],"build_version":"2019-07-17","purchased_purges":0,"victory":false,"max_hp_per_floor":[72,72,72,72,72,72,72,72,72,72,72,72,72,72,72,72,72,72,72,72,72,72,72,72],"card_choices":[{"not_picked":["Slice","Underhanded Strike"],"picked":"Cloak And Dagger","floor":1.0},{"not_picked":["Slice","Blade Dance"],"picked":"Dash","floor":2.0},{"not_picked":["Blade Dance","Dagger Throw"],"picked":"PiercingWail","floor":4.0},{"not_picked":["Endless Agony","All Out Attack"],"picked":"Blur","floor":5.0},{"not_picked":["Blade Dance","Dagger Spray"],"picked":"Poisoned Stab","floor":11.0},{"not_picked":["Outmaneuver","Wraith Form v2"],"picked":"Noxious Fumes","floor":12.0},{"not_picked":["Dodge and Roll","Dagger Throw"],"picked":"PiercingWail","floor":13.0},{"not_picked":[],"picked":"Blur","floor":18.0}],"player_experience":178768,"relics_obtained":[{"floor":9.0,"key":"Dream Catcher"},{"floor":13.0,"key":"Juzu Bracelet"}],"event_choices":[{"damage_healed":0.0,"max_hp_gain":0.0,"max_hp_loss":0.0,"gold_gain":0.0,"event_name":"Golden Idol","player_choice":"Take Damage","floor":3.0,"gold_loss":0.0,"damage_taken":25.0,"relics_obtained":["Golden Idol"]},{"damage_healed":0.0,"max_hp_gain":0.0,"max_hp_loss":0.0,"gold_gain":0.0,"event_name":"Living Wall","player_choice":"Grow","floor":7.0,"gold_loss":0.0,"damage_taken":0.0,"cards_upgraded":["Neutralize"]},{"cards_removed":["Strike_G"],"damage_healed":0.0,"max_hp_gain":0.0,"max_hp_loss":0.0,"gold_gain":0.0,"event_name":"Purifier","player_choice":"Purged","floor":14.0,"gold_loss":0.0,"damage_taken":0.0},{"damage_healed":0.0,"max_hp_gain":0.0,"max_hp_loss":0.0,"gold_gain":0.0,"cards_transformed":["Strike_G","Strike_G"],"event_name":"Drug Dealer","player_choice":"Became Test Subject","floor":19.0,"gold_loss":0.0,"damage_taken":0.0,"cards_obtained":["Bullet Time","Blade Dance"]},{"damage_healed":0.0,"max_hp_gain":0.0,"max_hp_loss":0.0,"gold_gain":50.0,"event_name":"Nest","player_choice":"Stole From Cult","floor":21.0,"gold_loss":0.0,"damage_taken":0.0},{"damage_healed":0.0,"max_hp_gain":0.0,"max_hp_loss":0.0,"gold_gain":0.0,"event_name":"The Joust","player_choice":"Bet on Murderer","floor":22.0,"gold_loss":50.0,"damage_taken":0.0}],"is_beta":false,"boss_relics":[{"not_picked":["Calling Bell","Orrery"],"picked":"Busted Crown"}],"items_purged_floors":[],"is_endless":false,"potions_floor_spawned":[5,11,12,16,18],"killed_by":"Gremlin Leader","ascension_level":18}