{"gold_per_floor":[119,294,311,311,101,131,131,143,143,218,218,236,255,272,272,272],"floor_reached":16,"playtime":841,"items_purged":["Doubt"],"score":107,"play_id":"45254377-2d2b-4949-976e-31a0d90eabd3","local_time":"20191013220825","is_ascension_mode":true,"campfire_choices":[{"data":"Zap","floor":7,"key":"SMITH"},{"floor":11,"key":"REST"},{"floor":15,"key":"REST"}],"neow_cost":"TEN_PERCENT_HP_LOSS","seed_source_timestamp":2414059759747501,"circlet_count":0,"master_deck":["Strike_B","Strike_B","Strike_B","Strike_B","Defend_B","Defend_B","Defend_B","Defend_B","Zap+1","Dualcast","Capacitor","Reprogram","Loop","Steam","Storm","Chaos","White Noise","Hologram","Capacitor"],"relics":["Cracked Core","Incense Burner","InkBottle","Oddly Smooth Stone"],"potions_floor_usage":[16,16,16],"damage_taken":[{"damage":2,"enemies":"Small Slimes","floor":1,"turns":3},{"damage":8,"enemies":"Jaw Worm","floor":3,"turns":4},{"damage":18,"enemies":"Lagavulin","floor":6,"turns":8},{"damage":2,"enemies":"Cultist","floor":8,"turns":4},{"damage":9,"enemies":"Large Slime","floor":12,"turns":4},{"damage":22,"enemies":"Gremlin Gang","floor":13,"turns":5},{"damage":9,"enemies":"Exordium Thugs","floor":14,"turns":4},{"damage":28,"enemies":"The Guardian","floor":16,"turns":6}],"seed_played":"-9137662540261200481","potions_obtained":[{"floor":3,"key":"Explosive Potion"},{"floor":6,"key":"FearPotion"},{"floor":8,"key":"Poison Potion"}],"is_trial":false,"path_per_floor":["M","?","M","T","$","E","R","M","T","?","R","M","M","M","R","B"],"character_chosen":"DEFECT","items_purchased":["Loop","Steam"],"campfire_rested":2,"item_purchase_floors":[5,5],"current_hp_per_floor":[66,66,58,58,58,40,40,38,38,27,47,38,16,7,27,0],"gold":272,"neow_bonus":"ONE_RARE_RELIC","is_prod":false,"is_daily":false,"chose_seed":false,"campfire_upgraded":1,"win_rate":0,"timestamp":1571000905,"path_taken":["M","?","M","?","$","E","R","M","T","?","R","?","M","M","R","BOSS"],"build_version":"2019-09-09v2","purchased_purges":1,"victory":false,"max_hp_per_floor":[68,68,68,68,68,68,68,68,68,68,68,68,68,68,68,68],"card_choices":[{"not_picked":["Leap","Reinforced Body"],"picked":"Capacitor","floor":1},{"not_picked":["Redo","Lockon"],"picked":"Reprogram","floor":3},{"not_picked":["Cold Snap","Biased Cognition"],"picked":"Storm","floor":6},{"not_picked":["Barrage","Genetic Algorithm"],"picked":"Chaos","floor":8},{"not_picked":["Beam Cell","Cold Snap"],"picked":"White Noise","floor":12},{"not_picked":["Sweeping Beam","Force Field"],"picked":"Hologram","floor":13},{"not_picked":["Stack","Blizzard"],"picked":"Capacitor","floor":14}],"player_experience":178258,"relics_obtained":[{"floor":6,"key":"InkBottle"},{"floor":9,"key":"Oddly Smooth Stone"}],"event_choices":[{"damage_healed":0,"gold_gain":175,"player_choice":"AGREE","damage_taken":0,"max_hp_gain":0,"max_hp_loss":0,"event_name":"Liars Game","floor":2,"gold_loss":0,"cards_obtained":["Doubt"]},{"damage_healed":0,"gold_gain":75,"player_choice":"Gather Gold","damage_taken":11,"max_hp_gain":0,"max_hp_loss":0,"event_name":"World of Goop","floor":10,"gold_loss":0}],"is_beta":true,"boss_relics":[],"items_purged_floors":[5],"is_endless":false,"potions_floor_spawned":[3,6,8,12],"killed_by":"The Guardian","ascension_level":1}