{"gold_per_floor":[115,17,17,17,17,49,59,91,143,143,143,156,27,46,46,175,175,193,193,193,193,183,213,213,227,251,251,251],"floor_reached":28,"playtime":929,"items_purged":["Defend_B"],"score":282,"play_id":"145acf9e-6a9f-43fa-b5a0-0eb2cf79ba1e","local_time":"20191016115054","is_ascension_mode":true,"campfire_choices":[{"data":"Hologram","floor":10,"key":"SMITH"},{"data":"Go for the Eyes","floor":15,"key":"SMITH"},{"floor":24,"key":"DIG"}],"neow_cost":"NONE","seed_source_timestamp":2636116889725412,"circlet_count":0,"master_deck":["Strike_B","Strike_B","Strike_B","Defend_B","Defend_B","Defend_B","Zap","Dualcast","Steam","Defragment","Hologram+1","Tempest","Sweeping Beam","Go for the Eyes+1","Barrage","White Noise+1","Buffer","Steam","Gash","Beam Cell","Barrage+1","Recycle","All For One"],"relics":["Cracked Core","NeowsBlessing","MealTicket","Nunchaku","Boot","InkBottle","Bloody Idol","Runic Pyramid","Shovel","Dream Catcher"],"potions_floor_usage":[8,16,23,28,28],"damage_taken":[{"damage":0,"enemies":"Small Slimes","floor":1,"turns":1},{"damage":0,"enemies":"3 Sentries","floor":6,"turns":1},{"damage":0,"enemies":"Jaw Worm","floor":7,"turns":1},{"damage":18,"enemies":"Gremlin Nob","floor":8,"turns":4},{"damage":1,"enemies":"Cultist","floor":12,"turns":3},{"damage":8,"enemies":"2 Fungi Beasts","floor":14,"turns":3},{"damage":26,"enemies":"The Guardian","floor":16,"turns":11},{"damage":19,"enemies":"Shell Parasite","floor":18,"turns":6},{"damage":24,"enemies":"2 Thieves","floor":22,"turns":4},{"damage":21,"enemies":"Book of Stabbing","floor":23,"turns":7},{"damage":10,"enemies":"Snake Plant","floor":25,"turns":4},{"damage":27,"enemies":"Slavers","floor":28,"turns":1}],"seed_played":"-6818785959484996668","potions_obtained":[{"floor":6,"key":"SkillPotion"},{"floor":8,"key":"Explosive Potion"},{"floor":14,"key":"Dexterity Potion"},{"floor":16,"key":"SteroidPotion"},{"floor":23,"key":"SpeedPotion"},{"floor":25,"key":"SkillPotion"}],"is_trial":false,"path_per_floor":["M","$","?","?","$","E","M","E","T","R","?","M","$","M","R","B",null,"M","?","?","?","M","E","R","M","T","?","E"],"character_chosen":"DEFECT","items_purchased":["Defragment","Hologram","Barrage"],"campfire_rested":0,"item_purchase_floors":[2,2,13],"current_hp_per_floor":[75,75,72,72,75,75,75,57,57,57,39,38,53,45,45,19,75,56,56,56,56,42,26,26,21,26,26,0],"gold":251,"neow_bonus":"THREE_ENEMY_KILL","is_prod":false,"is_daily":false,"chose_seed":false,"campfire_upgraded":2,"win_rate":0,"timestamp":1571223054,"path_taken":["M","$","?","?","$","E","?","E","T","R","?","M","?","M","R","BOSS","M","?","?","?","M","E","R","?","T","?","E"],"build_version":"2019-09-09v2","purchased_purges":1,"victory":false,"max_hp_per_floor":[75,75,75,75,75,75,75,75,75,75,75,75,75,75,75,75,75,75,75,75,75,75,75,75,75,75,75,75],"card_choices":[{"not_picked":["Redo","Rebound"],"picked":"Steam","floor":1},{"not_picked":["Sunder","Turbo"],"picked":"Chaos","floor":6},{"not_picked":["Compile Driver","Melter"],"picked":"Tempest","floor":7},{"not_picked":["Darkness","Heatsinks"],"picked":"Sweeping Beam","floor":8},{"not_picked":["Chill","Barrage"],"picked":"Go for the Eyes","floor":12},{"not_picked":["Rebound","Conserve Battery"],"picked":"White Noise","floor":14},{"not_picked":["Fission","Electrodynamics"],"picked":"Buffer","floor":16},{"not_picked":["Double Energy","Stack"],"picked":"Steam","floor":18},{"not_picked":["Chaos","Leap"],"picked":"Beam Cell","floor":22},{"not_picked":["Tempest","Ball Lightning+1"],"picked":"Barrage+1","floor":23},{"not_picked":["Barrage","Heatsinks"],"picked":"Recycle","floor":25}],"player_experience":237701,"relics_obtained":[{"floor":6,"key":"Nunchaku"},{"floor":8,"key":"Boot"},{"floor":9,"key":"InkBottle"},{"floor":23,"key":"Shovel"},{"floor":24,"key":"Dream Catcher"}],"event_choices":[{"damage_healed":0,"gold_gain":0,"player_choice":"Success","damage_taken":3,"relics_obtained":["MealTicket"],"max_hp_gain":0,"max_hp_loss":0,"event_name":"Scrap Ooze","floor":3,"gold_loss":0},{"cards_removed":["Strike_B"],"damage_healed":0,"gold_gain":0,"player_choice":"Offered Basic","damage_taken":0,"max_hp_gain":0,"max_hp_loss":0,"event_name":"Bonfire Elementals","floor":4,"gold_loss":0},{"damage_healed":0,"gold_gain":0,"player_choice":"Take Damage","damage_taken":18,"relics_obtained":["Golden Idol"],"max_hp_gain":0,"max_hp_loss":0,"event_name":"Golden Idol","floor":11,"gold_loss":0},{"damage_healed":0,"gold_gain":0,"player_choice":"Read","damage_taken":0,"max_hp_gain":0,"max_hp_loss":0,"event_name":"The Library","floor":19,"gold_loss":0,"cards_obtained":["Gash"]},{"damage_healed":0,"gold_gain":0,"player_choice":"Gave Idol","damage_taken":0,"relics_obtained":["Bloody Idol"],"max_hp_gain":0,"max_hp_loss":0,"event_name":"Forgotten Altar","floor":20,"relics_lost":["Golden Idol"],"gold_loss":0},{"damage_healed":0,"gold_gain":0,"player_choice":"Forge","damage_taken":0,"max_hp_gain":0,"max_hp_loss":0,"event_name":"Accursed Blacksmith","floor":21,"gold_loss":0,"cards_upgraded":["White Noise"]},{"damage_healed":0,"gold_gain":0,"cards_transformed":["Chaos"],"player_choice":"Transformed","damage_taken":0,"max_hp_gain":0,"max_hp_loss":0,"event_name":"Transmorgrifier","floor":27,"gold_loss":0,"cards_obtained":["All For One"]}],"is_beta":true,"boss_relics":[{"not_picked":["Nuclear Battery","Fusion Hammer"],"picked":"Runic Pyramid"}],"items_purged_floors":[13],"is_endless":false,"potions_floor_spawned":[6,8,14,16,23,25],"killed_by":"Slavers","ascension_level":1}