{"gold_per_floor":[211,229,247,247,266,294,294,323,323,323,347,347,412,424,424,519,519,507,519,537,447,42,60,72,100,127,127,156,156,189,203,203,306,306,318,332,348,363,8,34,61,92,167,197,13,29,29,64,64,64,64,64,16,50,50],"floor_reached":56,"playtime":7311,"items_purged":[],"score":1771,"play_id":"f7344720-abcd-4065-bb59-57cf0bb326a1","local_time":"20190904221424","is_ascension_mode":true,"campfire_choices":[{"floor":7,"key":"REST"},{"data":"Armaments","floor":10,"key":"SMITH"},{"floor":15,"key":"REST"},{"floor":27,"key":"REST"},{"floor":29,"key":"REST"},{"floor":32,"key":"REST"},{"floor":49,"key":"RECALL"},{"floor":52,"key":"DIG"}],"neow_cost":"NONE","seed_source_timestamp":9193907001947,"circlet_count":0,"master_deck":["Strike_R","Strike_R","Strike_R","Strike_R","Defend_R+1","Defend_R+1","Defend_R+1","Defend_R","Bash","Twin Strike","Clothesline","Pommel Strike","Armaments+1","Iron Wave","Headbutt","Reaper","Flame Barrier","Flame Barrier+1","Searing Blow","Metallicize+1","Uppercut","Barricade","Armaments+1","Clothesline+1","Reaper","Clothesline","Perfected Strike+1","Pommel Strike+1","Perfected Strike+1","Entrench","Pommel Strike+1"],"relics":["Burning Blood","Self Forming Clay","Potion Belt","Mango","Letter Opener","Odd Mushroom","Tiny Chest","Snecko Eye","Meat on the Bone","WingedGreaves","Strawberry","Dodecahedron","Centennial Puzzle","Fusion Hammer","Ancient Tea Set","Bag of Marbles","Boot","Shovel","War Paint","MawBank","Anchor","PreservedInsect","Bottled Flame","Ginger"],"potions_floor_usage":[8,8,8,16,18,25,25,28,30,42,48,48,54,54,55,55],"damage_taken":[{"damage":6,"enemies":"Cultist","floor":1,"turns":4},{"damage":11,"enemies":"Small Slimes","floor":2,"turns":5},{"damage":0,"enemies":"2 Louse","floor":3,"turns":3},{"damage":19,"enemies":"Lots of Slimes","floor":5,"turns":5},{"damage":17,"enemies":"Gremlin Nob","floor":6,"turns":4},{"damage":14,"enemies":"3 Sentries","floor":8,"turns":8},{"damage":17,"enemies":"The Mushroom Lair","floor":11,"turns":5},{"damage":36,"enemies":"Lagavulin","floor":13,"turns":10},{"damage":9,"enemies":"Blue Slaver","floor":14,"turns":3},{"damage":41,"enemies":"Hexaghost","floor":16,"turns":11},{"damage":14,"enemies":"2 Thieves","floor":18,"turns":4},{"damage":7,"enemies":"3 Byrds","floor":19,"turns":4},{"damage":17,"enemies":"Cultist and Chosen","floor":20,"turns":7},{"damage":0,"enemies":"Snecko","floor":23,"turns":5},{"damage":7,"enemies":"Centurion and Healer","floor":24,"turns":9},{"damage":62,"enemies":"Slavers","floor":25,"turns":7},{"damage":41,"enemies":"Gremlin Leader","floor":28,"turns":10},{"damage":70,"enemies":"Slavers","floor":30,"turns":9},{"damage":0,"enemies":"Shelled Parasite and Fungi","floor":31,"turns":7},{"damage":64,"enemies":"Automaton","floor":33,"turns":10},{"damage":14,"enemies":"3 Shapes","floor":35,"turns":5},{"damage":3,"enemies":"3 Darklings","floor":36,"turns":6},{"damage":1,"enemies":"Maw","floor":37,"turns":8},{"damage":12,"enemies":"Sphere and 2 Shapes","floor":38,"turns":4},{"damage":0,"enemies":"Reptomancer","floor":40,"turns":9},{"damage":0,"enemies":"Giant Head","floor":41,"turns":8},{"damage":0,"enemies":"Nemesis","floor":42,"turns":7},{"damage":0,"enemies":"Giant Head","floor":44,"turns":7},{"damage":0,"enemies":"3 Darklings","floor":46,"turns":3},{"damage":0,"enemies":"Nemesis","floor":48,"turns":5},{"damage":19,"enemies":"Awakened One","floor":50,"turns":18},{"damage":7,"enemies":"Shield and Spear","floor":54,"turns":3},{"damage":20,"enemies":"The Heart","floor":55,"turns":9}],"seed_played":"-561905878563727073","potions_obtained":[{"floor":1,"key":"Fire Potion"},{"floor":2,"key":"Fire Potion"},{"floor":6,"key":"Regen Potion"},{"floor":13,"key":"SpeedPotion"},{"floor":14,"key":"GamblersBrew"},{"floor":19,"key":"LiquidBronze"},{"floor":23,"key":"Swift Potion"},{"floor":24,"key":"SmokeBomb"},{"floor":25,"key":"GamblersBrew"},{"floor":33,"key":"Fire Potion"},{"floor":37,"key":"Block Potion"},{"floor":42,"key":"SpeedPotion"},{"floor":46,"key":"Explosive Potion"}],"is_trial":false,"path_per_floor":["M","M","M","?","M","E","R","E","T","R","?","?","E","M","R","B",null,"M","M","M","?","$","M","M","E","T","R","E","R","E","M","R","B",null,"M","M","M","M","$","E","E","E","T","E","$","M","$","E","R","B",null,"R","$","E","B",null],"character_chosen":"IRONCLAD","items_purchased":["Meat on the Bone","Searing Blow","GamblersBrew","Ancient Tea Set","Bag of Marbles","AttackPotion","Anchor","Block Potion","PowerPotion"],"campfire_rested":5,"item_purchase_floors":[22,22,22,39,39,39,45,45,53],"current_hp_per_floor":[80,75,80,55,42,31,55,76,76,76,65,65,35,32,60,25,77,77,83,80,80,80,93,94,61,68,98,63,93,41,65,95,55,90,90,101,101,95,95,101,101,101,101,101,101,101,101,101,101,101,101,101,101,100,101],"gold":50,"neow_bonus":"HUNDRED_GOLD","is_prod":false,"is_daily":false,"chose_seed":false,"campfire_upgraded":1,"win_rate":0,"timestamp":1567660464,"path_taken":["M","M","M","?","M","E","R","E","T","R","?","?","E","M","R","BOSS","M","M","M","?","$","M","M","E","T","R","E","R","E","M","R","BOSS","M","M","M","M","$","E","E","E","T","E","$","M","?","E","R","BOSS","R","$","E","BOSS"],"build_version":"2019-07-17","purchased_purges":0,"victory":true,"max_hp_per_floor":[80,80,80,80,80,80,80,94,94,94,94,94,94,94,94,94,94,94,94,94,94,94,94,94,94,101,101,101,101,101,101,101,101,101,101,101,101,101,101,101,101,101,101,101,101,101,101,101,101,101,101,101,101,101,101],"card_choices":[{"not_picked":["Thunderclap","Clash"],"picked":"Twin Strike","floor":1},{"not_picked":["Infernal Blade","Body Slam"],"picked":"Clothesline","floor":2},{"not_picked":["Burning Pact","Dropkick"],"picked":"Pommel Strike","floor":3},{"not_picked":["Body Slam","Dual Wield","Sword Boomerang"],"picked":"SKIP","floor":5},{"not_picked":["Burning Pact","Intimidate","Uppercut"],"picked":"SKIP","floor":6},{"not_picked":["Havoc","Feel No Pain"],"picked":"Armaments","floor":8},{"not_picked":["Seeing Red","Thunderclap"],"picked":"Iron Wave","floor":13},{"not_picked":["Sever Soul","Thunderclap"],"picked":"Headbutt","floor":14},{"not_picked":["Impervious","Feed"],"picked":"Reaper","floor":16},{"not_picked":["Flex","Second Wind","Cleave"],"picked":"SKIP","floor":18},{"not_picked":["Corruption","Perfected Strike+1"],"picked":"Flame Barrier","floor":19},{"not_picked":["Wild Strike","Evolve"],"picked":"Flame Barrier+1","floor":20},{"not_picked":["Carnage","Flame Barrier"],"picked":"Metallicize+1","floor":23},{"not_picked":["Entrench+1","Perfected Strike"],"picked":"Uppercut","floor":24},{"not_picked":["Battle Trance","Armaments","Clash"],"picked":"SKIP","floor":25},{"not_picked":["Warcry","Clash+1"],"picked":"Barricade","floor":28},{"not_picked":["Reckless Charge","Anger"],"picked":"Armaments+1","floor":30},{"not_picked":["Thunderclap","True Grit"],"picked":"Clothesline+1","floor":31},{"not_picked":["Brutality","Fiend Fire"],"picked":"Reaper","floor":33},{"not_picked":["Whirlwind+1","Thunderclap+1","Warcry+1"],"picked":"SKIP","floor":35},{"not_picked":["Feel No Pain+1","Corruption+1"],"picked":"Clothesline","floor":36},{"not_picked":["Exhume","Heavy Blade+1"],"picked":"Perfected Strike+1","floor":37},{"not_picked":["Wild Strike","Feel No Pain","Headbutt+1"],"picked":"SKIP","floor":38},{"not_picked":["Sword Boomerang","Fire Breathing","Ghostly Armor+1"],"picked":"SKIP","floor":40},{"not_picked":["Spot Weakness+1","Dual Wield+1"],"picked":"Pommel Strike+1","floor":41},{"not_picked":["Armaments+1","Berserk"],"picked":"Perfected Strike+1","floor":42},{"not_picked":["Heavy Blade+1","Cleave+1"],"picked":"Entrench","floor":44},{"not_picked":["Clothesline+1","Dual Wield+1","Infernal Blade+1"],"picked":"SKIP","floor":46},{"not_picked":["Clothesline","True Grit"],"picked":"Pommel Strike+1","floor":48},{"not_picked":["Warcry","Evolve","Armaments"],"picked":"SKIP","floor":54}],"player_experience":257575,"relics_obtained":[{"floor":6,"key":"Potion Belt"},{"floor":8,"key":"Mango"},{"floor":9,"key":"Letter Opener"},{"floor":11,"key":"Odd Mushroom"},{"floor":13,"key":"Tiny Chest"},{"floor":25,"key":"WingedGreaves"},{"floor":26,"key":"Strawberry"},{"floor":28,"key":"Dodecahedron"},{"floor":30,"key":"Centennial Puzzle"},{"floor":40,"key":"Boot"},{"floor":41,"key":"Shovel"},{"floor":42,"key":"War Paint"},{"floor":44,"key":"MawBank"},{"floor":48,"key":"PreservedInsect"},{"floor":52,"key":"Bottled Flame"},{"floor":54,"key":"Ginger"}],"event_choices":[{"damage_healed":0,"gold_gain":0,"player_choice":"Success","damage_taken":25,"relics_obtained":["Self Forming Clay"],"max_hp_gain":0,"max_hp_loss":0,"event_name":"Scrap Ooze","floor":4,"gold_loss":0},{"damage_healed":0,"gold_gain":0,"player_choice":"Fought Mushrooms","damage_taken":0,"max_hp_gain":0,"max_hp_loss":0,"event_name":"Mushrooms","floor":11,"gold_loss":0},{"damage_healed":0,"gold_gain":0,"player_choice":"Ignored","damage_taken":0,"max_hp_gain":0,"max_hp_loss":0,"event_name":"Liars Game","floor":12,"gold_loss":0},{"cards_removed":["Strike_R"],"damage_healed":0,"gold_gain":0,"player_choice":"Upgrade and Remove","damage_taken":0,"max_hp_gain":0,"max_hp_loss":0,"event_name":"Designer","floor":21,"gold_loss":90,"cards_upgraded":["Defend_R"]}],"is_beta":false,"boss_relics":[{"not_picked":["Pandora\u0027s Box","Black Blood"],"picked":"Snecko Eye"},{"not_picked":["Tiny House","Runic Dome"],"picked":"Fusion Hammer"}],"items_purged_floors":[],"is_endless":false,"potions_floor_spawned":[1,2,6,13,14,19,23,24,25,33,37,42,46],"ascension_level":5}