{"gold_per_floor":[362,372,383,206,218,218,68,101,158,158,158,175,175,175,175,277,277,296,296,310,10,30,30,30,44,99,114,140,170,170,182,182,182],"floor_reached":33,"playtime":1791,"items_purged":["Strike_B","Strike_B","Hyperbeam"],"score":319,"play_id":"7201aac1-425e-47cb-924f-c1aa9ca2c2b8","local_time":"20190913234009","is_ascension_mode":true,"campfire_choices":[{"data":"Streamline","floor":6,"key":"SMITH"},{"floor":10,"key":"REST"},{"data":"Beam Cell","floor":13,"key":"SMITH"},{"data":"Streamline","floor":15,"key":"SMITH"},{"data":"Zap","floor":23,"key":"SMITH"},{"floor":30,"key":"REST"},{"data":"Dualcast","floor":32,"key":"SMITH"}],"neow_cost":"PERCENT_DAMAGE","seed_source_timestamp":128263257126800,"circlet_count":0,"master_deck":["Defend_B","Defend_B","Defend_B","Defend_B","Zap+1","Dualcast+1","Gash","Steam Power","Streamline+1","Defragment","Gash","Streamline+1","FTL","Beam Cell+1","All For One","Redo+1","Hello World","Gash","Gash","Skim","Auto Shields","Leap","Rebound+1"],"relics":["Cracked Core","Centennial Puzzle","Tiny Chest","Smiling Mask","White Beast Statue","Toy Ornithopter","Bag of Preparation","Bottled Tornado"],"potions_floor_usage":[8,22,25,25,29,29,33,33,33],"damage_taken":[{"damage":1,"enemies":"Cultist","floor":1,"turns":3},{"damage":7,"enemies":"Small Slimes","floor":2,"turns":3},{"damage":2,"enemies":"Jaw Worm","floor":3,"turns":3},{"damage":7,"enemies":"2 Fungi Beasts","floor":5,"turns":4},{"damage":17,"enemies":"3 Sentries","floor":8,"turns":5},{"damage":1,"enemies":"Exordium Wildlife","floor":12,"turns":2},{"damage":18,"enemies":"Slime Boss","floor":16,"turns":6},{"damage":9,"enemies":"3 Byrds","floor":18,"turns":4},{"damage":11,"enemies":"Spheric Guardian","floor":20,"turns":3},{"damage":20,"enemies":"Snecko","floor":22,"turns":4},{"damage":14,"enemies":"Snake Plant","floor":25,"turns":3},{"damage":18,"enemies":"Centurion and Healer","floor":27,"turns":4},{"damage":18,"enemies":"Slavers","floor":29,"turns":3},{"damage":1,"enemies":"Cultist and Chosen","floor":31,"turns":4},{"damage":72,"enemies":"Automaton","floor":33,"turns":6}],"seed_played":"-1552742395829397503","potions_obtained":[{"floor":3,"key":"GamblersBrew"},{"floor":5,"key":"Strength Potion"},{"floor":8,"key":"Ancient Potion"},{"floor":18,"key":"GamblersBrew"},{"floor":20,"key":"Dexterity Potion"},{"floor":22,"key":"Poison Potion"},{"floor":25,"key":"EssenceOfSteel"},{"floor":27,"key":"FocusPotion"},{"floor":29,"key":"AttackPotion"},{"floor":31,"key":"FearPotion"}],"is_trial":false,"path_per_floor":["M","M","M","$","M","R","$","E","T","R","?","M","R","?","R","B",null,"M","?","M","$","M","R","$","M","T","M","T","E","R","M","R","B"],"character_chosen":"DEFECT","items_purchased":["Streamline","Defragment","Streamline","Gash","Toy Ornithopter"],"campfire_rested":2,"item_purchase_floors":[4,4,7,21,21],"current_hp_per_floor":[53,46,44,44,37,37,37,20,20,42,42,41,41,41,41,23,75,66,66,55,55,40,40,40,36,36,18,18,10,32,31,31,0],"gold":182,"neow_bonus":"TWO_FIFTY_GOLD","is_prod":false,"is_daily":false,"chose_seed":false,"campfire_upgraded":5,"win_rate":0,"timestamp":1568410809,"path_taken":["M","M","?","$","M","R","$","E","T","R","?","?","R","?","R","BOSS","M","?","M","$","M","R","$","M","T","M","?","E","R","M","R","BOSS"],"build_version":"2019-07-17","purchased_purges":3,"victory":false,"max_hp_per_floor":[75,75,75,75,75,75,75,75,75,75,75,75,75,75,75,75,75,75,75,75,75,75,75,75,75,75,75,75,75,75,75,75,75],"card_choices":[{"not_picked":["Redo","Defragment"],"picked":"Gash","floor":1},{"not_picked":["Steam","Stack","Leap"],"picked":"SKIP","floor":2},{"not_picked":["Chaos","Creative AI"],"picked":"Steam Power","floor":3},{"not_picked":["Melter","Coolheaded"],"picked":"Gash","floor":5},{"not_picked":["Redo","Double Energy"],"picked":"FTL","floor":8},{"not_picked":["Ball Lightning","Sweeping Beam"],"picked":"Beam Cell","floor":12},{"not_picked":["Machine Learning","Reboot"],"picked":"All For One","floor":16},{"not_picked":["Stack+1","Rebound"],"picked":"Redo+1","floor":18},{"not_picked":["Conserve Battery+1","Go for the Eyes"],"picked":"Gash","floor":20},{"not_picked":["Static Discharge","Aggregate","Cold Snap+1"],"picked":"SKIP","floor":22},{"not_picked":["Tempest","Defragment"],"picked":"Skim","floor":25},{"not_picked":["Turbo","Coolheaded"],"picked":"Auto Shields","floor":27},{"not_picked":["Sweeping Beam","Core Surge"],"picked":"Leap","floor":29},{"not_picked":["Compile Driver","Reinforced Body"],"picked":"Rebound+1","floor":31}],"player_experience":104723,"relics_obtained":[{"floor":8,"key":"Centennial Puzzle"},{"floor":9,"key":"Tiny Chest"},{"floor":26,"key":"Bag of Preparation"},{"floor":29,"key":"Bottled Tornado"}],"event_choices":[{"damage_healed":0,"gold_gain":0,"player_choice":"Gave Potion","damage_taken":0,"relics_obtained":["Smiling Mask"],"max_hp_gain":0,"max_hp_loss":0,"event_name":"WeMeetAgain","floor":11,"gold_loss":0},{"damage_healed":0,"gold_gain":0,"player_choice":"Ignored","damage_taken":0,"max_hp_gain":0,"max_hp_loss":0,"event_name":"Liars Game","floor":14,"gold_loss":0},{"damage_healed":0,"gold_gain":0,"cards_transformed":["Strike_B","Strike_B"],"player_choice":"Became Test Subject","damage_taken":0,"max_hp_gain":0,"max_hp_loss":0,"event_name":"Drug Dealer","floor":19,"gold_loss":0,"cards_obtained":["Hello World","Hyperbeam"]}],"is_beta":false,"boss_relics":[{"not_picked":["Lizard Tail","Tiny House"],"picked":"White Beast Statue"}],"items_purged_floors":[4,7,21],"is_endless":false,"potions_floor_spawned":[3,5,8,18,20,22,25,27,29,31],"killed_by":"Automaton","ascension_level":2}