{"gold_per_floor":[114,64,44,55,29,29,41,75,101,126,136,152,152,168,168,263,263,273,273,273,273,198,226,254,291,303,326,338,350,362],"floor_reached":30,"playtime":1127,"items_purged":[],"score":361,"play_id":"d74a3566-0db6-45cf-91cd-19c83fcbfbc9","local_time":"20191015155437","is_ascension_mode":true,"campfire_choices":[{"data":"Uppercut","floor":6,"key":"SMITH"},{"floor":15,"key":"REST"},{"floor":29,"key":"REST"}],"neow_cost":"NONE","seed_source_timestamp":2564141191359032,"circlet_count":0,"master_deck":["Strike_R","Defend_R","Defend_R","Defend_R","Bash","Dropkick+1","Berserk+1","Fire Breathing+1","Uppercut+1","Shrug It Off","Wild Strike","Reckless Charge","Sever Soul","Wild Strike","Rage","Armaments","Headbutt","Immolate","Sever Soul","Power Through","Armaments","Intimidate","Armaments","Rage"],"relics":["Astrolabe","TungstenRod","Vajra","Boot","Mark of Pain","Kunai","MawBank","Question Card","Bottled Flame"],"potions_floor_usage":[8,23,25,25,27],"damage_taken":[{"damage":3,"enemies":"Small Slimes","floor":1,"turns":3},{"damage":0,"enemies":"2 Louse","floor":4,"turns":2},{"damage":0,"enemies":"Cultist","floor":7,"turns":2},{"damage":20,"enemies":"3 Sentries","floor":8,"turns":5},{"damage":28,"enemies":"Lagavulin","floor":10,"turns":5},{"damage":11,"enemies":"Exordium Thugs","floor":11,"turns":4},{"damage":5,"enemies":"Lots of Slimes","floor":12,"turns":4},{"damage":0,"enemies":"Large Slime","floor":14,"turns":2},{"damage":0,"enemies":"Slime Boss","floor":16,"turns":5},{"damage":10,"enemies":"Spheric Guardian","floor":18,"turns":4},{"damage":38,"enemies":"Slavers","floor":23,"turns":4},{"damage":19,"enemies":"3 Byrds","floor":24,"turns":6},{"damage":23,"enemies":"Book of Stabbing","floor":25,"turns":5},{"damage":9,"enemies":"Snecko","floor":27,"turns":5},{"damage":38,"enemies":"Gremlin Leader","floor":30,"turns":4}],"seed_played":"7238619615281026137","potions_obtained":[{"floor":3,"key":"FairyPotion"},{"floor":7,"key":"Dexterity Potion"},{"floor":10,"key":"FearPotion"},{"floor":16,"key":"Regen Potion"},{"floor":24,"key":"GamblersBrew"},{"floor":25,"key":"SpeedPotion"}],"is_trial":false,"path_per_floor":["M","?","?","M","$","R","M","E","T","E","M","M","T","M","R","B",null,"M","?","?","?","?","E","M","E","T","M","?","R","E"],"character_chosen":"IRONCLAD","items_purchased":["Wild Strike"],"campfire_rested":2,"item_purchase_floors":[5],"current_hp_per_floor":[77,77,77,77,77,77,77,57,57,29,18,13,13,13,37,37,80,70,70,70,70,70,32,13,4,4,21,6,31,0],"gold":362,"neow_bonus":"BOSS_RELIC","is_prod":false,"is_daily":false,"chose_seed":false,"campfire_upgraded":1,"win_rate":0,"timestamp":1571151277,"path_taken":["M","?","?","?","?","R","M","E","T","E","?","M","?","M","R","BOSS","M","?","?","?","?","E","M","E","T","?","?","R","E"],"build_version":"2019-09-09v2","purchased_purges":0,"victory":false,"max_hp_per_floor":[80,80,80,80,80,80,80,80,80,80,80,80,80,80,80,80,80,80,80,80,80,80,80,80,80,80,80,85,85,85],"card_choices":[{"not_picked":["Clothesline","Twin Strike"],"picked":"Uppercut","floor":1},{"not_picked":["Clash","Flex"],"picked":"Shrug It Off","floor":4},{"not_picked":["Heavy Blade","Sword Boomerang"],"picked":"Reckless Charge","floor":7},{"not_picked":["Havoc","Flex"],"picked":"Sever Soul","floor":8},{"not_picked":["Pummel","Pommel Strike"],"picked":"Wild Strike","floor":10},{"not_picked":["Headbutt","Shrug It Off"],"picked":"Rage","floor":11},{"not_picked":["Dark Embrace","True Grit"],"picked":"Armaments","floor":12},{"not_picked":["Body Slam","True Grit"],"picked":"Headbutt","floor":14},{"not_picked":["Reaper","Demon Form"],"picked":"Immolate","floor":16},{"not_picked":["Twin Strike","Clothesline"],"picked":"Sever Soul","floor":18},{"not_picked":["Perfected Strike","Rampage"],"picked":"Armaments","floor":23},{"not_picked":["Twin Strike","Clothesline+1"],"picked":"Intimidate","floor":24},{"not_picked":["Sever Soul","Heavy Blade"],"picked":"Armaments","floor":25},{"not_picked":["Sword Boomerang","Clothesline","Uppercut+1"],"picked":"Rage","floor":27}],"player_experience":215488,"relics_obtained":[{"floor":8,"key":"TungstenRod"},{"floor":10,"key":"Vajra"},{"floor":13,"key":"Boot"},{"floor":23,"key":"MawBank"},{"floor":25,"key":"Question Card"},{"floor":26,"key":"Bottled Flame"}],"event_choices":[{"cards_removed":["Strike_R"],"damage_healed":0,"gold_gain":0,"player_choice":"Card Removal","damage_taken":0,"max_hp_gain":0,"max_hp_loss":0,"event_name":"The Cleric","floor":2,"gold_loss":50},{"damage_healed":0,"gold_gain":0,"player_choice":"Bought 1 Potion","damage_taken":0,"max_hp_gain":0,"max_hp_loss":0,"event_name":"The Woman in Blue","floor":3,"gold_loss":0},{"damage_healed":0,"gold_gain":0,"player_choice":"Opened","damage_taken":0,"relics_obtained":["Kunai"],"max_hp_gain":0,"max_hp_loss":0,"event_name":"The Mausoleum","floor":19,"gold_loss":0},{"damage_healed":0,"gold_gain":0,"player_choice":"Ignored","damage_taken":0,"max_hp_gain":0,"max_hp_loss":0,"event_name":"Ghosts","floor":20,"gold_loss":0},{"damage_healed":0,"gold_gain":0,"player_choice":"Read","damage_taken":0,"max_hp_gain":0,"max_hp_loss":0,"event_name":"The Library","floor":21,"gold_loss":0,"cards_obtained":["Power Through"]},{"cards_removed":["Strike_R"],"damage_healed":0,"gold_gain":0,"player_choice":"Gave Gold","damage_taken":0,"max_hp_gain":0,"max_hp_loss":0,"event_name":"Beggar","floor":22,"gold_loss":75},{"damage_healed":0,"gold_gain":0,"player_choice":"Shed Blood","damage_taken":20,"max_hp_gain":5,"max_hp_loss":0,"event_name":"Forgotten Altar","floor":28,"gold_loss":0}],"is_beta":true,"boss_relics":[{"not_picked":["Runic Pyramid","Coffee Dripper"],"picked":"Mark of Pain"}],"items_purged_floors":[],"is_endless":false,"potions_floor_spawned":[7,10,16,24,25],"killed_by":"Gremlin Leader","ascension_level":2}