{"gold_per_floor":[119,132,146,158,173,205,205,225,275,275,290,325,74,129,129,225,225,239,338,349,363,9,42,42,42,66,66,93,107,107,137,137,239,239,258,258,5,5,5,5,37,47,93,93,106,120,149,161,161,161],"floor_reached":51,"playtime":4169,"items_purged":[],"score":865,"play_id":"b8821bac-de4c-4571-9762-030d3ce7158f","local_time":"20190901154901","is_ascension_mode":true,"campfire_choices":[{"data":"Corruption","floor":7.0,"key":"SMITH"},{"floor":10.0,"key":"REST"},{"data":"Iron Wave","floor":15.0,"key":"SMITH"},{"floor":24,"key":"REST"},{"data":"Demon Form","floor":27,"key":"SMITH"},{"floor":32,"key":"REST"},{"data":"Iron Wave","floor":40,"key":"SMITH"},{"data":"Iron Wave","floor":44,"key":"SMITH"},{"data":"Reaper","floor":49,"key":"SMITH"}],"neow_cost":"NONE","seed_source_timestamp":147465054805571,"circlet_count":0,"master_deck":["Defend_R+1","Defend_R+1","Defend_R+1","Defend_R+1","Bash","Perfected Strike","Headbutt","Corruption+1","Iron Wave+1","Cleave","Offering+1","Armaments+1","Demon Form+1","Heavy Blade+1","Iron Wave+1","Reaper","Feel No Pain+1","Battle Trance+1","Bite","Bite","Bite","Bite","Bite","Warcry+1","Offering+1","True Grit+1","Madness+1","Madness+1","Shrug It Off+1","Thinking Ahead+1","Master of Strategy+1","Iron Wave+1","True Grit+1","Shrug It Off+1","Reaper+1","Iron Wave+1"],"special_seed":0,"relics":["Burning Blood","Toxic Egg 2","Oddly Smooth Stone","Shovel","Omamori","Meat on the Bone","Philosopher\u0027s Stone","Strange Spoon","Potion Belt","PreservedInsect","Sundial","Question Card","White Beast Statue","Lee\u0027s Waffle","CultistMask","Turnip","Red Skull","Pear"],"potions_floor_usage":[18,21,23,29,31,41,47,47,50,50,50,50],"damage_taken":[{"damage":6.0,"enemies":"Cultist","floor":1.0,"turns":3.0},{"damage":5.0,"enemies":"Small Slimes","floor":2.0,"turns":3.0},{"damage":2.0,"enemies":"2 Louse","floor":3.0,"turns":2.0},{"damage":5.0,"enemies":"2 Fungi Beasts","floor":4.0,"turns":4.0},{"damage":22.0,"enemies":"Large Slime","floor":5.0,"turns":7.0},{"damage":9.0,"enemies":"Lagavulin","floor":6.0,"turns":6.0},{"damage":27.0,"enemies":"Exordium Thugs","floor":8.0,"turns":5.0},{"damage":13.0,"enemies":"Blue Slaver","floor":11.0,"turns":4.0},{"damage":33.0,"enemies":"3 Sentries","floor":12.0,"turns":7.0},{"damage":20.0,"enemies":"Gremlin Nob","floor":14.0,"turns":4.0},{"damage":37.0,"enemies":"The Guardian","floor":16.0,"turns":11.0},{"damage":6,"enemies":"Chosen","floor":18,"turns":4},{"damage":8,"enemies":"2 Thieves","floor":20,"turns":3},{"damage":28,"enemies":"Snake Plant","floor":21,"turns":4},{"damage":74,"enemies":"Book of Stabbing","floor":23,"turns":6},{"damage":20,"enemies":"Slavers","floor":28,"turns":5},{"damage":25,"enemies":"Shelled Parasite and Fungi","floor":29,"turns":5},{"damage":56,"enemies":"Gremlin Leader","floor":31,"turns":8},{"damage":54,"enemies":"Champ","floor":33,"turns":9},{"damage":19,"enemies":"Orb Walker","floor":35,"turns":4},{"damage":56,"enemies":"Reptomancer","floor":41,"turns":8},{"damage":27,"enemies":"3 Darklings","floor":42,"turns":7},{"damage":26,"enemies":"4 Shapes","floor":45,"turns":7},{"damage":24,"enemies":"Spire Growth","floor":46,"turns":6},{"damage":19,"enemies":"Nemesis","floor":47,"turns":7},{"damage":12,"enemies":"Transient","floor":48,"turns":5},{"damage":100,"enemies":"Time Eater","floor":50,"turns":14}],"seed_played":"7808974080933618749","potions_obtained":[{"floor":1.0,"key":"EssenceOfSteel"},{"floor":8.0,"key":"SkillPotion"},{"floor":12.0,"key":"Ancient Potion"},{"floor":14.0,"key":"Regen Potion"},{"floor":20,"key":"Explosive Potion"},{"floor":21,"key":"Poison Potion"},{"floor":23,"key":"SneckoOil"},{"floor":28,"key":"SteroidPotion"},{"floor":29,"key":"GamblersBrew"},{"floor":35,"key":"Fire Potion"},{"floor":41,"key":"Explosive Potion"},{"floor":42,"key":"Regen Potion"},{"floor":45,"key":"GamblersBrew"},{"floor":46,"key":"PowerPotion"},{"floor":47,"key":"BloodPotion"},{"floor":48,"key":"BloodPotion"}],"is_trial":false,"path_per_floor":["M","M","M","M","M","E","R","M","T","R","M","E","$","?","R","B",null,"M","?","M","M","$","E","R","?","T","R","E","M","?","E","R","B",null,"M","?","$","?","?","R","E","M","T","R","M","M","E","M","R","B",null],"character_chosen":"IRONCLAD","items_purchased":["Omamori","Armaments+1","Strength Potion","Reaper","Strange Spoon","Shrug It Off+1","Lee\u0027s Waffle"],"campfire_rested":3,"item_purchase_floors":[13,13,13,22,22,37,37],"current_hp_per_floor":[88,88,88,88,72,69,69,48,48,74,67,40,40,38,38,34,88,88,88,86,64,64,19,45,45,45,45,49,47,47,36,54,43,61,61,53,68,63,63,63,68,66,66,66,64,68,78,78,78,59],"gold":161,"neow_bonus":"TEN_PERCENT_HP_BONUS","is_prod":false,"is_daily":false,"chose_seed":false,"campfire_upgraded":6,"win_rate":0,"timestamp":1567378141,"path_taken":["M","M","M","M","M","E","R","M","T","R","?","E","$","?","R","BOSS","M","?","M","M","$","E","R","?","T","R","E","M","?","E","R","BOSS","M","?","$","?","?","R","E","M","T","R","M","M","E","M","R","BOSS"],"build_version":"2019-07-17","purchased_purges":0,"victory":true,"max_hp_per_floor":[88,88,88,88,88,88,88,88,88,88,88,88,88,88,88,88,88,88,88,88,88,88,88,88,88,88,88,88,88,61,61,61,61,61,61,61,68,68,68,68,68,68,68,68,68,68,78,78,78,78],"card_choices":[{"not_picked":["Flex","True Grit"],"picked":"Perfected Strike","floor":1.0},{"not_picked":["Anger","Clash"],"picked":"Headbutt","floor":2.0},{"not_picked":["Disarm","Thunderclap","Power Through"],"picked":"SKIP","floor":3.0},{"not_picked":["Warcry","Spot Weakness","True Grit"],"picked":"SKIP","floor":4.0},{"not_picked":["Shockwave","Bloodletting"],"picked":"Corruption","floor":5.0},{"not_picked":["Rupture","Flame Barrier","Fire Breathing"],"picked":"SKIP","floor":6.0},{"not_picked":["Headbutt","Rupture"],"picked":"Iron Wave","floor":8.0},{"not_picked":["Flex+1","Intimidate+1"],"picked":"Cleave","floor":11.0},{"not_picked":["Hemokinesis","Spot Weakness+1"],"picked":"Offering+1","floor":12.0},{"not_picked":["Barricade","Dark Embrace"],"picked":"Demon Form","floor":16.0},{"not_picked":["Headbutt","Reckless Charge"],"picked":"Heavy Blade+1","floor":18},{"not_picked":["Carnage+1","Twin Strike+1"],"picked":"Iron Wave","floor":20},{"not_picked":["Sword Boomerang","Flame Barrier+1","Heavy Blade"],"picked":"SKIP","floor":21},{"not_picked":["Twin Strike","Searing Blow"],"picked":"Feel No Pain+1","floor":23},{"not_picked":["Immolate","Thunderclap+1","Pummel"],"picked":"SKIP","floor":28},{"not_picked":["Clothesline","Perfected Strike"],"picked":"Battle Trance+1","floor":29},{"not_picked":["Pommel Strike","Double Tap+1"],"picked":"Warcry+1","floor":31},{"not_picked":["Feed","Brutality","Bludgeon"],"picked":"Offering+1","floor":33},{"not_picked":["Sword Boomerang","Heavy Blade","Clash+1"],"picked":"True Grit+1","floor":35},{"not_picked":["Dramatic Entrance","Magnetism","Finesse+1"],"picked":"Thinking Ahead+1","floor":38},{"not_picked":["The Bomb+1","PanicButton+1","Impatience+1"],"picked":"Master of Strategy+1","floor":38},{"not_picked":["Twin Strike+1","Perfected Strike+1","Fiend Fire","Clothesline"],"picked":"SKIP","floor":41},{"not_picked":["Pummel+1","Heavy Blade+1","Inflame+1"],"picked":"Iron Wave","floor":42},{"not_picked":["Dual Wield+1","Combust","Anger"],"picked":"True Grit+1","floor":45},{"not_picked":["Rupture+1","Intimidate+1","Blood for Blood+1"],"picked":"Shrug It Off+1","floor":46},{"not_picked":["Cleave","Evolve+1","Wild Strike+1"],"picked":"Reaper","floor":47},{"not_picked":["Heavy Blade+1","Twin Strike","Entrench+1"],"picked":"Iron Wave+1","floor":48}],"player_experience":231748,"relics_obtained":[{"floor":6.0,"key":"Toxic Egg 2"},{"floor":9.0,"key":"Oddly Smooth Stone"},{"floor":12.0,"key":"Shovel"},{"floor":23,"key":"Potion Belt"},{"floor":26,"key":"PreservedInsect"},{"floor":28,"key":"Sundial"},{"floor":31,"key":"Question Card"},{"floor":41,"key":"Turnip"},{"floor":43,"key":"Red Skull"},{"floor":47,"key":"Pear"}],"event_choices":[{"damage_healed":0.0,"max_hp_gain":0.0,"max_hp_loss":0.0,"gold_gain":0.0,"event_name":"Dead Adventurer","player_choice":"Searched \u00273\u0027 times","floor":14.0,"gold_loss":0.0,"damage_taken":0.0,"relics_obtained":["Meat on the Bone"]},{"damage_healed":0,"gold_gain":99,"player_choice":"Stole From Cult","damage_taken":0,"max_hp_gain":0,"max_hp_loss":0,"event_name":"Nest","floor":19,"gold_loss":0},{"damage_healed":0,"gold_gain":0,"player_choice":"Simplicity","damage_taken":0,"max_hp_gain":0,"max_hp_loss":0,"event_name":"Back to Basics","floor":25,"gold_loss":0,"cards_upgraded":["Strike_R","Strike_R","Strike_R","Strike_R","Strike_R","Defend_R","Defend_R","Defend_R","Defend_R"]},{"damage_healed":0,"gold_gain":0,"player_choice":"Became a vampire","damage_taken":0,"max_hp_gain":0,"max_hp_loss":27,"event_name":"Vampires","floor":30,"gold_loss":0,"cards_obtained":["Bite","Bite","Bite","Bite","Bite"]},{"damage_healed":0,"gold_gain":0,"player_choice":"Embrace Madness","damage_taken":8,"max_hp_gain":0,"max_hp_loss":0,"event_name":"Winding Halls","floor":36,"gold_loss":0,"cards_obtained":["Madness","Madness"]},{"damage_healed":0,"gold_gain":0,"player_choice":"Memory 2","damage_taken":5,"max_hp_gain":0,"max_hp_loss":0,"event_name":"SensoryStone","floor":38,"gold_loss":0},{"damage_healed":0,"gold_gain":0,"player_choice":"Trade","damage_taken":0,"relics_obtained":["CultistMask"],"max_hp_gain":0,"max_hp_loss":0,"event_name":"FaceTrader","floor":39,"gold_loss":0}],"is_beta":false,"boss_relics":[{"not_picked":["Lizard Tail","Orrery"],"picked":"Philosopher\u0027s Stone"},{"not_picked":["Snecko Eye","Mark of Pain"],"picked":"White Beast Statue"}],"items_purged_floors":[],"is_endless":false,"potions_floor_spawned":[1,8,12,14,20,21,23,28,29,35,41,42,45,46,47,48],"ascension_level":1}