{"gold_per_floor":[219,238,255,267,282,282,282,316,355,382,409,421,451,115,115,188,188,205,130,55,70,80,80,106,106,133,148,148,162,62,62],"floor_reached":31,"playtime":2367,"items_purged":["Strike_R","Strike_R"],"score":572,"play_id":"6e18e7a1-10d5-47dc-bfff-c6b91ea2400b","local_time":"20191019024650","is_ascension_mode":true,"campfire_choices":[{"data":"Heavy Blade","floor":6.0,"key":"SMITH"},{"floor":12.0,"key":"REST"},{"data":"Disarm","floor":15.0,"key":"SMITH"},{"data":"Shrug It Off","floor":23.0,"key":"SMITH"},{"data":"Clothesline","floor":25.0,"key":"SMITH"}],"neow_cost":"NONE","seed_source_timestamp":173962238231800,"circlet_count":0,"master_deck":["AscendersBane","Defend_R","Defend_R","Defend_R","Defend_R","Bash","Shrug It Off+1","Spot Weakness","Heavy Blade+1","Inflame","Bludgeon","Double Tap","Clothesline+1","Demon Form","Disarm+1","Warcry+1","Impervious","Reaper","Metallicize","Heavy Blade+1"],"special_seed":0,"relics":["Burning Blood","MawBank","Oddly Smooth Stone","Strange Spoon","Sozu","Potion Belt","Art of War","Strawberry"],"potions_floor_usage":[],"damage_taken":[{"damage":12.0,"enemies":"Jaw Worm","floor":1.0,"turns":5.0},{"damage":0.0,"enemies":"Cultist","floor":2.0,"turns":3.0},{"damage":4.0,"enemies":"2 Louse","floor":3.0,"turns":4.0},{"damage":34.0,"enemies":"Gremlin Gang","floor":4.0,"turns":9.0},{"damage":11.0,"enemies":"Exordium Thugs","floor":5.0,"turns":6.0},{"damage":22.0,"enemies":"Lagavulin","floor":8.0,"turns":5.0},{"damage":9.0,"enemies":"Red Slaver","floor":10.0,"turns":3.0},{"damage":6.0,"enemies":"2 Fungi Beasts","floor":11.0,"turns":4.0},{"damage":4.0,"enemies":"Looter","floor":13.0,"turns":3.0},{"damage":12.0,"enemies":"Hexaghost","floor":16.0,"turns":8.0},{"damage":25.0,"enemies":"2 Thieves","floor":18.0,"turns":5.0},{"damage":12.0,"enemies":"Shell Parasite","floor":21.0,"turns":12.0},{"damage":29.0,"enemies":"Shelled Parasite and Fungi","floor":22.0,"turns":16.0},{"damage":6.0,"enemies":"Book of Stabbing","floor":24.0,"turns":12.0},{"damage":3.0,"enemies":"Snecko","floor":27.0,"turns":5.0},{"damage":0.0,"enemies":"Cultist and Chosen","floor":29.0,"turns":5.0},{"damage":86,"enemies":"Gremlin Leader","floor":31,"turns":4}],"seed_played":"4890127234399751015","potions_obtained":[{"floor":2.0,"key":"Weak Potion"},{"floor":4.0,"key":"Strength Potion"},{"floor":11.0,"key":"GamblersBrew"},{"floor":16.0,"key":"Ancient Potion"}],"is_trial":false,"path_per_floor":["M","M","M","M","M","R","?","E","T","M","M","R","M","$","R","B",null,"M","?","?","M","M","R","E","R","T","M","T","M","$","E"],"character_chosen":"IRONCLAD","items_purchased":["Strange Spoon","Weak Potion"],"campfire_rested":1,"item_purchase_floors":[14,14],"current_hp_per_floor":[62,68,70,42,37,37,37,21,21,18,18,40,42,42,42,36,65,46,46,46,75,75,75,75,75,75,75,82,82,82,0],"gold":62,"neow_bonus":"HUNDRED_GOLD","is_prod":false,"is_daily":false,"chose_seed":false,"campfire_upgraded":4,"win_rate":0,"timestamp":1571467610,"path_taken":["M","M","M","M","M","R","?","E","T","?","M","R","M","$","R","BOSS","M","?","?","M","M","R","E","R","T","?","?","?","?","E"],"build_version":"2019-07-17","purchased_purges":2,"victory":false,"max_hp_per_floor":[75,75,75,75,75,75,75,75,75,75,75,75,75,75,75,75,75,75,75,75,75,75,75,75,75,75,75,82,82,82,82],"card_choices":[{"not_picked":["Thunderclap","Reckless Charge"],"picked":"Shrug It Off","floor":1.0},{"not_picked":["Body Slam","Burning Pact"],"picked":"Spot Weakness","floor":2.0},{"not_picked":["Clash","Burning Pact","Wild Strike"],"picked":"SKIP","floor":3.0},{"not_picked":["Armaments","Sword Boomerang"],"picked":"Heavy Blade","floor":4.0},{"not_picked":["Carnage","Dropkick"],"picked":"Inflame","floor":5.0},{"not_picked":["Body Slam","Immolate"],"picked":"Double Tap","floor":8.0},{"not_picked":["Pummel","Twin Strike"],"picked":"Clothesline","floor":10.0},{"not_picked":["Pommel Strike","Twin Strike"],"picked":"Demon Form","floor":11.0},{"not_picked":["True Grit","Shrug It Off"],"picked":"Disarm","floor":13.0},{"not_picked":["True Grit","Whirlwind"],"picked":"Warcry+1","floor":18.0},{"not_picked":["Bloodletting","Clash"],"picked":"Metallicize","floor":21.0},{"not_picked":["Havoc","Feel No Pain","Heavy Blade+1"],"picked":"SKIP","floor":22.0},{"not_picked":["Iron Wave","Thunderclap+1","Shrug It Off"],"picked":"SKIP","floor":24.0},{"not_picked":["Heavy Blade","Bloodletting","Perfected Strike"],"picked":"SKIP","floor":27.0},{"not_picked":["Rampage","Rupture"],"picked":"Heavy Blade+1","floor":29.0}],"player_experience":862156,"relics_obtained":[{"floor":8.0,"key":"MawBank"},{"floor":9.0,"key":"Oddly Smooth Stone"},{"floor":24.0,"key":"Potion Belt"},{"floor":26.0,"key":"Art of War"},{"floor":28.0,"key":"Strawberry"}],"event_choices":[{"damage_healed":0.0,"max_hp_gain":0.0,"max_hp_loss":0.0,"gold_gain":0.0,"event_name":"Match and Keep!","player_choice":"1 cards matched","floor":7.0,"gold_loss":0.0,"damage_taken":0.0,"cards_obtained":["Bludgeon"]},{"cards_removed":["Strike_R"],"damage_healed":0.0,"max_hp_gain":0.0,"max_hp_loss":0.0,"gold_gain":0.0,"event_name":"Beggar","player_choice":"Gave Gold","floor":19.0,"gold_loss":75.0,"damage_taken":0.0},{"damage_healed":0.0,"max_hp_gain":0.0,"max_hp_loss":0.0,"gold_gain":0.0,"cards_transformed":["Strike_R","Strike_R"],"event_name":"Designer","player_choice":"Transformed Cards","floor":20.0,"gold_loss":75.0,"damage_taken":0.0,"cards_obtained":["Impervious","Reaper"]}],"is_beta":false,"boss_relics":[{"not_picked":["Black Blood","Fusion Hammer"],"picked":"Sozu"}],"items_purged_floors":[14,30],"is_endless":false,"potions_floor_spawned":[2,4,11,16,22,27,29],"killed_by":"Gremlin Leader","ascension_level":20}