{"gold_per_floor":[215,230,245,260,12,12,41,61,84,159,169,189,218,245,257,367,379,410,409,433,456,468],"floor_reached":22,"playtime":2038,"items_purged":[],"score":286,"play_id":"3598a3f1-95c1-49d6-8a88-fa6715c8e2d8","local_time":"20190907140501","is_ascension_mode":true,"campfire_choices":[{"data":"Armaments","floor":6.0,"key":"SMITH"},{"data":"Shrug It Off","floor":15.0,"key":"SMITH"}],"neow_cost":"NONE","seed_source_timestamp":244288046538564,"circlet_count":0,"master_deck":["Strike_R","Strike_R","Strike_R","Strike_R","Strike_R","Defend_R","Defend_R","Defend_R","Defend_R","Bash","Shrug It Off+1","Inflame","Headbutt","Armaments+1","True Grit","Headbutt","Uppercut","Offering","Flame Barrier","Limit Break","Offering","Armaments+1"],"special_seed":0,"relics":["Burning Blood","Singing Bowl","Gremlin Horn","Oddly Smooth Stone","MawBank","White Beast Statue"],"potions_floor_usage":[],"damage_taken":[{"damage":1.0,"enemies":"Cultist","floor":1.0,"turns":3.0},{"damage":0.0,"enemies":"Small Slimes","floor":2.0,"turns":3.0},{"damage":0.0,"enemies":"Jaw Worm","floor":3.0,"turns":3.0},{"damage":6.0,"enemies":"Exordium Wildlife","floor":4.0,"turns":5.0},{"damage":15.0,"enemies":"3 Sentries","floor":7.0,"turns":8.0},{"damage":9.0,"enemies":"Blue Slaver","floor":8.0,"turns":5.0},{"damage":2.0,"enemies":"Red Slaver","floor":11.0,"turns":7.0},{"damage":2.0,"enemies":"Looter","floor":12.0,"turns":4.0},{"damage":9.0,"enemies":"Lagavulin","floor":13.0,"turns":7.0},{"damage":6.0,"enemies":"Blue Slaver","floor":14.0,"turns":4.0},{"damage":34.0,"enemies":"Hexaghost","floor":16.0,"turns":12.0},{"damage":26.0,"enemies":"Spheric Guardian","floor":18.0,"turns":6.0},{"damage":19.0,"enemies":"2 Thieves","floor":19.0,"turns":4.0},{"damage":57.0,"enemies":"Snecko","floor":20.0,"turns":9.0},{"damage":18.0,"enemies":"Shelled Parasite and Fungi","floor":21.0,"turns":14.0},{"damage":27,"enemies":"3 Cultists","floor":22,"turns":4}],"seed_played":"-9139468431377085194","potions_obtained":[{"floor":1.0,"key":"SteroidPotion"},{"floor":4.0,"key":"Explosive Potion"},{"floor":8.0,"key":"Weak Potion"},{"floor":13.0,"key":"AttackPotion"},{"floor":14.0,"key":"SpeedPotion"},{"floor":18.0,"key":"Regen Potion"},{"floor":19.0,"key":"Regen Potion"},{"floor":20.0,"key":"Block Potion"},{"floor":21.0,"key":"Dexterity Potion"}],"is_trial":false,"path_per_floor":["M","M","M","M","$","R","E","M","T","?","M","M","E","M","R","B",null,"M","M","M","M","M"],"character_chosen":"IRONCLAD","items_purchased":["Singing Bowl"],"campfire_rested":0,"item_purchase_floors":[5],"current_hp_per_floor":[77,80,80,80,80,80,71,68,68,57,61,65,62,64,64,36,71,53,42,35,23,0],"gold":468,"neow_bonus":"HUNDRED_GOLD","is_prod":false,"is_daily":false,"chose_seed":false,"campfire_upgraded":2,"win_rate":0,"timestamp":1567890301,"path_taken":["M","M","M","M","$","R","E","M","T","?","M","M","E","M","R","BOSS","M","M","M","M","M"],"build_version":"2019-07-17","purchased_purges":0,"victory":false,"max_hp_per_floor":[80,80,80,80,80,80,80,80,80,80,80,80,80,82,82,82,82,84,86,86,86,86],"card_choices":[{"not_picked":["Whirlwind","Clash"],"picked":"Shrug It Off","floor":1.0},{"not_picked":["Corruption","Wild Strike"],"picked":"Inflame","floor":2.0},{"not_picked":["Warcry","Twin Strike"],"picked":"Headbutt","floor":3.0},{"not_picked":["Second Wind","Twin Strike"],"picked":"Armaments","floor":4.0},{"not_picked":["Hemokinesis","Intimidate"],"picked":"True Grit","floor":7.0},{"not_picked":["Body Slam","Heavy Blade"],"picked":"Headbutt","floor":8.0},{"not_picked":["Rage","Feel No Pain"],"picked":"Uppercut","floor":11.0},{"not_picked":["Headbutt","Shockwave"],"picked":"Offering","floor":12.0},{"not_picked":["Double Tap","Power Through"],"picked":"Flame Barrier","floor":13.0},{"not_picked":["True Grit","Cleave","Wild Strike"],"picked":"Singing Bowl","floor":14.0},{"not_picked":["Brutality","Bludgeon"],"picked":"Limit Break","floor":16.0},{"not_picked":["Anger+1","Rage+1","Body Slam+1"],"picked":"Singing Bowl","floor":18.0},{"not_picked":["Second Wind","Carnage","Flex"],"picked":"Singing Bowl","floor":19.0},{"not_picked":["Thunderclap","Headbutt"],"picked":"Offering","floor":20.0},{"not_picked":["Combust","True Grit"],"picked":"Armaments+1","floor":21.0}],"player_experience":278057,"relics_obtained":[{"floor":7.0,"key":"Gremlin Horn"},{"floor":9.0,"key":"Oddly Smooth Stone"},{"floor":13.0,"key":"MawBank"}],"event_choices":[{"damage_healed":0.0,"max_hp_gain":0.0,"max_hp_loss":0.0,"gold_gain":75.0,"event_name":"World of Goop","player_choice":"Gather Gold","floor":10.0,"gold_loss":0.0,"damage_taken":11.0}],"is_beta":false,"boss_relics":[{"not_picked":["Black Blood","Runic Pyramid"],"picked":"White Beast Statue"}],"items_purged_floors":[],"is_endless":false,"potions_floor_spawned":[1,4,8,13,14,18,19,20,21],"killed_by":"3 Cultists","ascension_level":8}