{"gold_per_floor":[218,13,13,54,92,151,151,151,177,228,228,228,564,645,645,645],"floor_reached":16,"playtime":344,"items_purged":[],"score":232,"play_id":"72d33c8e-0fd2-4bca-aef3-c346562920c3","local_time":"20191019141224","is_ascension_mode":true,"campfire_choices":[{"floor":8,"key":"REST"},{"floor":12,"key":"REST"},{"data":"Fire Breathing","floor":15,"key":"SMITH"}],"neow_cost":"NONE","seed_source_timestamp":409281316582600,"circlet_count":0,"master_deck":["AscendersBane","Strike_R","Strike_R","Strike_R+1","Strike_R","Strike_R","Defend_R","Defend_R","Defend_R","Defend_R","Bash","Sword Boomerang","HandOfGreed+1","Fire Breathing+1","True Grit","Battle Trance"],"relics":["Burning Blood","The Courier","Toy Ornithopter","Bag of Preparation","Mercury Hourglass","Golden Idol","Old Coin","Odd Mushroom"],"potions_floor_usage":[10,16],"damage_taken":[{"damage":2,"enemies":"2 Louse","floor":1,"turns":3},{"damage":2,"enemies":"Jaw Worm","floor":4,"turns":3},{"damage":12,"enemies":"Small Slimes","floor":5,"turns":2},{"damage":20,"enemies":"3 Sentries","floor":6,"turns":6},{"damage":32,"enemies":"Gremlin Nob","floor":10,"turns":4},{"damage":35,"enemies":"Lagavulin","floor":13,"turns":5},{"damage":0,"enemies":"The Mushroom Lair","floor":14,"turns":3},{"damage":32,"enemies":"Hexaghost","floor":16,"turns":9}],"seed_played":"-6945457539330765492","potions_obtained":[{"floor":4,"key":"LiquidMemories"},{"floor":6,"key":"EssenceOfSteel"}],"is_trial":false,"path_per_floor":["M","$","?","M","M","E","?","R","T","E","?","R","E","?","R","B"],"character_chosen":"IRONCLAD","items_purchased":["HandOfGreed"],"campfire_rested":2,"item_purchase_floors":[2],"current_hp_per_floor":[72,72,49,53,47,33,28,50,50,29,29,49,20,26,26,0],"gold":645,"neow_bonus":"HUNDRED_GOLD","is_prod":false,"is_daily":false,"chose_seed":false,"campfire_upgraded":1,"win_rate":0,"timestamp":1571519544,"path_taken":["M","$","?","M","M","E","?","R","T","E","?","R","E","?","R","BOSS"],"build_version":"2019-10-18","purchased_purges":0,"victory":false,"max_hp_per_floor":[75,75,75,75,75,75,75,75,75,75,68,68,68,68,68,68],"card_choices":[{"not_picked":["Clash","Havoc"],"picked":"Sword Boomerang","floor":1},{"not_picked":["Cleave","Thunderclap","True Grit"],"picked":"SKIP","floor":4},{"not_picked":["Twin Strike","Carnage","Fire Breathing"],"picked":"SKIP","floor":5},{"not_picked":["Twin Strike","Carnage"],"picked":"Fire Breathing","floor":5},{"not_picked":["Pummel","Iron Wave"],"picked":"True Grit","floor":6},{"not_picked":["Blood for Blood","Seeing Red"],"picked":"Battle Trance","floor":10},{"not_picked":["Searing Blow","Wild Strike","Burning Pact"],"picked":"SKIP","floor":13}],"player_experience":1662965,"relics_obtained":[{"floor":6,"key":"The Courier"},{"floor":9,"key":"Bag of Preparation"},{"floor":10,"key":"Mercury Hourglass"},{"floor":13,"key":"Old Coin"},{"floor":14,"key":"Odd Mushroom"}],"event_choices":[{"damage_healed":0,"gold_gain":0,"player_choice":"Entered Light","damage_taken":23,"max_hp_gain":0,"max_hp_loss":0,"event_name":"Shining Light","floor":3,"gold_loss":0,"cards_upgraded":["Strike_R","HandOfGreed"]},{"damage_healed":0,"gold_gain":0,"player_choice":"Success","damage_taken":5,"relics_obtained":["Toy Ornithopter"],"max_hp_gain":0,"max_hp_loss":0,"event_name":"Scrap Ooze","floor":7,"gold_loss":0},{"damage_healed":0,"gold_gain":0,"player_choice":"Lose Max HP","damage_taken":0,"relics_obtained":["Golden Idol"],"max_hp_gain":0,"max_hp_loss":7,"event_name":"Golden Idol","floor":11,"gold_loss":0},{"damage_healed":0,"gold_gain":0,"player_choice":"Fought Mushrooms","damage_taken":0,"max_hp_gain":0,"max_hp_loss":0,"event_name":"Mushrooms","floor":14,"gold_loss":0}],"is_beta":true,"boss_relics":[],"items_purged_floors":[],"is_endless":false,"potions_floor_spawned":[4,6],"killed_by":"Hexaghost","ascension_level":20}