{"gold_per_floor":[118,137,157,157,177,177,102,135,162,162,180,210,222,252,252,325,325],"floor_reached":17,"playtime":547,"items_purged":["Strike_R"],"score":354,"play_id":"43793d6c-878c-4437-93ba-10ac38360ad1","local_time":"20191002094622","is_ascension_mode":true,"campfire_choices":[{"data":"Demon Form","floor":6.0,"key":"SMITH"},{"floor":10.0,"key":"REST"},{"floor":15.0,"key":"REST"}],"neow_cost":"NONE","seed_source_timestamp":0,"circlet_count":0,"master_deck":["AscendersBane","Strike_R","Strike_R","Strike_R","Defend_R","Defend_R","Defend_R","Defend_R","Bash","Clothesline","Combust","Metallicize","Headbutt","Demon Form+1","Shrug It Off","Uppercut","Shrug It Off","Impervious"],"special_seed":0,"relics":["Burning Blood","Red Skull","Lantern","Paper Frog","Centennial Puzzle"],"potions_floor_usage":[],"damage_taken":[{"damage":2.0,"enemies":"Small Slimes","floor":1.0,"turns":4.0},{"damage":2.0,"enemies":"Cultist","floor":2.0,"turns":3.0},{"damage":7.0,"enemies":"Jaw Worm","floor":3.0,"turns":4.0},{"damage":8.0,"enemies":"Looter","floor":5.0,"turns":4.0},{"damage":41.0,"enemies":"3 Sentries","floor":8.0,"turns":8.0},{"damage":26.0,"enemies":"Gremlin Gang","floor":11.0,"turns":3.0},{"damage":23.0,"enemies":"Gremlin Nob","floor":12.0,"turns":4.0},{"damage":6.0,"enemies":"Blue Slaver","floor":13.0,"turns":3.0},{"damage":16.0,"enemies":"Lagavulin","floor":14.0,"turns":6.0},{"damage":30.0,"enemies":"Slime Boss","floor":16.0,"turns":11.0}],"seed_played":"2293540117933425324","potions_obtained":[{"floor":1.0,"key":"SpeedPotion"},{"floor":2.0,"key":"EssenceOfSteel"},{"floor":3.0,"key":"Ancient Potion"},{"floor":4.0,"key":"DuplicationPotion"},{"floor":14.0,"key":"SkillPotion"},{"floor":16.0,"key":"Explosive Potion"}],"is_trial":false,"path_per_floor":["M","M","M","?","M","R","$","E","T","R","M","E","M","E","R","B",null],"character_chosen":"IRONCLAD","items_purchased":[],"campfire_rested":2,"item_purchase_floors":[],"current_hp_per_floor":[72,75,74,74,72,72,72,37,37,59,39,22,22,12,34,10,10],"gold":325,"neow_bonus":"TRANSFORM_CARD","is_prod":false,"is_daily":false,"chose_seed":false,"campfire_upgraded":1,"win_rate":0,"timestamp":1570034782,"path_taken":["M","M","M","?","?","R","$","E","T","R","M","E","M","E","R","BOSS"],"build_version":"2019-10-01","purchased_purges":1,"victory":false,"max_hp_per_floor":[75,75,75,75,75,75,75,75,75,75,75,75,75,75,75,75,75],"card_choices":[{"not_picked":["Twin Strike","Iron Wave"],"picked":"Combust","floor":1.0},{"not_picked":["Clash","Shockwave"],"picked":"Metallicize","floor":2.0},{"not_picked":["Armaments","Warcry"],"picked":"Headbutt","floor":3.0},{"not_picked":["Thunderclap","Warcry"],"picked":"Demon Form","floor":5.0},{"not_picked":["Infernal Blade","Exhume","Intimidate"],"picked":"SKIP","floor":8.0},{"not_picked":["Burning Pact","Twin Strike"],"picked":"Shrug It Off","floor":11.0},{"not_picked":["Bloodletting","Burning Pact"],"picked":"Uppercut","floor":12.0},{"not_picked":["Cleave","Flex"],"picked":"Shrug It Off","floor":13.0},{"not_picked":["Rupture","Intimidate","True Grit"],"picked":"SKIP","floor":14.0},{"not_picked":["Double Tap","Bludgeon"],"picked":"Impervious","floor":16.0}],"player_experience":1185711,"relics_obtained":[{"floor":8.0,"key":"Red Skull"},{"floor":9.0,"key":"Lantern"},{"floor":12.0,"key":"Paper Frog"},{"floor":14.0,"key":"Centennial Puzzle"}],"event_choices":[{"damage_healed":0.0,"max_hp_gain":0.0,"max_hp_loss":0.0,"gold_gain":0.0,"event_name":"Lab","player_choice":"Got Potions","floor":4.0,"gold_loss":0.0,"damage_taken":0.0}],"is_beta":true,"boss_relics":[],"items_purged_floors":[7],"is_endless":false,"potions_floor_spawned":[1,2,3,14,16],"ascension_level":20}