{"gold_per_floor":[111,122,140,155,155,155,184,184,184,109,184,204,204,239,239,239],"floor_reached":16,"playtime":469,"items_purged":["Strike_R"],"score":220,"play_id":"11bda933-8532-4f39-a8c5-56deaaf8a012","local_time":"20191018111901","is_ascension_mode":true,"campfire_choices":[{"data":"Bash","floor":6,"key":"SMITH"},{"data":"Anger","floor":8,"key":"SMITH"},{"floor":13,"key":"REST"},{"data":"Uppercut","floor":15,"key":"SMITH"}],"neow_cost":"NONE","seed_source_timestamp":312313026409100,"circlet_count":0,"master_deck":["AscendersBane","Strike_R","Strike_R","Strike_R","Strike_R","Defend_R","Defend_R","Defend_R","Defend_R","Bash+1","Shrug It Off","Brutality","Anger+1","Power Through","Uppercut+1"],"special_seed":0,"relics":["Burning Blood","Centennial Puzzle","Ginger","Kunai"],"potions_floor_usage":[4,7,14],"damage_taken":[{"damage":1.0,"enemies":"Cultist","floor":1.0,"turns":3.0},{"damage":2.0,"enemies":"2 Louse","floor":2.0,"turns":4.0},{"damage":8.0,"enemies":"Small Slimes","floor":3.0,"turns":6.0},{"damage":31,"enemies":"Exordium Thugs","floor":4,"turns":6},{"damage":43,"enemies":"3 Sentries","floor":7,"turns":10},{"damage":3,"enemies":"Looter","floor":12,"turns":3},{"damage":15,"enemies":"Lagavulin","floor":14,"turns":6},{"damage":38,"enemies":"The Guardian","floor":16,"turns":8}],"seed_played":"7206569113453984302","potions_obtained":[{"floor":1.0,"key":"Strength Potion"},{"floor":2.0,"key":"SkillPotion"},{"floor":12,"key":"Strength Potion"}],"is_trial":false,"path_per_floor":["M","M","M","M","?","R","E","R","T","$","?","M","R","E","R","B"],"character_chosen":"IRONCLAD","items_purchased":[],"campfire_rested":1,"item_purchase_floors":[],"current_hp_per_floor":[80,82,80,55,60,60,23,23,23,23,12,15,41,32,32,0],"gold":239,"neow_bonus":"TEN_PERCENT_HP_BONUS","is_prod":false,"is_daily":false,"chose_seed":false,"campfire_upgraded":3,"win_rate":0,"timestamp":1571422741,"path_taken":["M","M","M","M","?","R","E","R","T","$","?","M","R","E","R","BOSS"],"build_version":"2019-10-17","purchased_purges":1,"victory":false,"max_hp_per_floor":[82,82,82,82,87,87,87,87,87,87,87,87,87,87,87,87],"card_choices":[{"not_picked":["Corruption","Iron Wave"],"picked":"Shrug It Off","floor":1.0},{"not_picked":["Flex","Warcry","Perfected Strike"],"picked":"SKIP","floor":2.0},{"not_picked":["Metallicize","Bloodletting"],"picked":"Brutality","floor":3.0},{"not_picked":["Iron Wave","Corruption"],"picked":"Anger","floor":4},{"not_picked":["Headbutt","Berserk"],"picked":"Power Through","floor":7},{"not_picked":["Heavy Blade","Whirlwind","Warcry"],"picked":"SKIP","floor":12},{"not_picked":["Clash","Intimidate"],"picked":"Uppercut","floor":14}],"player_experience":1628057,"relics_obtained":[{"floor":7,"key":"Centennial Puzzle"},{"floor":9,"key":"Ginger"},{"floor":14,"key":"Kunai"}],"event_choices":[{"damage_healed":0,"gold_gain":0,"player_choice":"Donut","damage_taken":0,"max_hp_gain":5,"max_hp_loss":0,"event_name":"Big Fish","floor":5,"gold_loss":0},{"damage_healed":0,"gold_gain":75,"player_choice":"Gather Gold","damage_taken":11,"max_hp_gain":0,"max_hp_loss":0,"event_name":"World of Goop","floor":11,"gold_loss":0}],"is_beta":true,"boss_relics":[],"items_purged_floors":[10],"is_endless":false,"potions_floor_spawned":[1,2,12],"killed_by":"The Guardian","ascension_level":20}