{"gold_per_floor":[109,109,109,123,33,71,71,102,102,102,277,308,308,328,328,456,456,471,471,396,396,120,120,120],"floor_reached":24,"playtime":812,"items_purged":["Strike_B"],"score":218,"play_id":"8e393cc2-4b12-4a0c-b6e7-09e4938b9240","local_time":"20191015133416","is_ascension_mode":true,"campfire_choices":[{"data":"Dualcast","floor":7,"key":"SMITH"},{"floor":10,"key":"REST"},{"floor":15,"key":"REST"},{"data":"Buffer","floor":23,"key":"SMITH"}],"neow_cost":"NONE","seed_source_timestamp":2556033394600486,"circlet_count":0,"master_deck":["Strike_B","Strike_B","Defend_B","Defend_B","Defend_B+1","Defend_B+1","Zap","Dualcast+1","Sweeping Beam","Leap","Gash","Doom and Gloom","Go for the Eyes","White Noise","Hologram","Redo","Buffer+1","Barrage","Capacitor","Scrape","Recycle"],"relics":["Runic Dome","Golden Idol","Cables","War Paint","Blue Candle","Pear","Nuclear Battery"],"potions_floor_usage":[16,16,24],"damage_taken":[{"damage":0,"enemies":"2 Louse","floor":1,"turns":1},{"damage":8,"enemies":"Jaw Worm","floor":4,"turns":4},{"damage":11,"enemies":"3 Sentries","floor":6,"turns":4},{"damage":29,"enemies":"Lagavulin","floor":8,"turns":9},{"damage":10,"enemies":"3 Sentries","floor":12,"turns":5},{"damage":7,"enemies":"Small Slimes","floor":14,"turns":2},{"damage":35,"enemies":"The Guardian","floor":16,"turns":6},{"damage":14,"enemies":"Chosen","floor":18,"turns":6},{"damage":58,"enemies":"Slavers","floor":24,"turns":4}],"seed_played":"7163762404506812659","potions_obtained":[{"floor":6,"key":"Dexterity Potion"},{"floor":12,"key":"Explosive Potion"},{"floor":18,"key":"Block Potion"}],"is_trial":false,"path_per_floor":["M","?","?","M","$","E","R","E","T","R","?","E","?","M","R","B",null,"M","?","?","?","$","R","E"],"character_chosen":"DEFECT","items_purchased":["Gash","Doom and Gloom","Capacitor","Scrape","Recycle"],"campfire_rested":2,"item_purchase_floors":[5,5,22,22,22],"current_hp_per_floor":[75,57,57,49,49,38,38,9,9,31,31,31,31,24,49,14,85,71,55,55,55,55,55,0],"gold":120,"neow_bonus":"BOSS_RELIC","is_prod":false,"is_daily":false,"chose_seed":false,"campfire_upgraded":2,"win_rate":0,"timestamp":1571142856,"path_taken":["M","?","?","M","?","E","R","E","T","R","?","E","?","M","R","BOSS","M","?","?","?","$","R","E"],"build_version":"2019-09-09v2","purchased_purges":1,"victory":false,"max_hp_per_floor":[75,75,75,75,75,75,75,75,75,75,75,85,85,85,85,85,85,85,85,85,85,85,85,85],"card_choices":[{"not_picked":["Turbo","Rip and Tear"],"picked":"Sweeping Beam","floor":1},{"not_picked":["Compile Driver","Streamline"],"picked":"Leap","floor":4},{"not_picked":["Self Repair","Compile Driver"],"picked":"Go for the Eyes","floor":6},{"not_picked":["Reprogram","Force Field"],"picked":"White Noise","floor":8},{"not_picked":["Turbo","Amplify"],"picked":"Hologram","floor":12},{"not_picked":["Leap","Auto Shields"],"picked":"Redo","floor":14},{"not_picked":["All For One","Hyperbeam"],"picked":"Buffer","floor":16},{"not_picked":["Redo","Rebound"],"picked":"Barrage","floor":18}],"player_experience":208118,"relics_obtained":[{"floor":6,"key":"War Paint"},{"floor":8,"key":"Blue Candle"},{"floor":12,"key":"Pear"}],"event_choices":[{"damage_healed":0,"gold_gain":0,"player_choice":"Take Damage","damage_taken":18,"relics_obtained":["Golden Idol"],"max_hp_gain":0,"max_hp_loss":0,"event_name":"Golden Idol","floor":2,"gold_loss":0},{"damage_healed":0,"gold_gain":0,"player_choice":"Box","damage_taken":0,"relics_obtained":["Cables"],"max_hp_gain":0,"max_hp_loss":0,"event_name":"Big Fish","floor":3,"gold_loss":0,"cards_obtained":["Regret"]},{"damage_healed":0,"gold_gain":175,"player_choice":"AGREE","damage_taken":0,"max_hp_gain":0,"max_hp_loss":0,"event_name":"Liars Game","floor":11,"gold_loss":0,"cards_obtained":["Doubt"]},{"cards_removed":["Regret"],"damage_healed":0,"gold_gain":0,"player_choice":"Forget","damage_taken":0,"max_hp_gain":0,"max_hp_loss":0,"event_name":"Living Wall","floor":13,"gold_loss":0},{"damage_healed":0,"gold_gain":0,"player_choice":"Obtained Book","damage_taken":16,"max_hp_gain":0,"max_hp_loss":0,"event_name":"Cursed Tome","floor":19,"gold_loss":0},{"cards_removed":["Doubt"],"damage_healed":0,"gold_gain":0,"player_choice":"Gave Gold","damage_taken":0,"max_hp_gain":0,"max_hp_loss":0,"event_name":"Beggar","floor":20,"gold_loss":75},{"cards_removed":["Strike_B"],"damage_healed":0,"gold_gain":0,"player_choice":"Purged","damage_taken":0,"max_hp_gain":0,"max_hp_loss":0,"event_name":"Purifier","floor":21,"gold_loss":0}],"is_beta":true,"boss_relics":[{"not_picked":["Empty Cage","Inserter"],"picked":"Nuclear Battery"}],"items_purged_floors":[22],"is_endless":false,"potions_floor_spawned":[6,12,18],"killed_by":"Slavers","ascension_level":1}