{"gold_per_floor":[114,67,82,82,82,109,34,67,148,175,175,203,203,213,213,291,291,311,321,331,21,37,37,68,84,111,111,111,111],"floor_reached":29,"playtime":1326,"items_purged":["Regret"],"score":447,"play_id":"7734d7c9-5a2a-40f4-b62b-fb5b89db026f","local_time":"20191017013229","is_ascension_mode":true,"campfire_choices":[{"data":"Immolate","floor":11,"key":"SMITH"},{"data":"Seeing Red","floor":13,"key":"SMITH"},{"floor":15,"key":"REST"},{"data":"Inflame","floor":23,"key":"SMITH"},{"data":"Entrench","floor":27,"key":"SMITH"}],"neow_cost":"NONE","seed_source_timestamp":521446687872700,"circlet_count":0,"master_deck":["AscendersBane","Strike_R","Strike_R","Strike_R","Strike_R","Strike_R","Defend_R","Defend_R","Defend_R","Defend_R","Bash+1","Seeing Red+1","Shrug It Off","Sword Boomerang","Immolate+1","Carnage","Iron Wave","Impervious","Headbutt","Inflame+1","Ghostly Armor+1","Power Through+1","Double Tap","Entrench+1"],"relics":["Burning Blood","Vajra","Happy Flower","Oddly Smooth Stone","Dodecahedron","Mummified Hand","Smiling Mask","Red Skull","Coffee Dripper","Calipers","Centennial Puzzle","Lantern","MutagenicStrength"],"potions_floor_usage":[6,10,16,29],"damage_taken":[{"damage":1,"enemies":"Cultist","floor":1,"turns":3},{"damage":8,"enemies":"Small Slimes","floor":3,"turns":4},{"damage":22,"enemies":"Gremlin Nob","floor":6,"turns":4},{"damage":11,"enemies":"3 Sentries","floor":8,"turns":5},{"damage":22,"enemies":"Gremlin Nob","floor":10,"turns":4},{"damage":10,"enemies":"3 Sentries","floor":12,"turns":4},{"damage":0,"enemies":"2 Louse","floor":14,"turns":1},{"damage":29,"enemies":"Hexaghost","floor":16,"turns":7},{"damage":14,"enemies":"Spheric Guardian","floor":18,"turns":4},{"damage":14,"enemies":"Shell Parasite","floor":19,"turns":5},{"damage":6,"enemies":"Cultist and Chosen","floor":20,"turns":4},{"damage":23,"enemies":"Chosen and Byrds","floor":22,"turns":6},{"damage":34,"enemies":"Gremlin Leader","floor":24,"turns":6},{"damage":0,"enemies":"Shelled Parasite and Fungi","floor":25,"turns":5},{"damage":23,"enemies":"Slavers","floor":29,"turns":1}],"seed_played":"-2872699777825273871","potions_obtained":[{"floor":3,"key":"Explosive Potion"},{"floor":8,"key":"Weak Potion"},{"floor":10,"key":"SkillPotion"},{"floor":19,"key":"Strength Potion"},{"floor":25,"key":"Energy Potion"}],"is_trial":false,"path_per_floor":["M","$","M","?","?","E","$","E","T","E","R","E","R","M","R","B",null,"M","M","M","$","M","R","E","M","T","R","?","E"],"character_chosen":"IRONCLAD","items_purchased":["Shrug It Off","Calipers"],"campfire_rested":1,"item_purchase_floors":[2,21],"current_hp_per_floor":[77,77,75,75,75,59,59,54,54,38,38,34,34,40,64,41,70,62,54,54,54,37,37,9,15,15,15,15,0],"gold":111,"neow_bonus":"RANDOM_COMMON_RELIC","is_prod":false,"is_daily":false,"chose_seed":false,"campfire_upgraded":4,"win_rate":0,"timestamp":1571268749,"path_taken":["M","?","M","?","?","E","$","E","T","E","R","E","R","M","R","BOSS","M","M","M","$","M","R","E","M","T","R","?","E"],"build_version":"2019-07-17","purchased_purges":1,"victory":false,"max_hp_per_floor":[80,80,80,80,80,80,80,80,80,80,80,80,80,80,80,80,80,80,80,80,80,80,80,80,80,80,80,80,80],"card_choices":[{"not_picked":["Wild Strike","Twin Strike"],"picked":"Seeing Red","floor":1},{"not_picked":["Wild Strike","Clash"],"picked":"Sword Boomerang","floor":3},{"not_picked":["Body Slam","Cleave"],"picked":"Immolate","floor":6},{"not_picked":["Seeing Red","Wild Strike"],"picked":"Carnage","floor":8},{"not_picked":["Sword Boomerang","Perfected Strike"],"picked":"Iron Wave","floor":10},{"not_picked":["Brutality","Flex","Perfected Strike"],"picked":"SKIP","floor":12},{"not_picked":["Anger","Reckless Charge","Warcry"],"picked":"SKIP","floor":14},{"not_picked":["Berserk","Barricade"],"picked":"Impervious","floor":16},{"not_picked":["Combust","Blood for Blood"],"picked":"Headbutt","floor":18},{"not_picked":["Searing Blow","Flex"],"picked":"Inflame","floor":19},{"not_picked":["Headbutt","Rupture+1"],"picked":"Ghostly Armor+1","floor":20},{"not_picked":["Rupture","Clash"],"picked":"Power Through+1","floor":22},{"not_picked":["Fiend Fire","Clothesline"],"picked":"Double Tap","floor":24},{"not_picked":["True Grit","Flex"],"picked":"Entrench","floor":25}],"player_experience":378711,"relics_obtained":[{"floor":6,"key":"Oddly Smooth Stone"},{"floor":8,"key":"Dodecahedron"},{"floor":9,"key":"Mummified Hand"},{"floor":10,"key":"Smiling Mask"},{"floor":12,"key":"Red Skull"},{"floor":24,"key":"Centennial Puzzle"},{"floor":26,"key":"Lantern"}],"event_choices":[{"damage_healed":0,"gold_gain":0,"player_choice":"Box","damage_taken":0,"relics_obtained":["Happy Flower"],"max_hp_gain":0,"max_hp_loss":0,"event_name":"Big Fish","floor":4,"gold_loss":0,"cards_obtained":["Regret"]},{"damage_healed":0,"gold_gain":0,"player_choice":"Forge","damage_taken":0,"max_hp_gain":0,"max_hp_loss":0,"event_name":"Accursed Blacksmith","floor":5,"gold_loss":0,"cards_upgraded":["Bash"]},{"damage_healed":0,"gold_gain":0,"player_choice":"Inject Mutagens","damage_taken":0,"relics_obtained":["MutagenicStrength"],"max_hp_gain":0,"max_hp_loss":0,"event_name":"Drug Dealer","floor":28,"gold_loss":0}],"is_beta":false,"boss_relics":[{"not_picked":["Calling Bell","Tiny House"],"picked":"Coffee Dripper"}],"items_purged_floors":[7],"is_endless":false,"potions_floor_spawned":[3,8,10,19,25],"killed_by":"Slavers","ascension_level":13}