{"gold_per_floor":[110,110,130,80,96,96,110,73,121,133,133,153,153,153,153,255,255,267,192,212,229,25,25,39,39,39,70,70,90,107,107,107,107],"floor_reached":33,"playtime":2067,"items_purged":["Strike_B"],"score":272,"play_id":"7c9fc8d5-b4e2-4865-82db-e7b5b39f14bb","local_time":"20191016113514","is_ascension_mode":true,"campfire_choices":[{"data":"1","floor":6,"key":"LIFT"},{"data":"2","floor":11,"key":"LIFT"},{"floor":15,"key":"REST"},{"data":"3","floor":23,"key":"LIFT"},{"floor":25,"key":"REST"},{"floor":32,"key":"REST"}],"neow_cost":"CURSE","seed_source_timestamp":2634036605017193,"circlet_count":0,"master_deck":["Strike_B","Strike_B+1","Defend_B","Defend_B","Defend_B","Zap","Dualcast","Conserve Battery","White Noise","Sweeping Beam","Hologram+1","Glacier","Defragment","Gash","Core Surge","Hello World","Go for the Eyes","Recycle+1","Go for the Eyes","Scrape+1","Gash","Self Repair+1","Ball Lightning+1","Steam+1"],"relics":["FrozenCore","Girya","Molten Egg 2","Happy Flower"],"potions_floor_usage":[16,21,21,24,24,27,27,30,33],"damage_taken":[{"damage":0,"enemies":"2 Louse","floor":1,"turns":2},{"damage":0,"enemies":"Cultist","floor":3,"turns":4},{"damage":0,"enemies":"Jaw Worm","floor":5,"turns":3},{"damage":7,"enemies":"Blue Slaver","floor":7,"turns":3},{"damage":7,"enemies":"3 Louse","floor":10,"turns":3},{"damage":12,"enemies":"Exordium Wildlife","floor":12,"turns":4},{"damage":12,"enemies":"Slime Boss","floor":16,"turns":6},{"damage":27,"enemies":"3 Byrds","floor":18,"turns":6},{"damage":6,"enemies":"Shell Parasite","floor":20,"turns":7},{"damage":6,"enemies":"Snake Plant","floor":21,"turns":5},{"damage":20,"enemies":"Centurion and Healer","floor":24,"turns":6},{"damage":9,"enemies":"Book of Stabbing","floor":27,"turns":5},{"damage":5,"enemies":"Snecko","floor":29,"turns":8},{"damage":10,"enemies":"Chosen and Byrds","floor":30,"turns":6},{"damage":41,"enemies":"Automaton","floor":33,"turns":8}],"seed_played":"6615531097999751103","potions_obtained":[{"floor":1,"key":"SpeedPotion"},{"floor":2,"key":"GamblersBrew"},{"floor":2,"key":"PowerPotion"},{"floor":2,"key":"EntropicBrew"},{"floor":16,"key":"PowerPotion"},{"floor":18,"key":"SkillPotion"},{"floor":24,"key":"Weak Potion"},{"floor":30,"key":"Strength Potion"}],"is_trial":false,"path_per_floor":["M","?","M","?","M","R","M","$","T","M","R","M","?","?","R","B",null,"M","?","M","M","$","R","M","R","T","E","?","M","M","?","R","B"],"character_chosen":"DEFECT","items_purchased":["Glacier","Go for the Eyes","Scrape"],"campfire_rested":3,"item_purchase_floors":[8,22,22],"current_hp_per_floor":[75,75,75,72,72,72,65,65,65,58,58,46,39,25,46,34,72,45,45,39,33,33,33,13,34,34,25,12,17,17,17,40,0],"gold":107,"neow_bonus":"ONE_RARE_RELIC","is_prod":false,"is_daily":false,"chose_seed":false,"campfire_upgraded":0,"win_rate":0,"timestamp":1571222114,"path_taken":["M","?","?","?","M","R","M","$","T","M","R","M","?","?","R","BOSS","M","?","M","M","$","R","M","R","T","E","?","M","M","?","R","BOSS"],"build_version":"2019-09-09v2","purchased_purges":1,"victory":false,"max_hp_per_floor":[75,75,75,72,72,72,72,72,72,72,72,72,72,72,72,72,72,72,72,72,72,72,72,72,72,72,72,77,77,77,77,77,77],"card_choices":[{"not_picked":["Genetic Algorithm","Auto Shields"],"picked":"Conserve Battery","floor":1},{"not_picked":["Hologram","Rebound"],"picked":"White Noise","floor":3},{"not_picked":["Turbo","Barrage"],"picked":"Sweeping Beam","floor":5},{"not_picked":["Static Discharge","Turbo"],"picked":"Hologram","floor":7},{"not_picked":["Leap","Aggregate"],"picked":"Defragment","floor":10},{"not_picked":["Compile Driver","Coolheaded"],"picked":"Gash","floor":12},{"not_picked":["Hyperbeam","Meteor Strike"],"picked":"Core Surge","floor":16},{"not_picked":["Turbo+1","Redo"],"picked":"Hello World","floor":18},{"not_picked":["Cold Snap","Hologram+1"],"picked":"Go for the Eyes","floor":20},{"not_picked":["Melter","Stack+1"],"picked":"Recycle+1","floor":21},{"not_picked":["Defragment","Leap"],"picked":"Gash","floor":24},{"not_picked":["Biased Cognition","Redo+1"],"picked":"Self Repair+1","floor":27},{"not_picked":["Redo","Fusion"],"picked":"Ball Lightning+1","floor":29},{"not_picked":["Coolheaded","Go for the Eyes+1"],"picked":"Steam+1","floor":30}],"player_experience":235634,"relics_obtained":[{"floor":26,"key":"Molten Egg 2"},{"floor":27,"key":"Happy Flower"}],"event_choices":[{"damage_healed":0,"gold_gain":0,"player_choice":"Got Potions","damage_taken":0,"max_hp_gain":0,"max_hp_loss":0,"event_name":"Lab","floor":2,"gold_loss":0},{"cards_removed":["Parasite"],"damage_healed":0,"gold_gain":0,"player_choice":"Card Removal","damage_taken":0,"max_hp_gain":0,"max_hp_loss":0,"event_name":"The Cleric","floor":4,"gold_loss":50},{"cards_removed":["Defend_B"],"damage_healed":0,"gold_gain":0,"player_choice":"Card Removal","damage_taken":7,"max_hp_gain":0,"max_hp_loss":0,"event_name":"Golden Wing","floor":13,"gold_loss":0},{"damage_healed":0,"gold_gain":0,"player_choice":"Entered Light","damage_taken":14,"max_hp_gain":0,"max_hp_loss":0,"event_name":"Shining Light","floor":14,"gold_loss":0,"cards_upgraded":["Hologram","Strike_B"]},{"cards_removed":["Strike_B"],"damage_healed":0,"gold_gain":0,"player_choice":"Gave Gold","damage_taken":0,"max_hp_gain":0,"max_hp_loss":0,"event_name":"Beggar","floor":19,"gold_loss":75},{"damage_healed":0,"gold_gain":0,"player_choice":"Shed Blood","damage_taken":18,"max_hp_gain":5,"max_hp_loss":0,"event_name":"Forgotten Altar","floor":28,"gold_loss":0},{"damage_healed":0,"gold_gain":0,"player_choice":"Forge","damage_taken":0,"max_hp_gain":0,"max_hp_loss":0,"event_name":"Accursed Blacksmith","floor":31,"gold_loss":0,"cards_upgraded":["Scrape"]}],"is_beta":true,"boss_relics":[{"not_picked":["Snecko Eye","Runic Dome"],"picked":"FrozenCore"}],"items_purged_floors":[22],"is_endless":false,"potions_floor_spawned":[1,16,18,24,30],"killed_by":"Automaton","ascension_level":1}