{"gold_per_floor":[216,227,246,265,280,280,307,307,333,352,352,352,352,372,372,372],"floor_reached":16,"playtime":531,"items_purged":[],"score":203,"play_id":"47663da6-3b8d-45de-9b2d-5abc88ab8c49","local_time":"20190925090550","is_ascension_mode":true,"campfire_choices":[{"data":"Clothesline","floor":6.0,"key":"SMITH"},{"data":"Whirlwind","floor":8.0,"key":"SMITH"},{"floor":13.0,"key":"REST"},{"data":"Bash","floor":15.0,"key":"SMITH"}],"neow_cost":"NONE","seed_source_timestamp":290074303642428,"circlet_count":0,"master_deck":["AscendersBane","Strike_R","Strike_R","Strike_R","Strike_R","Defend_R","Defend_R","Defend_R","Defend_R","Bash+1","Clothesline+1","Whirlwind+1","Burning Pact"],"special_seed":0,"relics":["Burning Blood","Singing Bowl","Potion Belt","PreservedInsect"],"potions_floor_usage":[16],"damage_taken":[{"damage":9.0,"enemies":"2 Louse","floor":1.0,"turns":3.0},{"damage":6.0,"enemies":"Cultist","floor":2.0,"turns":3.0},{"damage":9.0,"enemies":"Small Slimes","floor":3.0,"turns":4.0},{"damage":12.0,"enemies":"Exordium Wildlife","floor":4.0,"turns":3.0},{"damage":10.0,"enemies":"Blue Slaver","floor":5.0,"turns":5.0},{"damage":25.0,"enemies":"3 Sentries","floor":7.0,"turns":5.0},{"damage":0.0,"enemies":"3 Louse","floor":10.0,"turns":2.0},{"damage":9.0,"enemies":"Looter","floor":14.0,"turns":4.0},{"damage":52,"enemies":"Slime Boss","floor":16,"turns":6}],"seed_played":"8452360198003089486","potions_obtained":[{"floor":2.0,"key":"Strength Potion"},{"floor":5.0,"key":"Dexterity Potion"},{"floor":10.0,"key":"GamblersBrew"}],"is_trial":false,"path_per_floor":["M","M","M","M","M","R","E","R","T","M","?","?","R","M","R","B"],"character_chosen":"IRONCLAD","items_purchased":[],"campfire_rested":1,"item_purchase_floors":[],"current_hp_per_floor":[65,65,62,56,52,52,35,35,35,43,17,10,33,32,32,0],"gold":372,"neow_bonus":"HUNDRED_GOLD","is_prod":false,"is_daily":false,"chose_seed":false,"campfire_upgraded":3,"win_rate":0,"timestamp":1569427550,"path_taken":["M","M","M","M","M","R","E","R","T","M","?","?","R","M","R","BOSS"],"build_version":"2019-07-17","purchased_purges":0,"victory":false,"max_hp_per_floor":[75,75,75,75,75,75,77,77,77,79,79,79,79,81,81,81],"card_choices":[{"not_picked":["Iron Wave","Warcry"],"picked":"Clothesline","floor":1.0},{"not_picked":["Cleave","Wild Strike"],"picked":"Whirlwind","floor":2.0},{"not_picked":["Sword Boomerang","Cleave","Havoc"],"picked":"SKIP","floor":3.0},{"not_picked":["Warcry","Rupture","Carnage"],"picked":"SKIP","floor":4.0},{"not_picked":["Cleave","Pommel Strike"],"picked":"Burning Pact","floor":5.0},{"not_picked":["Double Tap","Rupture","Infernal Blade"],"picked":"Singing Bowl","floor":7.0},{"not_picked":["Sword Boomerang","Flex","Clothesline"],"picked":"Singing Bowl","floor":10.0},{"not_picked":["Wild Strike","Warcry","Twin Strike"],"picked":"Singing Bowl","floor":14.0}],"player_experience":353104,"relics_obtained":[{"floor":7.0,"key":"Singing Bowl"},{"floor":9.0,"key":"Potion Belt"}],"event_choices":[{"damage_healed":0.0,"max_hp_gain":0.0,"max_hp_loss":0.0,"gold_gain":0.0,"event_name":"Scrap Ooze","player_choice":"Success","floor":11.0,"gold_loss":0.0,"damage_taken":26.0,"relics_obtained":["PreservedInsect"]},{"cards_removed":["Strike_R"],"damage_healed":0.0,"max_hp_gain":0.0,"max_hp_loss":0.0,"gold_gain":0.0,"event_name":"Golden Wing","player_choice":"Card Removal","floor":12.0,"gold_loss":0.0,"damage_taken":7.0}],"is_beta":false,"boss_relics":[],"items_purged_floors":[],"is_endless":false,"potions_floor_spawned":[2,5,10],"killed_by":"Slime Boss","ascension_level":19}