{"gold_per_floor":[109,72,347,116,133,133,159,159,159,159,170,198,45,62,62,161,161,174,124,124,138,155,155,155],"floor_reached":24,"playtime":1769,"items_purged":["Regret","Defend_G","Strike_G"],"score":214,"play_id":"223b476e-aa95-40aa-8aa4-5809eef8e69b","local_time":"20190804132943","is_ascension_mode":true,"campfire_choices":[{"data":"Neutralize","floor":6,"key":"SMITH"},{"floor":8,"key":"REST"},{"data":"Survivor","floor":10,"key":"SMITH"},{"data":"Defend_G","floor":15,"key":"SMITH"},{"data":"Heel Hook","floor":23,"key":"SMITH"}],"neow_cost":"NONE","seed_source_timestamp":1797646939250114,"circlet_count":0,"master_deck":["Strike_G","Strike_G","Strike_G","Strike_G","Defend_G","Defend_G","Defend_G","Defend_G+1","Survivor+1","Neutralize+1","Heel Hook","Heel Hook+1","Malaise+1"],"relics":["Ring of the Snake","Regal Pillow","Lantern","Smiling Mask","Ice Cream","Prayer Wheel"],"potions_floor_usage":[7,16,16,16],"damage_taken":[{"damage":0,"enemies":"2 Louse","floor":1,"turns":4},{"damage":1,"enemies":"Cultist","floor":5,"turns":5},{"damage":22,"enemies":"3 Sentries","floor":7,"turns":13},{"damage":0,"enemies":"Small Slimes","floor":11,"turns":3},{"damage":14,"enemies":"Gremlin Nob","floor":12,"turns":5},{"damage":0,"enemies":"Gremlin Gang","floor":14,"turns":6},{"damage":19,"enemies":"Slime Boss","floor":16,"turns":11},{"damage":0,"enemies":"3 Byrds","floor":18,"turns":8},{"damage":0,"enemies":"Shell Parasite","floor":21,"turns":10},{"damage":24,"enemies":"Centurion and Healer","floor":22,"turns":15},{"damage":47,"enemies":"Sentry and Sphere","floor":24,"turns":9}],"seed_played":"-3789266490996092783","potions_obtained":[{"floor":5,"key":"Weak Potion"},{"floor":11,"key":"Explosive Potion"}],"is_trial":false,"path_per_floor":["M","$","?","$","M","R","E","R","T","R","M","E","$","M","R","B",null,"M","$","?","M","M","R","M"],"character_chosen":"THE_SILENT","items_purchased":["Heel Hook","Lantern","PowerPotion","Poison Potion"],"campfire_rested":1,"item_purchase_floors":[2,4,13,13],"current_hp_per_floor":[70,70,70,70,69,69,47,70,70,70,70,56,56,56,56,37,70,70,70,70,70,46,46,0],"gold":155,"neow_bonus":"RANDOM_COMMON_RELIC","is_prod":false,"is_daily":false,"chose_seed":false,"campfire_upgraded":4,"win_rate":0,"timestamp":1564950583,"path_taken":["M","$","?","$","M","R","E","R","T","R","?","E","$","M","R","BOSS","M","$","?","?","M","R","M"],"build_version":"2019-07-17","purchased_purges":3,"victory":false,"max_hp_per_floor":[70,70,70,70,70,70,70,70,70,70,70,70,70,70,70,70,70,70,70,70,70,70,70,70],"card_choices":[{"not_picked":["Dodge and Roll","Prepared","Poisoned Stab"],"picked":"SKIP","floor":1},{"not_picked":["Cloak And Dagger","Sucker Punch","Outmaneuver"],"picked":"SKIP","floor":5},{"not_picked":["Distraction","Slice","Crippling Poison"],"picked":"SKIP","floor":7},{"not_picked":["Distraction","Dodge and Roll","PiercingWail"],"picked":"SKIP","floor":11},{"not_picked":["Poisoned Stab","Dagger Spray","Slice"],"picked":"SKIP","floor":12},{"not_picked":["Expertise","Sucker Punch"],"picked":"Heel Hook","floor":14},{"not_picked":["Caltrops","Venomology","Dodge and Roll"],"picked":"SKIP","floor":14},{"not_picked":["Glass Knife","Storm of Steel"],"picked":"Malaise","floor":16},{"not_picked":["Predator","Setup","Well Laid Plans"],"picked":"SKIP","floor":18},{"not_picked":["Endless Agony","Quick Slash","Dagger Throw"],"picked":"SKIP","floor":18},{"not_picked":["Flying Knee","Prepared","Finisher"],"picked":"SKIP","floor":21},{"not_picked":["Blur+1","Predator","Doppelganger"],"picked":"SKIP","floor":21},{"not_picked":["Setup+1","Backflip","Bane"],"picked":"SKIP","floor":22},{"not_picked":["Calculated Gamble","Deadly Poison","Blade Dance+1"],"picked":"SKIP","floor":22}],"player_experience":173422,"relics_obtained":[{"floor":7,"key":"Smiling Mask"},{"floor":9,"key":"Ice Cream"},{"floor":12,"key":"Prayer Wheel"}],"event_choices":[{"damage_healed":0,"gold_gain":275,"player_choice":"Desecrate","damage_taken":0,"max_hp_gain":0,"max_hp_loss":0,"event_name":"Golden Shrine","floor":3,"gold_loss":0,"cards_obtained":["Regret"]},{"damage_healed":0,"gold_gain":0,"player_choice":"Forge","damage_taken":0,"max_hp_gain":0,"max_hp_loss":0,"event_name":"Accursed Blacksmith","floor":20,"gold_loss":0,"cards_upgraded":["Malaise"]}],"is_beta":false,"boss_relics":[{"not_picked":["Astrolabe","Snecko Eye","HoveringKite"]}],"items_purged_floors":[4,13,19],"is_endless":false,"potions_floor_spawned":[5,11],"killed_by":"Sentry and Sphere","ascension_level":1}