{"gold_per_floor":[111,111,111,128,138,138,165,165,165,193,204,224,243,261,261,332,332,348,306,41,0,0,0,29,29,29,59,70,90,101,41,41,116,116,134,134,134,149,161,193,193,206,206,206,237,252,271,299,299,299,299,299,299,86,113,113],"floor_reached":57,"playtime":5825,"items_purged":["Defend_R","Strike_R"],"score":2717,"play_id":"eaebdafa-acd5-49fa-afd3-114ac25d379e","local_time":"20190929132249","is_ascension_mode":true,"campfire_choices":[{"data":"Demon Form","floor":6.0,"key":"SMITH"},{"data":"Shrug It Off","floor":8.0,"key":"SMITH"},{"data":"Shrug It Off","floor":15.0,"key":"SMITH"},{"data":"Whirlwind","floor":23.0,"key":"SMITH"},{"data":"Exhume","floor":25.0,"key":"SMITH"},{"data":"Defend_R","floor":32.0,"key":"SMITH"},{"data":"Madness","floor":41.0,"key":"SMITH"},{"floor":44.0,"key":"REST"},{"floor":49.0,"key":"RECALL"},{"data":"Madness","floor":53.0,"key":"SMITH"}],"neow_cost":"PERCENT_DAMAGE","seed_source_timestamp":646064634555706,"circlet_count":0,"master_deck":["AscendersBane","Strike_R","Strike_R","Defend_R+1","Defend_R","Defend_R","Bash","Demon Form+1","Flame Barrier","Shrug It Off+1","Reaper","Shrug It Off+1","Headbutt","Exhume+1","Whirlwind+1","Shockwave+1","Madness+1","Madness+1","Ghostly Armor","Metallicize+1","Corruption+1"],"special_seed":0,"relics":["Burning Blood","Ice Cream","Pear","Matryoshka","Dead Branch","Runic Pyramid","Singing Bowl","StoneCalendar","Red Skull","Pantograph","The Courier","Philosopher\u0027s Stone","Frozen Egg 2","Ornamental Fan","Mummified Hand","Orichalcum","Happy Flower","Torii"],"potions_floor_usage":[55,56,56],"damage_taken":[{"damage":10.0,"enemies":"2 Louse","floor":1.0,"turns":4.0},{"damage":2.0,"enemies":"Small Slimes","floor":4.0,"turns":4.0},{"damage":1.0,"enemies":"Cultist","floor":5.0,"turns":5.0},{"damage":3.0,"enemies":"Lagavulin","floor":7.0,"turns":5.0},{"damage":50.0,"enemies":"3 Sentries","floor":10.0,"turns":12.0},{"damage":8.0,"enemies":"3 Louse","floor":11.0,"turns":5.0},{"damage":15.0,"enemies":"Exordium Wildlife","floor":12.0,"turns":7.0},{"damage":11.0,"enemies":"2 Fungi Beasts","floor":13.0,"turns":7.0},{"damage":15.0,"enemies":"Blue Slaver","floor":14.0,"turns":7.0},{"damage":77.0,"enemies":"Hexaghost","floor":16.0,"turns":11.0},{"damage":17.0,"enemies":"3 Byrds","floor":18.0,"turns":6.0},{"damage":39.0,"enemies":"2 Thieves","floor":19.0,"turns":5.0},{"damage":110.0,"enemies":"Gremlin Leader","floor":24.0,"turns":10.0},{"damage":50.0,"enemies":"Slavers","floor":27.0,"turns":3.0},{"damage":27.0,"enemies":"Cultist and Chosen","floor":28.0,"turns":7.0},{"damage":0.0,"enemies":"3 Cultists","floor":29.0,"turns":2.0},{"damage":0.0,"enemies":"Snecko","floor":30.0,"turns":6.0},{"damage":124.0,"enemies":"Collector","floor":33.0,"turns":13.0},{"damage":19.0,"enemies":"3 Shapes","floor":35.0,"turns":2.0},{"damage":37.0,"enemies":"3 Darklings","floor":38.0,"turns":5.0},{"damage":104.0,"enemies":"Jaw Worm Horde","floor":39.0,"turns":5.0},{"damage":84.0,"enemies":"Reptomancer","floor":40.0,"turns":6.0},{"damage":57.0,"enemies":"Writhing Mass","floor":42.0,"turns":5.0},{"damage":4.0,"enemies":"Nemesis","floor":45.0,"turns":9.0},{"damage":18.0,"enemies":"Sphere and 2 Shapes","floor":46.0,"turns":6.0},{"damage":3.0,"enemies":"Maw","floor":47.0,"turns":6.0},{"damage":106.0,"enemies":"Giant Head","floor":48.0,"turns":12.0},{"damage":65.0,"enemies":"Time Eater","floor":50.0,"turns":12.0},{"damage":88.0,"enemies":"Awakened One","floor":51.0,"turns":9.0},{"damage":80,"enemies":"Shield and Spear","floor":55,"turns":7},{"damage":132,"enemies":"The Heart","floor":56,"turns":10}],"seed_played":"4352588280846960912","potions_obtained":[{"floor":10.0,"key":"BloodPotion"},{"floor":13.0,"key":"Dexterity Potion"},{"floor":14.0,"key":"Regen Potion"},{"floor":16.0,"key":"BloodPotion"},{"floor":27.0,"key":"Fire Potion"},{"floor":29.0,"key":"SpeedPotion"},{"floor":30.0,"key":"SneckoOil"},{"floor":38.0,"key":"Swift Potion"},{"floor":40.0,"key":"Strength Potion"},{"floor":48.0,"key":"BloodPotion"},{"floor":55,"key":"GamblersBrew"}],"is_trial":false,"path_per_floor":["M","?","?","M","M","R","E","R","T","E","M","M","M","M","R","B",null,"M","M","$","?","?","R","E","R","T","E","M","M","M","$","R","B",null,"M","?","?","M","M","E","R","M","T","R","E","M","M","E","R","B","B",null,"R","$","E","B",null],"character_chosen":"IRONCLAD","items_purchased":["Singing Bowl","Happy Flower"],"campfire_rested":1,"item_purchase_floors":[20,54],"current_hp_per_floor":[46,41,41,45,50,50,63,63,63,47,55,66,74,71,71,9,66,58,59,59,59,59,59,41,41,41,27,42,50,58,58,58,22,78,77,60,60,97,96,73,73,33,33,63,66,72,93,36,36,98,107,107,107,107,41,44],"gold":113,"neow_bonus":"THREE_RARE_CARDS","is_prod":false,"is_daily":false,"chose_seed":false,"campfire_upgraded":8,"win_rate":0,"timestamp":1569788569,"path_taken":["M","?","?","M","M","R","E","R","T","E","M","M","M","M","R","BOSS","M","M","$","?","?","R","E","R","T","E","M","M","M","?","R","BOSS","M","?","?","M","M","E","R","M","T","R","E","M","M","E","R","BOSS","BOSS","R","$","E","BOSS"],"build_version":"2019-07-17","purchased_purges":2,"victory":true,"max_hp_per_floor":[75,75,75,75,75,75,85,85,85,85,85,85,85,85,85,85,85,85,85,85,85,85,85,87,87,87,89,91,93,95,95,95,97,97,97,97,97,97,99,101,101,103,103,103,103,105,105,107,107,107,107,107,107,107,107,107],"card_choices":[{"not_picked":["Limit Break","Berserk"],"picked":"Demon Form","floor":0.0},{"not_picked":["Twin Strike","Sword Boomerang"],"picked":"Flame Barrier","floor":1.0},{"not_picked":["Flex","Twin Strike"],"picked":"Shrug It Off","floor":4.0},{"not_picked":["Carnage","Anger","Cleave"],"picked":"SKIP","floor":5.0},{"not_picked":["Anger","Double Tap"],"picked":"Reaper","floor":7.0},{"not_picked":["Uppercut","Double Tap"],"picked":"Shrug It Off","floor":10.0},{"not_picked":["Rage","Disarm","Perfected Strike"],"picked":"SKIP","floor":11.0},{"not_picked":["Fire Breathing","Heavy Blade"],"picked":"Headbutt","floor":12.0},{"not_picked":["Disarm","Seeing Red","Second Wind"],"picked":"SKIP","floor":13.0},{"not_picked":["Heavy Blade","Anger","Armaments"],"picked":"SKIP","floor":14.0},{"not_picked":["Bludgeon","Immolate"],"picked":"Exhume","floor":16.0},{"not_picked":["Heavy Blade","Fire Breathing","Thunderclap"],"picked":"SKIP","floor":18.0},{"not_picked":["Entrench","Twin Strike"],"picked":"Whirlwind","floor":19.0},{"not_picked":["Body Slam","Heavy Blade","Flex"],"picked":"Singing Bowl","floor":24.0},{"not_picked":["Sword Boomerang","Immolate","Clash"],"picked":"Singing Bowl","floor":27.0},{"not_picked":["Infernal Blade","Dropkick+1","Thunderclap"],"picked":"Singing Bowl","floor":28.0},{"not_picked":["Clash","Twin Strike","Iron Wave"],"picked":"Singing Bowl","floor":29.0},{"not_picked":["Clash","Perfected Strike","Twin Strike"],"picked":"Singing Bowl","floor":30.0},{"not_picked":["Double Tap","Juggernaut","Demon Form"],"picked":"Singing Bowl","floor":33.0},{"not_picked":["Wild Strike","Sword Boomerang"],"picked":"Shockwave+1","floor":35.0},{"not_picked":["Iron Wave","Berserk","True Grit+1"],"picked":"SKIP","floor":38.0},{"not_picked":["Flex","Rage","Headbutt"],"picked":"Singing Bowl","floor":39.0},{"not_picked":["Feel No Pain","Twin Strike","True Grit"],"picked":"Singing Bowl","floor":40.0},{"not_picked":["Shrug It Off","Infernal Blade","Flex"],"picked":"Singing Bowl","floor":42.0},{"not_picked":["Blood for Blood","Twin Strike+1"],"picked":"Ghostly Armor","floor":45.0},{"not_picked":["Perfected Strike","Twin Strike","Armaments"],"picked":"Singing Bowl","floor":46.0},{"not_picked":["Seeing Red","Anger+1"],"picked":"Metallicize+1","floor":47.0},{"not_picked":["Headbutt","Clothesline","Flame Barrier"],"picked":"Singing Bowl","floor":48.0},{"not_picked":["True Grit","Impervious"],"picked":"Corruption+1","floor":55}],"player_experience":367664,"relics_obtained":[{"floor":7.0,"key":"Pear"},{"floor":9.0,"key":"Matryoshka"},{"floor":10.0,"key":"Dead Branch"},{"floor":24.0,"key":"StoneCalendar"},{"floor":26.0,"key":"Red Skull"},{"floor":26.0,"key":"Pantograph"},{"floor":27.0,"key":"The Courier"},{"floor":40.0,"key":"Frozen Egg 2"},{"floor":43.0,"key":"Ornamental Fan"},{"floor":45.0,"key":"Mummified Hand"},{"floor":48.0,"key":"Orichalcum"},{"floor":55,"key":"Torii"}],"event_choices":[{"damage_healed":0.0,"max_hp_gain":0.0,"max_hp_loss":0.0,"gold_gain":0.0,"event_name":"Scrap Ooze","player_choice":"Success","floor":2.0,"gold_loss":0.0,"damage_taken":5.0,"relics_obtained":["Ice Cream"]},{"cards_removed":["Strike_R"],"damage_healed":0.0,"max_hp_gain":0.0,"max_hp_loss":0.0,"gold_gain":0.0,"event_name":"Purifier","player_choice":"Purged","floor":3.0,"gold_loss":0.0,"damage_taken":0.0},{"damage_healed":0.0,"max_hp_gain":0.0,"max_hp_loss":0.0,"gold_gain":0.0,"event_name":"Masked Bandits","player_choice":"Paid Fearfully","floor":21.0,"gold_loss":41.0,"damage_taken":0.0},{"damage_healed":0.0,"max_hp_gain":0.0,"max_hp_loss":0.0,"gold_gain":0.0,"event_name":"Ghosts","player_choice":"Ignored","floor":22.0,"gold_loss":0.0,"damage_taken":0.0},{"damage_healed":0.0,"max_hp_gain":0.0,"max_hp_loss":0.0,"gold_gain":0.0,"event_name":"Winding Halls","player_choice":"Embrace Madness","floor":36.0,"gold_loss":0.0,"damage_taken":17.0,"cards_obtained":["Madness","Madness"]},{"cards_removed":["Strike_R"],"damage_healed":0.0,"max_hp_gain":0.0,"max_hp_loss":0.0,"gold_gain":0.0,"event_name":"Bonfire Elementals","player_choice":"Offered Basic","floor":37.0,"gold_loss":0.0,"damage_taken":0.0}],"is_beta":false,"boss_relics":[{"not_picked":["Black Blood","Snecko Eye"],"picked":"Runic Pyramid"},{"not_picked":["Pandora\u0027s Box","Fusion Hammer"],"picked":"Philosopher\u0027s Stone"}],"items_purged_floors":[31,54],"is_endless":false,"potions_floor_spawned":[10,13,14,16,24,27,29,30,38,40,48,55],"ascension_level":20}