{"gold_per_floor":[113,288,18,93,109,143,157,157,157,157,168,180,207,207,207,306,306,320,58,76,95,108,108,123,136,183,183,282,334,353,453,453,557,557,568,568,587,341,351,351,376,376,376,376,227,243,243,257,257,257],"floor_reached":51,"playtime":2691,"items_purged":["Doubt","Defend_R","Strike_R"],"score":739,"play_id":"63009ffd-fcd6-46f4-bd9d-c0f36a6d11ed","local_time":"20190918021212","is_ascension_mode":false,"campfire_choices":[{"data":"Iron Wave","floor":8,"key":"SMITH"},{"data":"True Grit","floor":15,"key":"SMITH"},{"data":"Strike_R","floor":23,"key":"PURGE"},{"floor":32,"key":"REST"},{"data":"Strike_R","floor":40,"key":"PURGE"},{"floor":42,"key":"REST"},{"data":"Defend_R","floor":47,"key":"PURGE"},{"data":"Defend_R","floor":49,"key":"PURGE"}],"neow_cost":"NONE","seed_source_timestamp":482072023125100,"circlet_count":0,"master_deck":["Strike_R+1","Strike_R+1","Defend_R","Bash+1","Headbutt","Iron Wave+1","True Grit+1","True Grit","Bludgeon","Shrug It Off","Flex+1","Cleave","Anger","Shrug It Off+1","True Grit+1","Clothesline"],"relics":["Burning Blood","Brimstone","Peace Pipe","Ornamental Fan","Calipers","Whetstone","Fusion Hammer","Matryoshka","Dream Catcher","Lantern","MutagenicStrength","Orichalcum","Vajra","Ice Cream","Sundial","Busted Crown","Oddly Smooth Stone","Kunai","Torii"],"potions_floor_usage":[6,16,21,22,22,30,31,31,33,50,50,50],"damage_taken":[{"damage":0,"enemies":"2 Louse","floor":1,"turns":3},{"damage":2,"enemies":"Jaw Worm","floor":5,"turns":3},{"damage":31,"enemies":"3 Sentries","floor":6,"turns":5},{"damage":0,"enemies":"Cultist","floor":7,"turns":3},{"damage":6,"enemies":"Blue Slaver","floor":11,"turns":3},{"damage":14,"enemies":"Gremlin Gang","floor":12,"turns":4},{"damage":18,"enemies":"Gremlin Nob","floor":13,"turns":4},{"damage":26,"enemies":"Hexaghost","floor":16,"turns":7},{"damage":4,"enemies":"3 Byrds","floor":18,"turns":5},{"damage":14,"enemies":"Shell Parasite","floor":20,"turns":4},{"damage":30,"enemies":"Cultist and Chosen","floor":21,"turns":5},{"damage":19,"enemies":"Sentry and Sphere","floor":22,"turns":4},{"damage":11,"enemies":"Snecko","floor":24,"turns":4},{"damage":3,"enemies":"3 Cultists","floor":25,"turns":4},{"damage":18,"enemies":"Shelled Parasite and Fungi","floor":30,"turns":3},{"damage":1,"enemies":"Colosseum Slavers","floor":31,"turns":3},{"damage":0,"enemies":"Colosseum Nobs","floor":31,"turns":3},{"damage":48,"enemies":"Automaton","floor":33,"turns":8},{"damage":12,"enemies":"3 Darklings","floor":35,"turns":4},{"damage":0,"enemies":"Orb Walker","floor":37,"turns":3},{"damage":0,"enemies":"Transient","floor":39,"turns":5},{"damage":36,"enemies":"Nemesis","floor":41,"turns":5},{"damage":7,"enemies":"Maw","floor":46,"turns":6},{"damage":0,"enemies":"4 Shapes","floor":48,"turns":4},{"damage":34,"enemies":"Awakened One","floor":50,"turns":9}],"seed_played":"8805764733068409768","potions_obtained":[{"floor":1,"key":"Strength Potion"},{"floor":6,"key":"Explosive Potion"},{"floor":13,"key":"EntropicBrew"},{"floor":14,"key":"SteroidPotion"},{"floor":14,"key":"AttackPotion"},{"floor":16,"key":"FearPotion"},{"floor":21,"key":"Fruit Juice"},{"floor":30,"key":"Fire Potion"},{"floor":31,"key":"SmokeBomb"},{"floor":33,"key":"Poison Potion"},{"floor":39,"key":"EssenceOfSteel"},{"floor":41,"key":"Energy Potion"}],"is_trial":false,"path_per_floor":["M","?","$","?","M","E","M","R","T","?","M","M","E","?","R","B",null,"M","$","M","M","M","R","M","M","T","?","?","T","M","?","R","B",null,"M","?","M","$","M","R","E","R","T","?","$","M","R","M","R","B",null],"character_chosen":"IRONCLAD","items_purchased":["Brimstone","Matryoshka","Oddly Smooth Stone","Clothesline"],"campfire_rested":2,"item_purchase_floors":[3,19,38,45],"current_hp_per_floor":[80,80,80,69,73,48,54,54,54,54,54,46,34,34,34,14,80,80,80,72,53,40,40,35,38,38,38,38,38,26,37,62,20,85,79,79,81,81,81,81,51,75,75,75,75,74,74,80,80,52],"gold":257,"neow_bonus":"UPGRADE_CARD","is_prod":false,"is_daily":false,"chose_seed":false,"campfire_upgraded":2,"win_rate":0,"timestamp":1568765532,"path_taken":["M","?","$","?","M","E","M","R","T","?","?","M","E","?","R","BOSS","M","$","M","M","?","R","M","M","T","?","?","?","?","?","R","BOSS","M","?","M","?","?","R","E","R","T","?","?","M","R","M","R","BOSS"],"build_version":"2019-07-17","purchased_purges":3,"victory":true,"max_hp_per_floor":[80,80,80,80,80,80,80,80,80,80,80,80,80,80,80,80,80,80,80,80,85,85,85,85,85,85,85,85,85,85,85,85,85,85,85,81,81,81,81,81,81,81,81,81,81,81,81,81,81,81],"card_choices":[{"not_picked":["Searing Blow","Blood for Blood"],"picked":"Headbutt","floor":1},{"not_picked":["Warcry","Armaments"],"picked":"Iron Wave","floor":5},{"not_picked":["Rampage","Rage"],"picked":"True Grit","floor":6},{"not_picked":["Dropkick","Sentinel","Rage"],"picked":"SKIP","floor":7},{"not_picked":["Seeing Red","Sword Boomerang"],"picked":"True Grit","floor":11},{"not_picked":["Disarm","Perfected Strike","Blood for Blood"],"picked":"SKIP","floor":12},{"not_picked":["True Grit","Intimidate"],"picked":"Bludgeon","floor":13},{"not_picked":["Disarm","Spot Weakness"],"picked":"Shrug It Off","floor":18},{"not_picked":["Cleave+1","Inflame"],"picked":"Flex+1","floor":20},{"not_picked":["Infernal Blade","Headbutt","Searing Blow+1"],"picked":"SKIP","floor":21},{"not_picked":["Heavy Blade","Perfected Strike"],"picked":"Cleave","floor":22},{"not_picked":["Infernal Blade","Clothesline"],"picked":"Anger","floor":24},{"not_picked":["Sword Boomerang","Burning Pact","Spot Weakness"],"picked":"SKIP","floor":25},{"not_picked":["Feel No Pain","Entrench","Rampage"],"picked":"SKIP","floor":30},{"not_picked":["Burning Pact+1","Anger+1"],"picked":"Shrug It Off+1","floor":31},{"not_picked":["Fire Breathing+1"],"picked":"SKIP","floor":35},{"not_picked":[],"picked":"True Grit+1","floor":37},{"not_picked":["Second Wind"],"picked":"SKIP","floor":39},{"not_picked":["Hemokinesis+1"],"picked":"SKIP","floor":41},{"not_picked":["True Grit"],"picked":"SKIP","floor":46},{"not_picked":["Clothesline"],"picked":"SKIP","floor":48}],"player_experience":172745,"relics_obtained":[{"floor":6,"key":"Peace Pipe"},{"floor":9,"key":"Ornamental Fan"},{"floor":13,"key":"Whetstone"},{"floor":26,"key":"Dream Catcher"},{"floor":26,"key":"Lantern"},{"floor":29,"key":"Orichalcum"},{"floor":29,"key":"Vajra"},{"floor":31,"key":"Ice Cream"},{"floor":31,"key":"Sundial"},{"floor":41,"key":"Kunai"},{"floor":43,"key":"Torii"}],"event_choices":[{"damage_healed":0,"gold_gain":175,"player_choice":"AGREE","damage_taken":0,"max_hp_gain":0,"max_hp_loss":0,"event_name":"Liars Game","floor":2,"gold_loss":0,"cards_obtained":["Doubt"]},{"damage_healed":0,"gold_gain":75,"player_choice":"Gather Gold","damage_taken":11,"max_hp_gain":0,"max_hp_loss":0,"event_name":"World of Goop","floor":4,"gold_loss":0},{"damage_healed":0,"gold_gain":0,"player_choice":"Gave Potion","damage_taken":0,"relics_obtained":["Calipers"],"max_hp_gain":0,"max_hp_loss":0,"event_name":"WeMeetAgain","floor":10,"gold_loss":0},{"damage_healed":0,"gold_gain":0,"player_choice":"Got Potions","damage_taken":0,"max_hp_gain":0,"max_hp_loss":0,"event_name":"Lab","floor":14,"gold_loss":0},{"damage_healed":0,"gold_gain":0,"player_choice":"Inject Mutagens","damage_taken":0,"relics_obtained":["MutagenicStrength"],"max_hp_gain":0,"max_hp_loss":0,"event_name":"Drug Dealer","floor":27,"gold_loss":0},{"damage_healed":0,"gold_gain":99,"player_choice":"Stole From Cult","damage_taken":0,"max_hp_gain":0,"max_hp_loss":0,"event_name":"Nest","floor":28,"gold_loss":0},{"damage_healed":0,"gold_gain":0,"player_choice":"Fight","damage_taken":0,"max_hp_gain":0,"max_hp_loss":0,"event_name":"Colosseum","floor":31,"gold_loss":0},{"damage_healed":0,"gold_gain":0,"player_choice":"Fought Nobs","damage_taken":0,"max_hp_gain":0,"max_hp_loss":0,"event_name":"Colosseum","floor":31,"gold_loss":0},{"damage_healed":0,"gold_gain":0,"player_choice":"Max HP","damage_taken":0,"max_hp_gain":0,"max_hp_loss":4,"event_name":"Winding Halls","floor":36,"gold_loss":0},{"damage_healed":0,"gold_gain":0,"player_choice":"0 cards matched","damage_taken":0,"max_hp_gain":0,"max_hp_loss":0,"event_name":"Match and Keep!","floor":44,"gold_loss":0,"cards_obtained":[]}],"is_beta":false,"boss_relics":[{"not_picked":["Orrery","Pandora\u0027s Box"],"picked":"Fusion Hammer"},{"not_picked":["Lizard Tail","Snecko Eye"],"picked":"Busted Crown"}],"items_purged_floors":[3,38,45],"is_endless":false,"potions_floor_spawned":[1,6,13,16,21,30,31,31,33,39,41],"ascension_level":0}