{"gold_per_floor":[119,89,14,34,49,49,82,101,127,157,169,208,235,263,275,287],"floor_reached":16,"playtime":908,"items_purged":["Injury"],"score":222,"play_id":"da4bb7bb-7fd9-4e33-b5b1-fdbdd9f8583a","local_time":"20190806210751","is_ascension_mode":true,"campfire_choices":[{"data":"Neutralize","floor":6.0,"key":"SMITH"},{"floor":11.0,"key":"REST"},{"floor":15,"key":"REST"}],"neow_cost":"CURSE","seed_source_timestamp":1998740767951558,"circlet_count":0,"master_deck":["AscendersBane","Strike_G","Strike_G","Strike_G","Strike_G","Strike_G","Defend_G","Defend_G","Defend_G","Defend_G","Defend_G","Survivor","Neutralize+1","Cloak And Dagger","Blur","Cloak And Dagger","Blade Dance","Poisoned Stab","All Out Attack","PiercingWail","Deflect","Escape Plan","Dodge and Roll","Poisoned Stab"],"special_seed":0,"relics":["Ring of the Snake","Dream Catcher","MawBank","Art of War"],"potions_floor_usage":[14],"damage_taken":[{"damage":6.0,"enemies":"2 Louse","floor":1.0,"turns":3.0},{"damage":2.0,"enemies":"Cultist","floor":4.0,"turns":5.0},{"damage":2.0,"enemies":"Jaw Worm","floor":5.0,"turns":7.0},{"damage":15.0,"enemies":"3 Sentries","floor":7.0,"turns":11.0},{"damage":5.0,"enemies":"3 Louse","floor":8.0,"turns":6.0},{"damage":11.0,"enemies":"Gremlin Gang","floor":10.0,"turns":7.0},{"damage":66.0,"enemies":"Lagavulin","floor":12.0,"turns":9.0},{"damage":0.0,"enemies":"Large Slime","floor":13.0,"turns":6.0},{"damage":1,"enemies":"3 Louse","floor":14,"turns":2},{"damage":24,"enemies":"The Guardian","floor":16,"turns":4}],"seed_played":"7825121405461908665","potions_obtained":[{"floor":2.0,"key":"SteroidPotion"},{"floor":2.0,"key":"AttackPotion"},{"floor":8.0,"key":"Poison Potion"},{"floor":10.0,"key":"Regen Potion"},{"floor":12.0,"key":"Explosive Potion"},{"floor":14,"key":"SpeedPotion"}],"is_trial":false,"path_per_floor":["M","?","$","M","M","R","E","M","T","M","R","E","M","M","R","B"],"character_chosen":"THE_SILENT","items_purchased":[],"campfire_rested":2,"item_purchase_floors":[],"current_hp_per_floor":[65,65,65,63,61,61,46,41,41,30,53,2,2,1,24,0],"gold":287,"neow_bonus":"TWENTY_PERCENT_HP_BONUS","is_prod":false,"is_daily":false,"chose_seed":false,"campfire_upgraded":1,"win_rate":0,"timestamp":1565150871,"path_taken":["M","?","$","M","M","R","E","M","T","M","R","E","M","M","R","BOSS"],"build_version":"2019-07-17","purchased_purges":1,"victory":false,"max_hp_per_floor":[78,78,78,78,78,78,78,78,78,78,78,78,78,78,78,78],"card_choices":[{"not_picked":["Prepared","Quick Slash"],"picked":"Cloak And Dagger","floor":1.0},{"not_picked":["Bane","Envenom"],"picked":"Blur","floor":4.0},{"not_picked":["Sucker Punch","Infinite Blades"],"picked":"Cloak And Dagger","floor":5.0},{"not_picked":["Terror","Distraction"],"picked":"Blade Dance","floor":7.0},{"not_picked":["Slice","Sucker Punch"],"picked":"Poisoned Stab","floor":8.0},{"not_picked":["Acrobatics","Prepared"],"picked":"All Out Attack","floor":10.0},{"not_picked":["Calculated Gamble","Dash"],"picked":"PiercingWail","floor":11.0},{"not_picked":["Blade Dance","Caltrops"],"picked":"Deflect","floor":12.0},{"not_picked":["Concentrate","Venomology"],"picked":"Escape Plan","floor":13.0},{"not_picked":["Terror","Sucker Punch"],"picked":"Dodge and Roll","floor":14},{"not_picked":["Prepared","Blade Dance"],"picked":"Poisoned Stab","floor":15}],"player_experience":184573,"relics_obtained":[{"floor":7.0,"key":"Dream Catcher"},{"floor":9.0,"key":"MawBank"},{"floor":12.0,"key":"Art of War"}],"event_choices":[{"damage_healed":0.0,"max_hp_gain":0.0,"max_hp_loss":0.0,"gold_gain":0.0,"event_name":"The Woman in Blue","player_choice":"Bought 2 Potions","floor":2.0,"gold_loss":0.0,"damage_taken":0.0}],"is_beta":false,"boss_relics":[],"items_purged_floors":[3],"is_endless":false,"potions_floor_spawned":[5,8,10,12,14],"killed_by":"The Guardian","ascension_level":19}