{"gold_per_floor":[112,112,40,40,59,76,76,86,113,127,139,139,89,103,103,205,205,222,242,242,242,269,269,269,299,299,299,299,299,312,329,329,433,433,449,671,671,671,771,771,788,788,812,327,327,5,23,37,37,37],"floor_reached":51,"playtime":4203,"items_purged":[],"score":655,"play_id":"3a67a0a6-667d-4a45-8d25-96575e1ac701","local_time":"20191010105710","is_ascension_mode":false,"campfire_choices":[{"data":"Bouncing Flask","floor":7,"key":"SMITH"},{"data":"Noxious Fumes","floor":15,"key":"SMITH"},{"floor":23,"key":"REST"},{"floor":27,"key":"REST"},{"data":"A Thousand Cuts","floor":32,"key":"SMITH"},{"data":"Tools of the Trade","floor":40,"key":"SMITH"},{"data":"Secret Technique","floor":42,"key":"SMITH"},{"data":"Panache","floor":45,"key":"SMITH"},{"floor":49,"key":"REST"}],"neow_cost":"TEN_PERCENT_HP_LOSS","seed_source_timestamp":2111212529409689,"circlet_count":0,"master_deck":["Strike_G","Defend_G","Defend_G","Defend_G+1","Defend_G","Defend_G","Survivor","Neutralize","Poisoned Stab","Dagger Spray","Bouncing Flask+1","PiercingWail","Dodge and Roll","Unload","Poisoned Stab","Bullet Time","Noxious Fumes+1","Tools of the Trade+1","Footwork","Caltrops+1","A Thousand Cuts+1","Adrenaline","Quick Slash","Bouncing Flask","Riddle With Holes","Flying Knee","After Image","Phantasmal Killer","Secret Technique+1","Impatience","Flash of Steel","Blur+1","Finisher","Slice+1","Panache+1","Noxious Fumes","Transmutation","Noxious Fumes","Finesse","Backflip","Riddle With Holes","Backflip+1","Poisoned Stab+1"],"relics":["Ring of the Snake","Thread and Needle","Juzu Bracelet","Runic Pyramid","Red Mask","Mummified Hand","Darkstone Periapt","Nloth\u0027s Gift","HoveringKite","Prayer Wheel","Centennial Puzzle","Lantern"],"potions_floor_usage":[14,16,33,44],"damage_taken":[{"damage":0,"enemies":"Jaw Worm","floor":1,"turns":6},{"damage":0,"enemies":"2 Louse","floor":5,"turns":3},{"damage":0,"enemies":"Small Slimes","floor":6,"turns":4},{"damage":0,"enemies":"Blue Slaver","floor":8,"turns":3},{"damage":0,"enemies":"Lots of Slimes","floor":10,"turns":4},{"damage":0,"enemies":"2 Fungi Beasts","floor":11,"turns":3},{"damage":0,"enemies":"Large Slime","floor":14,"turns":5},{"damage":22,"enemies":"Slime Boss","floor":16,"turns":9},{"damage":8,"enemies":"2 Thieves","floor":18,"turns":4},{"damage":2,"enemies":"Chosen","floor":19,"turns":4},{"damage":21,"enemies":"Masked Bandits","floor":22,"turns":4},{"damage":26,"enemies":"Slavers","floor":25,"turns":5},{"damage":0,"enemies":"Sentry and Sphere","floor":30,"turns":4},{"damage":1,"enemies":"Snecko","floor":31,"turns":4},{"damage":14,"enemies":"Collector","floor":33,"turns":7},{"damage":13,"enemies":"3 Darklings","floor":35,"turns":5},{"damage":0,"enemies":"Mind Bloom Boss Battle","floor":39,"turns":5},{"damage":0,"enemies":"3 Shapes","floor":41,"turns":3},{"damage":29,"enemies":"3 Darklings","floor":47,"turns":3},{"damage":7,"enemies":"Sphere and 2 Shapes","floor":48,"turns":4},{"damage":41,"enemies":"Donu and Deca","floor":50,"turns":6}],"seed_played":"3883404739828829971","potions_obtained":[{"floor":1,"key":"FearPotion"},{"floor":5,"key":"DuplicationPotion"},{"floor":6,"key":"Energy Potion"},{"floor":30,"key":"AttackPotion"},{"floor":33,"key":"FearPotion"},{"floor":47,"key":"FairyPotion"}],"is_trial":false,"path_per_floor":["M","?","$","?","M","M","R","M","T","M","M","?","?","M","R","B",null,"M","M","?","?","?","R","?","E","T","R","?","?","M","M","R","B",null,"M","?","?","?","?","R","M","R","T","$","R","$","M","M","R","B",null],"character_chosen":"THE_SILENT","items_purchased":["Poisoned Stab","Dagger Spray","Panache","Fruit Juice","Lantern","Noxious Fumes","Transmutation","Noxious Fumes","Finesse"],"campfire_rested":3,"item_purchase_floors":[3,3,44,44,44,44,46,46,46],"current_hp_per_floor":[63,60,60,47,47,47,47,47,47,47,47,47,47,47,47,25,63,55,53,42,42,21,41,41,15,15,35,35,35,35,34,34,20,68,55,55,45,45,45,45,45,45,45,50,50,50,21,14,35,21],"gold":37,"neow_bonus":"ONE_RARE_RELIC","is_prod":false,"is_daily":false,"chose_seed":false,"campfire_upgraded":6,"win_rate":0.0,"timestamp":1570701430,"path_taken":["M","?","$","?","M","M","R","M","T","M","M","?","?","M","R","BOSS","M","M","?","?","?","R","?","E","T","R","?","?","M","M","R","BOSS","M","?","?","?","?","R","M","R","T","$","R","?","M","M","R","BOSS"],"build_version":"2019-09-09v2","purchased_purges":0,"victory":true,"max_hp_per_floor":[63,63,63,63,63,63,63,63,63,63,63,63,63,63,63,63,63,63,63,68,68,68,68,68,68,68,68,68,68,68,68,68,68,68,68,68,68,68,68,68,68,68,68,73,73,73,73,73,73,73],"card_choices":[{"not_picked":["Dash","Slice"],"picked":"Dagger Throw","floor":1},{"not_picked":["Riddle With Holes","Expertise"],"picked":"Bouncing Flask","floor":5},{"not_picked":["Prepared","Underhanded Strike"],"picked":"PiercingWail","floor":6},{"not_picked":["Flechettes","Dagger Throw"],"picked":"Dodge and Roll","floor":8},{"not_picked":["Poisoned Stab","Backflip"],"picked":"Unload","floor":10},{"not_picked":["Blade Dance","Acrobatics"],"picked":"Poisoned Stab","floor":11},{"not_picked":["Flying Knee","Well Laid Plans"],"picked":"Noxious Fumes","floor":14},{"not_picked":["Wraith Form v2","Bullet Time"],"picked":"Tools of the Trade","floor":16},{"not_picked":["Terror","Riddle With Holes"],"picked":"Footwork","floor":18},{"not_picked":["PiercingWail","Calculated Gamble"],"picked":"Caltrops+1","floor":19},{"not_picked":["Infinite Blades","Outmaneuver"],"picked":"Quick Slash","floor":22},{"not_picked":["Riddle With Holes","Slice"],"picked":"Bouncing Flask","floor":25},{"not_picked":["Acrobatics","Reflex+1"],"picked":"Riddle With Holes","floor":30},{"not_picked":["Terror","Escape Plan"],"picked":"Flying Knee","floor":31},{"not_picked":["Adrenaline","Venomology"],"picked":"After Image","floor":33},{"not_picked":["Dash+1","Deadly Poison"],"picked":"Phantasmal Killer","floor":35},{"not_picked":["Discovery","Purity"],"picked":"Secret Technique","floor":37},{"not_picked":["PanicButton","Mayhem"],"picked":"Impatience","floor":37},{"not_picked":["Metamorphosis","HandOfGreed"],"picked":"Flash of Steel","floor":37},{"not_picked":["Dagger Throw+1","Slice+1"],"picked":"Blur+1","floor":39},{"not_picked":["Expertise+1","Prepared+1"],"picked":"Finisher","floor":41},{"not_picked":["Blade Dance","Underhanded Strike"],"picked":"Slice+1","floor":41},{"not_picked":["Leg Sweep","PiercingWail"],"picked":"Backflip","floor":47},{"not_picked":["Endless Agony","Deadly Poison"],"picked":"Riddle With Holes","floor":47},{"not_picked":["Prepared","Endless Agony+1"],"picked":"Backflip+1","floor":48},{"not_picked":["Dash","Unload"],"picked":"Poisoned Stab+1","floor":48}],"player_experience":12789,"relics_obtained":[{"floor":9,"key":"Boot"},{"floor":22,"key":"Red Mask"},{"floor":25,"key":"Mummified Hand"},{"floor":26,"key":"Darkstone Periapt"},{"floor":39,"key":"Prayer Wheel"},{"floor":43,"key":"Centennial Puzzle"}],"event_choices":[{"damage_healed":0,"gold_gain":0,"player_choice":"Success","damage_taken":3,"relics_obtained":["Juzu Bracelet"],"max_hp_gain":0,"max_hp_loss":0,"event_name":"Scrap Ooze","floor":2,"gold_loss":0},{"damage_healed":0,"gold_gain":0,"player_choice":"Entered Light","damage_taken":13,"max_hp_gain":0,"max_hp_loss":0,"event_name":"Shining Light","floor":4,"gold_loss":0,"cards_upgraded":["Strike_G","Defend_G"]},{"damage_healed":0,"gold_gain":0,"cards_transformed":["Strike_G"],"player_choice":"Change","damage_taken":0,"max_hp_gain":0,"max_hp_loss":0,"event_name":"Living Wall","floor":12,"gold_loss":0,"cards_obtained":["Bullet Time"]},{"cards_removed":["Strike_G"],"damage_healed":0,"gold_gain":0,"player_choice":"Card Removal","damage_taken":0,"max_hp_gain":0,"max_hp_loss":0,"event_name":"The Cleric","floor":13,"gold_loss":50},{"damage_healed":0,"gold_gain":0,"player_choice":"Shed Blood","damage_taken":16,"max_hp_gain":5,"max_hp_loss":0,"event_name":"Forgotten Altar","floor":20,"gold_loss":0},{"damage_healed":0,"gold_gain":0,"cards_transformed":["Strike_G","Strike_G"],"player_choice":"Became Test Subject","damage_taken":0,"max_hp_gain":0,"max_hp_loss":0,"event_name":"Drug Dealer","floor":21,"gold_loss":0,"cards_obtained":["A Thousand Cuts","Adrenaline"]},{"damage_healed":0,"gold_gain":0,"player_choice":"Fought Bandits","damage_taken":0,"max_hp_gain":0,"max_hp_loss":0,"event_name":"Masked Bandits","floor":22,"gold_loss":0},{"damage_healed":0,"gold_gain":0,"cards_transformed":["Dagger Throw"],"player_choice":"Transformed","damage_taken":0,"max_hp_gain":0,"max_hp_loss":0,"event_name":"Transmorgrifier","floor":24,"gold_loss":0,"cards_obtained":["Finisher"]},{"damage_healed":0,"gold_gain":0,"player_choice":"Traded Relic","damage_taken":0,"relics_obtained":["Nloth\u0027s Gift"],"max_hp_gain":0,"max_hp_loss":0,"event_name":"N\u0027loth","floor":28,"relics_lost":["Boot"],"gold_loss":0},{"damage_healed":0,"gold_gain":0,"player_choice":"Ignored","damage_taken":0,"max_hp_gain":0,"max_hp_loss":0,"event_name":"Ghosts","floor":29,"gold_loss":0},{"damage_healed":0,"gold_gain":222,"player_choice":"Wore Mask","damage_taken":0,"max_hp_gain":0,"max_hp_loss":0,"event_name":"Tomb of Lord Red Mask","floor":36,"gold_loss":0},{"damage_healed":0,"gold_gain":0,"player_choice":"Memory 3","damage_taken":10,"max_hp_gain":0,"max_hp_loss":0,"event_name":"SensoryStone","floor":37,"gold_loss":0},{"cards_removed":["Finisher"],"damage_healed":0,"gold_gain":0,"player_choice":"Removed Attack","damage_taken":0,"max_hp_gain":0,"max_hp_loss":0,"event_name":"Falling","floor":38,"gold_loss":0},{"damage_healed":0,"gold_gain":0,"player_choice":"Fight","damage_taken":0,"max_hp_gain":0,"max_hp_loss":0,"event_name":"MindBloom","floor":39,"gold_loss":0}],"is_beta":true,"boss_relics":[{"not_picked":["Fusion Hammer","Snecko Eye"],"picked":"Runic Pyramid"},{"not_picked":["Cursed Key","Black Star"],"picked":"HoveringKite"}],"items_purged_floors":[],"is_endless":false,"potions_floor_spawned":[1,5,6,10,30,33,47],"ascension_level":0}