{"gold_per_floor":[113,128,17,35,47,47,72,72,72,100,119,139,155,181,181,258,258,278,278,296,211,18,50,67,87,111,111,111,31,31,62,62,62],"floor_reached":33,"playtime":1041,"items_purged":["Strike_R","Strike_R"],"score":614,"play_id":"e385527b-1b6f-4b5c-956b-319838c1767d","local_time":"20191018111025","is_ascension_mode":true,"campfire_choices":[{"data":"Uppercut","floor":6.0,"key":"SMITH"},{"data":"Wild Strike","floor":8.0,"key":"SMITH"},{"data":"Spot Weakness","floor":15,"key":"SMITH"},{"floor":28,"key":"REST"},{"floor":32,"key":"REST"}],"neow_cost":"NONE","seed_source_timestamp":311253685107200,"circlet_count":0,"master_deck":["AscendersBane","Strike_R","Strike_R","Strike_R","Defend_R","Defend_R","Defend_R","Defend_R","Bash","Ghostly Armor","Wild Strike+1","Evolve","Shrug It Off","Anger","Uppercut+1","Shrug It Off","Inflame","Spot Weakness+1","Shrug It Off","Fiend Fire","Rage+1","True Grit","Disarm","Disarm","RitualDagger","Decay"],"special_seed":0,"relics":["Burning Blood","NeowsBlessing","The Courier","Torii","Question Card","Runic Pyramid","HornCleat","PreservedInsect","Pocketwatch","Akabeko","Ornamental Fan"],"potions_floor_usage":[16,20,33],"damage_taken":[{"damage":0.0,"enemies":"Cultist","floor":1.0,"turns":1.0},{"damage":0.0,"enemies":"Small Slimes","floor":2.0,"turns":1.0},{"damage":0.0,"enemies":"Jaw Worm","floor":4.0,"turns":1.0},{"damage":2.0,"enemies":"Large Slime","floor":5.0,"turns":6.0},{"damage":12.0,"enemies":"Lagavulin","floor":7.0,"turns":5.0},{"damage":4.0,"enemies":"3 Sentries","floor":10.0,"turns":9.0},{"damage":2.0,"enemies":"3 Louse","floor":11.0,"turns":4.0},{"damage":8.0,"enemies":"Blue Slaver","floor":12.0,"turns":3.0},{"damage":7.0,"enemies":"Looter","floor":13.0,"turns":3.0},{"damage":25.0,"enemies":"Lagavulin","floor":14.0,"turns":6.0},{"damage":11,"enemies":"The Guardian","floor":16,"turns":13},{"damage":3,"enemies":"Shell Parasite","floor":18,"turns":5},{"damage":22,"enemies":"2 Thieves","floor":20,"turns":5},{"damage":13,"enemies":"Gremlin Leader","floor":23,"turns":4},{"damage":1,"enemies":"Snecko","floor":24,"turns":5},{"damage":30,"enemies":"3 Cultists","floor":25,"turns":6},{"damage":17,"enemies":"Slavers","floor":31,"turns":5},{"damage":112,"enemies":"Automaton","floor":33,"turns":10}],"seed_played":"5100196152992363749","potions_obtained":[{"floor":4.0,"key":"FearPotion"},{"floor":7.0,"key":"SkillPotion"},{"floor":11.0,"key":"FearPotion"},{"floor":13.0,"key":"Weak Potion"},{"floor":18,"key":"Block Potion"},{"floor":24,"key":"Explosive Potion"},{"floor":31,"key":"FairyPotion"}],"is_trial":false,"path_per_floor":["M","M","$","M","M","R","E","R","T","E","M","M","M","E","R","B",null,"M","?","M","?","$","E","M","M","T","?","R","$","?","E","R","B"],"character_chosen":"IRONCLAD","items_purchased":["Evolve","Shrug It Off","PreservedInsect"],"campfire_rested":2,"item_purchase_floors":[3,3,22],"current_hp_per_floor":[74,75,75,75,75,75,69,69,69,71,75,73,72,53,53,48,68,71,71,55,55,55,48,53,29,29,23,45,45,45,34,56,0],"gold":62,"neow_bonus":"THREE_ENEMY_KILL","is_prod":false,"is_daily":false,"chose_seed":false,"campfire_upgraded":3,"win_rate":0,"timestamp":1571422225,"path_taken":["M","?","$","M","M","R","E","R","T","E","M","M","M","E","R","BOSS","M","?","M","?","$","E","M","M","T","?","R","?","?","E","R","BOSS"],"build_version":"2019-10-17","purchased_purges":2,"victory":false,"max_hp_per_floor":[75,75,75,75,75,75,75,75,75,75,75,75,75,75,75,75,75,75,75,75,75,75,75,75,75,75,75,75,75,75,75,75,75],"card_choices":[{"not_picked":["Pommel Strike","Iron Wave"],"picked":"Ghostly Armor","floor":1.0},{"not_picked":["Perfected Strike","Pommel Strike"],"picked":"Wild Strike","floor":2.0},{"not_picked":["Headbutt","Sword Boomerang"],"picked":"Anger","floor":4.0},{"not_picked":["Whirlwind","Headbutt"],"picked":"Uppercut","floor":5.0},{"not_picked":["Corruption","Sword Boomerang"],"picked":"Shrug It Off","floor":7.0},{"not_picked":["Combust","Headbutt"],"picked":"Inflame","floor":10.0},{"not_picked":["Whirlwind","Anger","Heavy Blade","Iron Wave"],"picked":"SKIP","floor":11.0},{"not_picked":["Pommel Strike","Twin Strike","Battle Trance"],"picked":"Spot Weakness","floor":12.0},{"not_picked":["Seeing Red","Juggernaut","Twin Strike","Anger"],"picked":"SKIP","floor":13.0},{"not_picked":["Rampage","Havoc","Carnage"],"picked":"Shrug It Off","floor":14},{"not_picked":["Demon Form","Berserk","Bludgeon"],"picked":"Fiend Fire","floor":16},{"not_picked":["Thunderclap","Flame Barrier","Cleave"],"picked":"Rage+1","floor":18},{"not_picked":["Sever Soul","Thunderclap","Clothesline","Cleave+1"],"picked":"SKIP","floor":20},{"not_picked":["Whirlwind","Cleave","Wild Strike","Havoc"],"picked":"SKIP","floor":23},{"not_picked":["Infernal Blade","Clothesline","Pommel Strike"],"picked":"Disarm","floor":24},{"not_picked":["Fire Breathing","Entrench","Headbutt"],"picked":"Disarm","floor":25},{"not_picked":["Entrench","Clash+1","Flex","Shockwave"],"picked":"SKIP","floor":31}],"player_experience":1627016,"relics_obtained":[{"floor":7.0,"key":"The Courier"},{"floor":9.0,"key":"Torii"},{"floor":10.0,"key":"Question Card"},{"floor":23,"key":"Pocketwatch"},{"floor":26,"key":"Akabeko"},{"floor":31,"key":"Ornamental Fan"}],"event_choices":[{"damage_healed":0,"gold_gain":0,"player_choice":"Read","damage_taken":0,"max_hp_gain":0,"max_hp_loss":0,"event_name":"The Library","floor":19,"gold_loss":0,"cards_obtained":["True Grit"]},{"damage_healed":0,"gold_gain":0,"player_choice":"Obtained Relic","damage_taken":0,"relics_obtained":["HornCleat"],"max_hp_gain":0,"max_hp_loss":0,"event_name":"Addict","floor":21,"gold_loss":85},{"damage_healed":0,"gold_gain":0,"player_choice":"Joined the Cult","damage_taken":6,"max_hp_gain":0,"max_hp_loss":0,"event_name":"Nest","floor":27,"gold_loss":0,"cards_obtained":["RitualDagger"]},{"damage_healed":0,"gold_gain":0,"player_choice":"Smashed Altar","damage_taken":0,"max_hp_gain":0,"max_hp_loss":0,"event_name":"Forgotten Altar","floor":30,"gold_loss":0,"cards_obtained":["Decay"]}],"is_beta":true,"boss_relics":[{"not_picked":["Black Star","SlaversCollar"],"picked":"Runic Pyramid"}],"items_purged_floors":[22,29],"is_endless":false,"potions_floor_spawned":[4,7,11,13,18,24,31],"killed_by":"Automaton","ascension_level":20}