{"gold_per_floor":[117,134,164,174,188,188,73,106,131,163,19,45,80,91,91,91],"floor_reached":16,"playtime":552,"items_purged":[],"score":126,"play_id":"cb2b1e51-e0a0-40ae-8b15-9440b76cd55e","local_time":"20191016110015","is_ascension_mode":true,"campfire_choices":[{"data":"Zap","floor":6,"key":"SMITH"},{"data":"Buffer","floor":15,"key":"SMITH"}],"neow_cost":"NONE","seed_source_timestamp":2633455315126151,"circlet_count":0,"master_deck":["Strike_B","Strike_B","Strike_B","Strike_B","Defend_B","Defend_B","Defend_B","Defend_B","Zap+1","Dualcast","Recycle","Darkness","Leap","Turbo","Loop","Redo","Skim","Defragment","Buffer+1","Steam","Rebound"],"relics":["Coffee Dripper","Tiny Chest","MealTicket","Anchor","Bag of Preparation","Mummified Hand"],"potions_floor_usage":[2,13,13],"damage_taken":[{"damage":6,"enemies":"Jaw Worm","floor":1,"turns":3},{"damage":4,"enemies":"Cultist","floor":2,"turns":3},{"damage":0,"enemies":"Small Slimes","floor":4,"turns":2},{"damage":1,"enemies":"2 Fungi Beasts","floor":5,"turns":3},{"damage":26,"enemies":"Gremlin Nob","floor":8,"turns":4},{"damage":17,"enemies":"Lagavulin","floor":10,"turns":6},{"damage":19,"enemies":"Gremlin Nob","floor":13,"turns":5},{"damage":0,"enemies":"Blue Slaver","floor":14,"turns":3},{"damage":23,"enemies":"The Guardian","floor":16,"turns":2}],"seed_played":"-6768475424703224453","potions_obtained":[{"floor":1,"key":"AttackPotion"},{"floor":2,"key":"Energy Potion"},{"floor":10,"key":"Weak Potion"},{"floor":13,"key":"GamblersBrew"}],"is_trial":false,"path_per_floor":["M","M","?","M","M","R","$","E","T","E","$","T","E","M","R","B"],"character_chosen":"DEFECT","items_purchased":["Loop","Redo","Buffer"],"campfire_rested":0,"item_purchase_floors":[7,7,11],"current_hp_per_floor":[69,65,65,65,64,64,64,38,38,21,36,36,17,17,17,0],"gold":91,"neow_bonus":"BOSS_RELIC","is_prod":false,"is_daily":false,"chose_seed":false,"campfire_upgraded":2,"win_rate":0,"timestamp":1571220015,"path_taken":["M","M","?","M","?","R","?","E","T","E","$","?","E","M","R","BOSS"],"build_version":"2019-09-09v2","purchased_purges":0,"victory":false,"max_hp_per_floor":[75,75,75,75,75,75,75,75,75,75,75,75,75,75,75,75],"card_choices":[{"not_picked":["Force Field","Streamline"],"picked":"Recycle","floor":1},{"not_picked":["Static Discharge","Steam Power"],"picked":"Darkness","floor":2},{"not_picked":["Cold Snap","Turbo"],"picked":"Leap","floor":4},{"not_picked":["Leap","Compile Driver"],"picked":"Turbo","floor":5},{"not_picked":["Streamline","Core Surge"],"picked":"Skim","floor":8},{"not_picked":["Streamline","Beam Cell"],"picked":"Defragment","floor":10},{"not_picked":["Tempest","Sunder"],"picked":"Steam","floor":13},{"not_picked":["Cold Snap","Compile Driver"],"picked":"Rebound","floor":14}],"player_experience":235082,"relics_obtained":[{"floor":3,"key":"Tiny Chest"},{"floor":8,"key":"MealTicket"},{"floor":10,"key":"Anchor"},{"floor":12,"key":"Bag of Preparation"},{"floor":13,"key":"Mummified Hand"}],"event_choices":[{"damage_healed":0,"gold_gain":0,"player_choice":"Relic","damage_taken":0,"max_hp_gain":0,"max_hp_loss":0,"event_name":"Wheel of Change","floor":3,"gold_loss":0}],"is_beta":true,"boss_relics":[],"items_purged_floors":[],"is_endless":false,"potions_floor_spawned":[1,2,10,13],"killed_by":"The Guardian","ascension_level":1}