{"gold_per_floor":[117,117,135,146,146,172,172,172,172,172,172,15,35,63,63,164,164,175,175,188,188,113,113,143,155,246,258,298,330,361,404,416,524,536,565,181,197,297,311,343,355,382,382,414,433,462,462,474,474,474],"floor_reached":51,"playtime":3822,"items_purged":[],"score":1272,"play_id":"f0317191-62d9-475a-b285-79965610ee21","local_time":"20191015233458","is_ascension_mode":true,"campfire_choices":[{"data":"Zap","floor":7,"key":"SMITH"},{"data":"Dualcast","floor":10,"key":"SMITH"},{"data":"Reinforced Body","floor":15,"key":"SMITH"},{"data":"Doom and Gloom","floor":23,"key":"SMITH"},{"data":"Glacier","floor":25,"key":"SMITH"},{"floor":32,"key":"REST"},{"data":"1","floor":47,"key":"LIFT"},{"floor":49,"key":"REST"}],"neow_cost":"NONE","seed_source_timestamp":425487191970300,"circlet_count":0,"master_deck":["Defend_B+1","Defend_B+1","Defend_B+1","Defend_B+1","Zap+1","Dualcast+1","Amplify+1","Static Discharge+1","Rainbow+1","Leap","Rebound","Hologram","Self Repair+1","Reinforced Body+1","Seek","Doom and Gloom+1","Necronomicurse","Auto Shields","Glacier+1","Meteor Strike","Doom and Gloom+1","Hyperbeam","Conserve Battery+1","Darkness+1","Creative AI","Tempest+1","Creative AI+1","Compile Driver+1","Force Field+1"],"relics":["Astrolabe","NlothsMask","Pen Nib","Strawberry","Art of War","Black Star","Necronomicon","Thread and Needle","MawBank","Singing Bowl","Oddly Smooth Stone","Potion Belt","Torii","PreservedInsect","Fusion Hammer","DataDisk","Cables","Pocketwatch","Darkstone Periapt","Orichalcum","Girya","Lantern","Frozen Egg 2","Toxic Egg 2","Mercury Hourglass","Kunai","Ginger"],"potions_floor_usage":[14,28,28,28,29,31,33,33,33,50,50,50,50],"damage_taken":[{"damage":4,"enemies":"Jaw Worm","floor":1,"turns":4},{"damage":0,"enemies":"Cultist","floor":3,"turns":4},{"damage":0,"enemies":"2 Louse","floor":4,"turns":3},{"damage":13,"enemies":"3 Sentries","floor":6,"turns":6},{"damage":5,"enemies":"Looter","floor":13,"turns":3},{"damage":7,"enemies":"Gremlin Nob","floor":14,"turns":4},{"damage":22,"enemies":"Hexaghost","floor":16,"turns":12},{"damage":16,"enemies":"Shell Parasite","floor":18,"turns":8},{"damage":3,"enemies":"Chosen","floor":20,"turns":3},{"damage":21,"enemies":"Slavers","floor":24,"turns":3},{"damage":19,"enemies":"Gremlin Leader","floor":28,"turns":7},{"damage":5,"enemies":"Snake Plant","floor":29,"turns":4},{"damage":0,"enemies":"Shelled Parasite and Fungi","floor":30,"turns":3},{"damage":3,"enemies":"Book of Stabbing","floor":31,"turns":4},{"damage":52,"enemies":"Automaton","floor":33,"turns":9},{"damage":0,"enemies":"3 Darklings","floor":35,"turns":2},{"damage":0,"enemies":"3 Shapes","floor":37,"turns":3},{"damage":0,"enemies":"Mind Bloom Boss Battle","floor":38,"turns":6},{"damage":0,"enemies":"3 Darklings","floor":39,"turns":5},{"damage":1,"enemies":"Nemesis","floor":40,"turns":3},{"damage":0,"enemies":"Transient","floor":41,"turns":5},{"damage":0,"enemies":"Reptomancer","floor":42,"turns":3},{"damage":32,"enemies":"Nemesis","floor":44,"turns":5},{"damage":0,"enemies":"Maw","floor":45,"turns":5},{"damage":1,"enemies":"Giant Head","floor":46,"turns":5},{"damage":8,"enemies":"Sphere and 2 Shapes","floor":48,"turns":2},{"damage":13,"enemies":"Time Eater","floor":50,"turns":9}],"seed_played":"8943808367153263210","potions_obtained":[{"floor":3,"key":"SpeedPotion"},{"floor":6,"key":"PowerPotion"},{"floor":20,"key":"EntropicBrew"},{"floor":28,"key":"SneckoOil"},{"floor":29,"key":"Block Potion"},{"floor":31,"key":"PowerPotion"},{"floor":37,"key":"SteroidPotion"},{"floor":40,"key":"Weak Potion"},{"floor":41,"key":"FearPotion"},{"floor":42,"key":"Strength Potion"},{"floor":45,"key":"Regen Potion"},{"floor":48,"key":"Explosive Potion"}],"is_trial":false,"path_per_floor":["M","?","M","M","?","E","R","?","T","R","?","$","M","E","R","B",null,"M","?","M","?","?","R","E","R","T","?","E","M","M","E","R","B",null,"M","$","M","?","M","E","M","E","T","E","M","E","R","M","R","B",null],"character_chosen":"DEFECT","items_purchased":["Strawberry","DataDisk","Cables"],"campfire_rested":2,"item_purchase_floors":[12,36,36],"current_hp_per_floor":[64,64,64,64,69,56,56,56,56,56,40,47,42,42,42,34,74,72,56,53,53,53,53,39,39,39,39,20,25,37,46,73,31,76,78,78,93,93,95,95,97,97,97,75,85,86,86,78,99,95],"gold":474,"neow_bonus":"BOSS_RELIC","is_prod":false,"is_daily":false,"chose_seed":false,"campfire_upgraded":5,"win_rate":0,"timestamp":1571175298,"path_taken":["M","?","M","?","?","E","R","?","T","R","?","$","M","E","R","BOSS","M","?","M","?","?","R","E","R","T","?","E","?","M","E","R","BOSS","M","$","M","?","M","E","M","E","T","E","M","E","R","M","R","BOSS"],"build_version":"2019-07-17","purchased_purges":0,"victory":true,"max_hp_per_floor":[75,75,75,75,80,80,80,80,80,80,80,87,87,87,87,87,87,87,87,87,87,87,87,87,87,87,87,87,87,89,91,91,91,91,93,93,93,93,95,95,97,97,97,97,97,99,99,99,99,99],"card_choices":[{"not_picked":["Steam","Gash"],"picked":"Leap","floor":1},{"not_picked":["Stack","Barrage"],"picked":"Rebound","floor":3},{"not_picked":["Steam","Gash"],"picked":"Hologram","floor":4},{"not_picked":["Steam","Fusion"],"picked":"Cold Snap","floor":6},{"not_picked":["Recycle","Go for the Eyes"],"picked":"Self Repair","floor":13},{"not_picked":["Turbo","Cold Snap"],"picked":"Reinforced Body","floor":14},{"not_picked":["Reboot","Meteor Strike"],"picked":"Seek","floor":16},{"not_picked":["Heatsinks","Go for the Eyes"],"picked":"Doom and Gloom","floor":18},{"not_picked":["Self Repair","Hello World"],"picked":"Auto Shields","floor":20},{"not_picked":["Consume","Scrape"],"picked":"Glacier","floor":24},{"not_picked":["Steam Power","Rebound"],"picked":"Meteor Strike","floor":28},{"not_picked":["Streamline","Coolheaded"],"picked":"Doom and Gloom+1","floor":29},{"not_picked":["Gash","Conserve Battery+1","Hologram"],"picked":"Singing Bowl","floor":30},{"not_picked":["Fusion+1","Coolheaded","Sweeping Beam+1"],"picked":"Singing Bowl","floor":31},{"not_picked":["Fission","Seek"],"picked":"Hyperbeam","floor":33},{"not_picked":["Static Discharge","Redo","Leap+1"],"picked":"Singing Bowl","floor":35},{"not_picked":["Stack+1","Turbo"],"picked":"Conserve Battery+1","floor":37},{"not_picked":["Beam Cell+1","Coolheaded"],"picked":"Darkness+1","floor":38},{"not_picked":["Gash+1","White Noise","Hologram"],"picked":"Singing Bowl","floor":39},{"not_picked":["BootSequence","Conserve Battery"],"picked":"Creative AI","floor":40},{"not_picked":["Barrage","Go for the Eyes+1","Conserve Battery"],"picked":"Singing Bowl","floor":41},{"not_picked":["Reinforced Body","Conserve Battery"],"picked":"Tempest+1","floor":42},{"not_picked":["Steam Power+1","BootSequence"],"picked":"Creative AI+1","floor":44},{"not_picked":["Sweeping Beam+1","Conserve Battery+1"],"picked":"Compile Driver+1","floor":45},{"not_picked":["BootSequence+1","Genetic Algorithm+1","Gash"],"picked":"Singing Bowl","floor":46},{"not_picked":["Hello World+1","BootSequence+1"],"picked":"Force Field+1","floor":48}],"player_experience":363882,"relics_obtained":[{"floor":6,"key":"Pen Nib"},{"floor":14,"key":"Art of War"},{"floor":19,"key":"Necronomicon"},{"floor":24,"key":"Thread and Needle"},{"floor":24,"key":"MawBank"},{"floor":26,"key":"Singing Bowl"},{"floor":28,"key":"Oddly Smooth Stone"},{"floor":28,"key":"Potion Belt"},{"floor":31,"key":"Torii"},{"floor":31,"key":"PreservedInsect"},{"floor":38,"key":"Pocketwatch"},{"floor":40,"key":"Darkstone Periapt"},{"floor":40,"key":"Orichalcum"},{"floor":42,"key":"Girya"},{"floor":42,"key":"Lantern"},{"floor":43,"key":"Frozen Egg 2"},{"floor":44,"key":"Toxic Egg 2"},{"floor":44,"key":"Mercury Hourglass"},{"floor":46,"key":"Kunai"},{"floor":46,"key":"Ginger"}],"event_choices":[{"damage_healed":0,"gold_gain":0,"player_choice":"Trade","damage_taken":0,"relics_obtained":["NlothsMask"],"max_hp_gain":0,"max_hp_loss":0,"event_name":"FaceTrader","floor":2,"gold_loss":0},{"damage_healed":0,"gold_gain":0,"player_choice":"Donut","damage_taken":0,"max_hp_gain":5,"max_hp_loss":0,"event_name":"Big Fish","floor":5,"gold_loss":0},{"cards_removed":["Strike_B"],"damage_healed":0,"gold_gain":0,"player_choice":"Forget","damage_taken":0,"max_hp_gain":0,"max_hp_loss":0,"event_name":"Living Wall","floor":8,"gold_loss":0},{"damage_healed":0,"gold_gain":0,"player_choice":"Entered Light","damage_taken":16,"max_hp_gain":0,"max_hp_loss":0,"event_name":"Shining Light","floor":11,"gold_loss":0,"cards_upgraded":["Defend_B","Defend_B"]},{"damage_healed":0,"gold_gain":0,"player_choice":"Obtained Book","damage_taken":16,"max_hp_gain":0,"max_hp_loss":0,"event_name":"Cursed Tome","floor":19,"gold_loss":0},{"damage_healed":0,"gold_gain":0,"player_choice":"Simplicity","damage_taken":0,"max_hp_gain":0,"max_hp_loss":0,"event_name":"Back to Basics","floor":21,"gold_loss":0,"cards_upgraded":["Defend_B","Defend_B"]},{"cards_removed":["Cold Snap"],"damage_healed":0,"gold_gain":0,"player_choice":"Gave Gold","damage_taken":0,"max_hp_gain":0,"max_hp_loss":0,"event_name":"Beggar","floor":22,"gold_loss":75},{"damage_healed":0,"gold_gain":0,"player_choice":"Forge","damage_taken":0,"max_hp_gain":0,"max_hp_loss":0,"event_name":"Accursed Blacksmith","floor":27,"gold_loss":0,"cards_upgraded":["Self Repair"]},{"damage_healed":0,"gold_gain":0,"player_choice":"Fight","damage_taken":0,"max_hp_gain":0,"max_hp_loss":0,"event_name":"MindBloom","floor":38,"gold_loss":0}],"is_beta":false,"boss_relics":[{"not_picked":["Coffee Dripper","Runic Pyramid"],"picked":"Black Star"},{"not_picked":["Pandora\u0027s Box","Calling Bell"],"picked":"Fusion Hammer"}],"items_purged_floors":[],"is_endless":false,"potions_floor_spawned":[3,6,20,28,29,31,37,40,41,42,45,48],"ascension_level":9}