{"gold_per_floor":[113,130,3,20,38,73,73,100,100,112,112,122,122,139,139,243,243,262,272,322,45,62,89,106,106,133,8,35,55,67,67,67,67],"floor_reached":33,"playtime":3510,"items_purged":["Strike_G"],"score":326,"play_id":"5a7d5f69-5e52-495d-a225-188e64080406","local_time":"20190912003154","is_ascension_mode":false,"campfire_choices":[{"data":"Die Die Die","floor":11,"key":"SMITH"},{"data":"Neutralize","floor":13,"key":"SMITH"},{"data":"Slice","floor":15,"key":"SMITH"},{"floor":25,"key":"REST"},{"floor":32,"key":"REST"}],"neow_cost":"NONE","seed_source_timestamp":77930917203200,"circlet_count":0,"master_deck":["Strike_G","Strike_G","Strike_G","Defend_G","Defend_G","Defend_G","Defend_G","Survivor","Neutralize+1","Flying Knee","PiercingWail","Die Die Die+1","Outmaneuver+1","Slice+1","Backstab","Prepared","Underhanded Strike","Acrobatics+1","Escape Plan+1","Expertise+1","Venomology+1","Flying Knee+1","Calculated Gamble+1","Escape Plan+1","Backflip+1","Flying Knee+1","Bullet Time+1","Dagger Spray","Quick Slash","Quick Slash"],"relics":["Ring of the Snake","Strawberry","Bottled Lightning","Ornamental Fan","Toxic Egg 2","Empty Cage","Sling","Mercury Hourglass","Bag of Preparation","Juzu Bracelet"],"potions_floor_usage":[8,16,16,19,19,22,23,23,23,30,30,33,33,33],"damage_taken":[{"damage":0,"enemies":"2 Louse","floor":1,"turns":2},{"damage":0,"enemies":"Cultist","floor":2,"turns":4},{"damage":0,"enemies":"Jaw Worm","floor":4,"turns":4},{"damage":5,"enemies":"Red Slaver","floor":5,"turns":4},{"damage":12,"enemies":"3 Sentries","floor":6,"turns":6},{"damage":22,"enemies":"Gremlin Nob","floor":8,"turns":4},{"damage":5,"enemies":"Large Slime","floor":10,"turns":5},{"damage":0,"enemies":"Blue Slaver","floor":12,"turns":4},{"damage":0,"enemies":"3 Louse","floor":14,"turns":1},{"damage":31,"enemies":"Hexaghost","floor":16,"turns":15},{"damage":8,"enemies":"Shell Parasite","floor":18,"turns":5},{"damage":15,"enemies":"2 Thieves","floor":19,"turns":5},{"damage":23,"enemies":"Sentry and Sphere","floor":22,"turns":5},{"damage":9,"enemies":"Book of Stabbing","floor":23,"turns":6},{"damage":1,"enemies":"Centurion and Healer","floor":24,"turns":5},{"damage":0,"enemies":"Gremlin Leader","floor":28,"turns":5},{"damage":7,"enemies":"Snake Plant","floor":29,"turns":3},{"damage":9,"enemies":"Chosen and Byrds","floor":30,"turns":5},{"damage":54,"enemies":"Champ","floor":33,"turns":11}],"seed_played":"-6062300243324503614","potions_obtained":[{"floor":4,"key":"Fire Potion"},{"floor":5,"key":"FearPotion"},{"floor":6,"key":"SpeedPotion"},{"floor":16,"key":"Explosive Potion"},{"floor":19,"key":"Energy Potion"},{"floor":24,"key":"Weak Potion"}],"is_trial":false,"path_per_floor":["M","M","$","M","M","E","?","E","T","M","R","M","R","M","R","B",null,"M","M","?","$","M","E","M","R","T","$","E","M","M","?","R","B"],"character_chosen":"THE_SILENT","items_purchased":["Die Die Die","Outmaneuver","Sling","Escape Plan+1","Dagger Spray"],"campfire_rested":2,"item_purchase_floors":[3,3,21,21,27],"current_hp_per_floor":[77,77,77,77,72,60,60,38,38,33,33,33,33,33,33,2,77,69,54,54,54,31,22,21,44,44,44,44,37,28,28,51,0],"gold":67,"neow_bonus":"RANDOM_COMMON_RELIC","is_prod":false,"is_daily":false,"chose_seed":false,"campfire_upgraded":3,"win_rate":0,"timestamp":1568241114,"path_taken":["M","M","$","M","M","E","?","E","T","M","R","M","R","?","R","BOSS","M","M","?","$","M","E","M","R","T","$","E","M","M","?","R","BOSS"],"build_version":"2019-07-17","purchased_purges":1,"victory":false,"max_hp_per_floor":[77,77,77,77,77,77,77,77,77,77,77,77,77,77,77,77,77,77,77,77,77,77,77,77,77,77,77,77,77,77,77,77,77],"card_choices":[{"not_picked":["Deflect","Poisoned Stab"],"picked":"Flying Knee","floor":1},{"not_picked":["Caltrops","Blade Dance"],"picked":"PiercingWail","floor":2},{"not_picked":["Finisher","Calculated Gamble"],"picked":"Slice","floor":4},{"not_picked":["Flying Knee","Wraith Form v2"],"picked":"Backstab","floor":5},{"not_picked":["Blade Dance","Predator"],"picked":"Prepared","floor":6},{"not_picked":["Tactician","Slice"],"picked":"Underhanded Strike","floor":8},{"not_picked":["Endless Agony","Predator"],"picked":"Acrobatics+1","floor":10},{"not_picked":["Endless Agony","Sucker Punch"],"picked":"Escape Plan+1","floor":12},{"not_picked":["Blade Dance+1","Flying Knee"],"picked":"Expertise+1","floor":14},{"not_picked":["Doppelganger+1","Tools of the Trade"],"picked":"Venomology+1","floor":16},{"not_picked":["PiercingWail+1","Flechettes"],"picked":"Flying Knee+1","floor":18},{"not_picked":["Bane","Catalyst+1"],"picked":"Calculated Gamble+1","floor":19},{"not_picked":["Crippling Poison+1","Slice"],"picked":"Backflip+1","floor":22},{"not_picked":["Flechettes","Blur+1"],"picked":"Flying Knee+1","floor":23},{"not_picked":["Sucker Punch","Deflect+1"],"picked":"Bullet Time+1","floor":24},{"not_picked":["Dagger Throw","Calculated Gamble+1"],"picked":"Quick Slash","floor":28},{"not_picked":["Dagger Spray","Poisoned Stab"],"picked":"Quick Slash","floor":29},{"not_picked":["Flying Knee","Eviscerate","Calculated Gamble+1"],"picked":"SKIP","floor":30}],"player_experience":55141,"relics_obtained":[{"floor":6,"key":"Bottled Lightning"},{"floor":8,"key":"Ornamental Fan"},{"floor":9,"key":"Toxic Egg 2"},{"floor":23,"key":"Mercury Hourglass"},{"floor":26,"key":"Bag of Preparation"},{"floor":28,"key":"Juzu Bracelet"}],"event_choices":[{"damage_healed":0,"gold_gain":0,"player_choice":"Upgraded","damage_taken":0,"max_hp_gain":0,"max_hp_loss":0,"event_name":"Upgrade Shrine","floor":7,"gold_loss":0,"cards_upgraded":["Outmaneuver"]},{"damage_healed":0,"gold_gain":100,"player_choice":"Bet on Murderer","damage_taken":0,"max_hp_gain":0,"max_hp_loss":0,"event_name":"The Joust","floor":20,"gold_loss":50},{"damage_healed":0,"gold_gain":0,"player_choice":"Ignored","damage_taken":0,"max_hp_gain":0,"max_hp_loss":0,"event_name":"Vampires","floor":31,"gold_loss":0}],"is_beta":false,"boss_relics":[{"not_picked":["Busted Crown","Runic Dome"],"picked":"Empty Cage"}],"items_purged_floors":[27],"is_endless":false,"potions_floor_spawned":[4,5,6,16,19,24],"killed_by":"Champ","ascension_level":0}