{"gold_per_floor":[213,233,233,251,73,103,20,55,106,106,106,125,159,174,174,252,252,240,165,178,191,223,250,250,250,250,250,277,290,290,309,309,386,386,399,419,379,399,621,651,651,685,685,695,422,422,435,219,219,219,219,219,14,40,40],"floor_reached":56,"playtime":3767,"items_purged":["Strike_R","Decay","Armaments","Strike_R+1"],"score":2037,"play_id":"ca5a4473-34b6-4d95-99f4-2f7d6f4fa4d0","local_time":"20190922103102","is_ascension_mode":true,"campfire_choices":[{"floor":10.0,"key":"REST"},{"data":"1","floor":15.0,"key":"LIFT"},{"floor":25.0,"key":"REST"},{"data":"2","floor":27.0,"key":"LIFT"},{"data":"3","floor":30.0,"key":"LIFT"},{"data":"Apotheosis","floor":32.0,"key":"SMITH"},{"floor":41.0,"key":"RECALL"},{"floor":49.0,"key":"REST"},{"floor":52.0,"key":"REST"}],"neow_cost":"NONE","seed_source_timestamp":0,"circlet_count":0,"master_deck":["AscendersBane","Strike_R+1","Strike_R+1","Strike_R+1","Defend_R+1","Defend_R+1","Defend_R+1","Bash","Iron Wave","Apotheosis+1","Warcry+1","Metallicize","Bludgeon","Impervious+1","Flame Barrier+1","Limit Break+1","Metallicize+1","Flame Barrier+1","Whirlwind","Corruption","Flame Barrier+1","Flame Barrier+1","Shrug It Off+1","Limit Break+1","Metallicize","Shockwave+1","Exhume+1","Shrug It Off+1","Headbutt+1","Shrug It Off+1","Bandage Up+1"],"special_seed":0,"relics":["Burning Blood","Toxic Egg 2","Potion Belt","Dream Catcher","Girya","Cursed Key","Red Mask","Charon\u0027s Ashes","Centennial Puzzle","Fusion Hammer","Bag of Preparation","Smiling Mask","Pen Nib","War Paint"],"potions_floor_usage":[55,55],"damage_taken":[{"damage":4.0,"enemies":"Small Slimes","floor":1.0,"turns":4.0},{"damage":11.0,"enemies":"Jaw Worm","floor":2.0,"turns":4.0},{"damage":1.0,"enemies":"Cultist","floor":4.0,"turns":4.0},{"damage":19.0,"enemies":"3 Sentries","floor":6.0,"turns":8.0},{"damage":23.0,"enemies":"Lagavulin","floor":8.0,"turns":7.0},{"damage":10.0,"enemies":"Large Slime","floor":12.0,"turns":8.0},{"damage":9.0,"enemies":"Gremlin Nob","floor":13.0,"turns":4.0},{"damage":12.0,"enemies":"Exordium Thugs","floor":14.0,"turns":5.0},{"damage":27.0,"enemies":"The Guardian","floor":16.0,"turns":14.0},{"damage":20.0,"enemies":"2 Thieves","floor":18.0,"turns":4.0},{"damage":7.0,"enemies":"3 Byrds","floor":20.0,"turns":5.0},{"damage":8.0,"enemies":"Cultist and Chosen","floor":21.0,"turns":7.0},{"damage":36.0,"enemies":"Masked Bandits","floor":22.0,"turns":6.0},{"damage":26.0,"enemies":"Slavers","floor":23.0,"turns":8.0},{"damage":21.0,"enemies":"Book of Stabbing","floor":28.0,"turns":6.0},{"damage":0.0,"enemies":"Sentry and Sphere","floor":29.0,"turns":4.0},{"damage":2.0,"enemies":"3 Cultists","floor":31.0,"turns":5.0},{"damage":31.0,"enemies":"Champ","floor":33.0,"turns":13.0},{"damage":0.0,"enemies":"Orb Walker","floor":35.0,"turns":4.0},{"damage":11.0,"enemies":"3 Darklings","floor":36.0,"turns":3.0},{"damage":5.0,"enemies":"Writhing Mass","floor":38.0,"turns":5.0},{"damage":7.0,"enemies":"Nemesis","floor":40.0,"turns":5.0},{"damage":2.0,"enemies":"Reptomancer","floor":42.0,"turns":5.0},{"damage":0.0,"enemies":"Jaw Worm Horde","floor":44.0,"turns":4.0},{"damage":2.0,"enemies":"4 Shapes","floor":47.0,"turns":5.0},{"damage":21.0,"enemies":"Time Eater","floor":50.0,"turns":7.0},{"damage":12.0,"enemies":"Shield and Spear","floor":54.0,"turns":7.0},{"damage":46,"enemies":"The Heart","floor":55,"turns":8}],"seed_played":"6141655263197701901","potions_obtained":[{"floor":1.0,"key":"SteroidPotion"},{"floor":4.0,"key":"SneckoOil"},{"floor":12.0,"key":"BloodPotion"},{"floor":13.0,"key":"BloodPotion"},{"floor":16.0,"key":"Ancient Potion"},{"floor":18.0,"key":"Swift Potion"},{"floor":20.0,"key":"SpeedPotion"},{"floor":31.0,"key":"LiquidBronze"},{"floor":33.0,"key":"Fruit Juice"},{"floor":35.0,"key":"Fire Potion"},{"floor":37.0,"key":"SneckoOil"},{"floor":37.0,"key":"FearPotion"},{"floor":38.0,"key":"Energy Potion"},{"floor":44.0,"key":"PowerPotion"},{"floor":54.0,"key":"Ancient Potion"}],"is_trial":false,"path_per_floor":["M","M","?","M","$","E","$","E","T","R","?","M","E","M","R","B",null,"M","$","M","M","?","E","?","R","T","R","E","M","R","M","R","B",null,"M","M","?","M","?","E","R","E","T","M","$","?","M","$","R","B",null,"R","$","E","B",null],"character_chosen":"IRONCLAD","items_purchased":["Apotheosis","Regen Potion","Shrug It Off+1","BloodPotion","BloodPotion","Pen Nib","Weak Potion","Bandage Up+1"],"campfire_rested":4,"item_purchase_floors":[5,7,45,45,45,48,53,53],"current_hp_per_floor":[70,65,58,63,63,50,50,33,33,55,60,56,65,59,59,38,70,66,66,65,63,53,33,33,57,57,57,42,48,48,52,52,27,72,78,73,73,74,74,73,73,77,77,83,83,83,85,85,85,70,81,85,85,79,45],"gold":40,"neow_bonus":"HUNDRED_GOLD","is_prod":false,"is_daily":false,"chose_seed":false,"campfire_upgraded":1,"win_rate":0,"timestamp":1569173462,"path_taken":["M","M","?","M","$","E","$","E","T","R","?","?","E","M","R","BOSS","M","$","M","M","?","E","?","R","T","R","E","M","R","M","R","BOSS","M","M","?","?","?","E","R","E","T","M","$","?","?","$","R","BOSS","R","$","E","BOSS"],"build_version":"2019-07-17","purchased_purges":4,"victory":true,"max_hp_per_floor":[75,75,75,75,75,75,75,75,75,75,80,80,80,80,80,80,80,80,80,80,80,80,80,80,80,80,80,80,80,80,80,80,80,85,85,85,85,85,85,85,85,85,85,85,85,85,85,85,85,85,85,85,85,85,85],"card_choices":[{"not_picked":["Fire Breathing","Sword Boomerang"],"picked":"Iron Wave","floor":1.0},{"not_picked":["Blood for Blood","Feel No Pain"],"picked":"Armaments","floor":2.0},{"not_picked":["Cleave","Havoc","Sever Soul"],"picked":"SKIP","floor":4.0},{"not_picked":["Seeing Red","Clash"],"picked":"Warcry","floor":6.0},{"not_picked":["Evolve","Uppercut"],"picked":"Metallicize","floor":8.0},{"not_picked":["Sword Boomerang","Combust"],"picked":"Bludgeon","floor":12.0},{"not_picked":["Warcry+1","Hemokinesis"],"picked":"Impervious+1","floor":13.0},{"not_picked":["Warcry+1","Clothesline"],"picked":"Flame Barrier+1","floor":14.0},{"not_picked":["Double Tap+1","Impervious+1"],"picked":"Limit Break+1","floor":16.0},{"not_picked":["Flex+1","True Grit+1"],"picked":"Metallicize+1","floor":18.0},{"not_picked":["Sword Boomerang+1","Clothesline"],"picked":"Flame Barrier+1","floor":20.0},{"not_picked":["Clash","Anger","Pommel Strike"],"picked":"SKIP","floor":21.0},{"not_picked":["Brutality","Wild Strike"],"picked":"Whirlwind","floor":22.0},{"not_picked":["Whirlwind","Intimidate+1"],"picked":"Corruption","floor":23.0},{"not_picked":["Warcry+1","Whirlwind"],"picked":"Flame Barrier+1","floor":25.0},{"not_picked":["Brutality","Anger"],"picked":"Flame Barrier+1","floor":28.0},{"not_picked":["Flex+1","Metallicize"],"picked":"Shrug It Off+1","floor":29.0},{"not_picked":["Rampage","Reckless Charge","Twin Strike"],"picked":"SKIP","floor":31.0},{"not_picked":["Reaper","Barricade"],"picked":"Limit Break+1","floor":33.0},{"not_picked":["Shrug It Off+1","Twin Strike"],"picked":"Metallicize","floor":35.0},{"not_picked":["True Grit+1","Pommel Strike","Havoc+1"],"picked":"SKIP","floor":36.0},{"not_picked":["Spot Weakness+1","Intimidate+1","Flex+1"],"picked":"SKIP","floor":38.0},{"not_picked":["Uppercut","Heavy Blade+1"],"picked":"Shockwave+1","floor":40.0},{"not_picked":["Sword Boomerang","Shockwave+1"],"picked":"Exhume+1","floor":42.0},{"not_picked":["Iron Wave","Thunderclap+1","Fire Breathing+1"],"picked":"SKIP","floor":44.0},{"not_picked":["Cleave","Heavy Blade"],"picked":"Headbutt+1","floor":47.0},{"not_picked":["Wild Strike+1","Bloodletting+1"],"picked":"Shrug It Off+1","floor":52.0},{"not_picked":["Iron Wave","Clothesline","Anger+1"],"picked":"SKIP","floor":54.0}],"player_experience":338657,"relics_obtained":[{"floor":6.0,"key":"Toxic Egg 2"},{"floor":8.0,"key":"Potion Belt"},{"floor":9.0,"key":"Dream Catcher"},{"floor":13.0,"key":"Girya"},{"floor":22.0,"key":"Red Mask"},{"floor":23.0,"key":"Charon\u0027s Ashes"},{"floor":28.0,"key":"Centennial Puzzle"},{"floor":40.0,"key":"Bag of Preparation"},{"floor":42.0,"key":"Smiling Mask"},{"floor":54.0,"key":"War Paint"}],"event_choices":[{"cards_removed":["Defend_R"],"damage_healed":0.0,"max_hp_gain":0.0,"max_hp_loss":0.0,"gold_gain":0.0,"event_name":"Golden Wing","player_choice":"Card Removal","floor":3.0,"gold_loss":0.0,"damage_taken":7.0},{"damage_healed":0.0,"max_hp_gain":5.0,"max_hp_loss":0.0,"gold_gain":0.0,"event_name":"Big Fish","player_choice":"Donut","floor":11.0,"gold_loss":0.0,"damage_taken":0.0},{"damage_healed":0.0,"max_hp_gain":0.0,"max_hp_loss":0.0,"gold_gain":0.0,"event_name":"Masked Bandits","player_choice":"Fought Bandits","floor":22.0,"gold_loss":0.0,"damage_taken":0.0},{"damage_healed":0.0,"max_hp_gain":0.0,"max_hp_loss":0.0,"gold_gain":0.0,"event_name":"Back to Basics","player_choice":"Simplicity","floor":24.0,"gold_loss":0.0,"damage_taken":0.0,"cards_upgraded":["Strike_R","Strike_R","Strike_R","Strike_R","Defend_R","Defend_R","Defend_R"]},{"damage_healed":0.0,"max_hp_gain":0.0,"max_hp_loss":0.0,"gold_gain":0.0,"event_name":"The Woman in Blue","player_choice":"Bought 3 Potions","floor":37.0,"gold_loss":0.0,"damage_taken":0.0},{"damage_healed":0.0,"max_hp_gain":0.0,"max_hp_loss":0.0,"gold_gain":222.0,"event_name":"Tomb of Lord Red Mask","player_choice":"Wore Mask","floor":39.0,"gold_loss":0.0,"damage_taken":0.0},{"damage_healed":0.0,"max_hp_gain":0.0,"max_hp_loss":0.0,"gold_gain":0.0,"event_name":"SecretPortal","player_choice":"Ignored","floor":46.0,"gold_loss":0.0,"damage_taken":0.0}],"is_beta":false,"boss_relics":[{"not_picked":["Runic Pyramid","Pandora\u0027s Box"],"picked":"Cursed Key"},{"not_picked":["Orrery","Runic Dome"],"picked":"Fusion Hammer"}],"items_purged_floors":[19,45,48,53],"is_endless":false,"potions_floor_spawned":[1,4,12,13,16,18,20,31,33,35,38,44,54],"ascension_level":16}