{"gold_per_floor":[109,82,82,9,9,9,30,30,80,115,115,40,58,70,70,173,173,188,188,188,113,113,147,163,163,163,23,42,60,60,72,72,168,168,184,195,195,37,37,37,72,91,117,136,148,148],"floor_reached":46,"playtime":2763,"items_purged":["Strike_B","Strike_B"],"score":567,"play_id":"943b6b8a-f881-4972-87a4-34c9dc5d7d3b","local_time":"20191016105051","is_ascension_mode":true,"campfire_choices":[{"data":"Hologram","floor":6,"key":"SMITH"},{"data":"Zap","floor":8,"key":"SMITH"},{"data":"Dualcast","floor":11,"key":"SMITH"},{"data":"Hologram","floor":15,"key":"SMITH"},{"data":"Static Discharge","floor":25,"key":"SMITH"},{"data":"Storm","floor":30,"key":"SMITH"},{"data":"Skim","floor":32,"key":"SMITH"},{"data":"Seek","floor":40,"key":"SMITH"}],"neow_cost":"NONE","seed_source_timestamp":2630678863705774,"circlet_count":0,"master_deck":["Strike_B","Strike_B","Defend_B","Defend_B","Defend_B","Zap+1","Dualcast+1","Hologram+1","Conserve Battery","Gash","Redo","Hello World","Machine Learning","Static Discharge+1","Hologram+1","Amplify","Capacitor","Ghostly","Ghostly","Ghostly","Ghostly","Ghostly","Biased Cognition","Chaos+1","Storm+1","Skim+1","Gash","Creative AI","Seek+1","Recycle","Double Energy","Regret","Rebound+1","Reprogram+1"],"relics":["Cracked Core","Mercury Hourglass","Odd Mushroom","Art of War","MealTicket","Inserter","Nilry\u0027s Codex","Du-Vu Doll","Letter Opener","Cursed Key","SsserpentHead","Dodecahedron"],"potions_floor_usage":[10,16,45,46],"damage_taken":[{"damage":1,"enemies":"Jaw Worm","floor":1,"turns":3},{"damage":15,"enemies":"The Mushroom Lair","floor":7,"turns":4},{"damage":4,"enemies":"Gremlin Nob","floor":10,"turns":3},{"damage":0,"enemies":"2 Louse","floor":13,"turns":2},{"damage":0,"enemies":"Small Slimes","floor":14,"turns":2},{"damage":0,"enemies":"Slime Boss","floor":16,"turns":5},{"damage":14,"enemies":"Spheric Guardian","floor":18,"turns":4},{"damage":11,"enemies":"Book of Stabbing","floor":23,"turns":7},{"damage":2,"enemies":"Chosen","floor":24,"turns":4},{"damage":3,"enemies":"Centurion and Healer","floor":28,"turns":5},{"damage":0,"enemies":"3 Cultists","floor":29,"turns":4},{"damage":0,"enemies":"Snecko","floor":31,"turns":6},{"damage":1,"enemies":"Automaton","floor":33,"turns":7},{"damage":13,"enemies":"Orb Walker","floor":35,"turns":3},{"damage":1,"enemies":"3 Shapes","floor":36,"turns":3},{"damage":3,"enemies":"Giant Head","floor":41,"turns":7},{"damage":21,"enemies":"Sphere and 2 Shapes","floor":42,"turns":4},{"damage":9,"enemies":"4 Shapes","floor":44,"turns":3},{"damage":7,"enemies":"Spire Growth","floor":45,"turns":3},{"damage":9,"enemies":"Jaw Worm Horde","floor":46,"turns":2}],"seed_played":"5700347807975965673","potions_obtained":[{"floor":7,"key":"Block Potion"},{"floor":10,"key":"Weak Potion"},{"floor":14,"key":"PowerPotion"},{"floor":18,"key":"DuplicationPotion"},{"floor":23,"key":"Weak Potion"},{"floor":33,"key":"AttackPotion"},{"floor":35,"key":"EssenceOfSteel"},{"floor":36,"key":"GamblersBrew"}],"is_trial":false,"path_per_floor":["M","$","?","$","?","R","?","R","T","E","R","$","M","M","R","B",null,"M","?","?","?","?","E","M","R","T","$","M","M","R","M","R","B",null,"M","M","?","$","?","R","E","M","T","M","M","M"],"character_chosen":"DEFECT","items_purchased":["Conserve Battery","Gash","Redo","Storm","Seek"],"campfire_rested":0,"item_purchase_floors":[2,4,4,27,38],"current_hp_per_floor":[81,81,81,81,74,74,59,59,59,55,55,70,70,70,70,70,82,68,52,41,41,36,25,23,23,23,38,35,35,35,35,35,34,46,33,32,46,46,46,46,43,22,22,13,6,0],"gold":148,"neow_bonus":"TEN_PERCENT_HP_BONUS","is_prod":false,"is_daily":false,"chose_seed":false,"campfire_upgraded":8,"win_rate":0,"timestamp":1571219451,"path_taken":["M","$","?","$","?","R","?","R","T","E","R","?","M","M","R","BOSS","M","?","?","?","?","E","M","R","T","$","M","M","R","?","R","BOSS","M","?","?","?","?","R","E","M","T","M","M","M"],"build_version":"2019-09-09v2","purchased_purges":2,"victory":false,"max_hp_per_floor":[82,82,82,82,82,82,82,82,82,82,82,82,82,82,82,82,82,82,82,41,41,46,46,46,46,46,46,46,46,46,46,46,46,46,46,46,46,46,46,46,46,46,46,46,46,46],"card_choices":[{"not_picked":["Hello World","Leap"],"picked":"Hologram","floor":1},{"not_picked":["Sunder","Melter"],"picked":"Hello World","floor":7},{"not_picked":["Streamline","White Noise"],"picked":"Machine Learning","floor":10},{"not_picked":["Beam Cell","Conserve Battery"],"picked":"Static Discharge","floor":13},{"not_picked":["Loop","Compile Driver"],"picked":"Hologram","floor":14},{"not_picked":["Thunder Strike","Rainbow"],"picked":"Amplify","floor":16},{"not_picked":["Sweeping Beam","Turbo"],"picked":"Capacitor","floor":18},{"not_picked":["Ball Lightning","Compile Driver"],"picked":"Biased Cognition","floor":23},{"not_picked":["Compile Driver","Leap+1"],"picked":"Chaos+1","floor":24},{"not_picked":["Compile Driver","Sunder+1"],"picked":"Skim","floor":28},{"not_picked":["Turbo","Sweeping Beam","Stack"],"picked":"SKIP","floor":29},{"not_picked":["Coolheaded","Hello World+1"],"picked":"Gash","floor":31},{"not_picked":["Buffer","Rainbow"],"picked":"Creative AI","floor":33},{"not_picked":["Stack+1","Aggregate+1","Streamline+1"],"picked":"SKIP","floor":35},{"not_picked":["Chill","Compile Driver+1","Stack"],"picked":"SKIP","floor":36},{"not_picked":["Tempest+1","Genetic Algorithm"],"picked":"Recycle","floor":41},{"not_picked":["Darkness+1","Aggregate"],"picked":"Double Energy","floor":42},{"not_picked":["Doom and Gloom","Creative AI"],"picked":"Rebound+1","floor":44},{"not_picked":["Go for the Eyes","BootSequence+1"],"picked":"Reprogram+1","floor":45}],"player_experience":232319,"relics_obtained":[{"floor":7,"key":"Odd Mushroom"},{"floor":9,"key":"Art of War"},{"floor":10,"key":"MealTicket"},{"floor":19,"key":"Nilry\u0027s Codex"},{"floor":23,"key":"Du-Vu Doll"},{"floor":26,"key":"Letter Opener"},{"floor":41,"key":"Dodecahedron"}],"event_choices":[{"damage_healed":0,"gold_gain":0,"player_choice":"Box","damage_taken":0,"relics_obtained":["Mercury Hourglass"],"max_hp_gain":0,"max_hp_loss":0,"event_name":"Big Fish","floor":3,"gold_loss":0,"cards_obtained":["Regret"]},{"cards_removed":["Regret"],"damage_healed":0,"gold_gain":0,"player_choice":"Card Removal","damage_taken":7,"max_hp_gain":0,"max_hp_loss":0,"event_name":"Golden Wing","floor":5,"gold_loss":0},{"damage_healed":0,"gold_gain":0,"player_choice":"Fought Mushrooms","damage_taken":0,"max_hp_gain":0,"max_hp_loss":0,"event_name":"Mushrooms","floor":7,"gold_loss":0},{"damage_healed":0,"gold_gain":0,"player_choice":"Obtained Book","damage_taken":16,"max_hp_gain":0,"max_hp_loss":0,"event_name":"Cursed Tome","floor":19,"gold_loss":0},{"damage_healed":0,"gold_gain":0,"player_choice":"Became a Ghost","damage_taken":0,"max_hp_gain":0,"max_hp_loss":41,"event_name":"Ghosts","floor":20,"gold_loss":0,"cards_obtained":["Ghostly","Ghostly","Ghostly","Ghostly","Ghostly"]},{"cards_removed":["Defend_B"],"damage_healed":0,"gold_gain":0,"player_choice":"Gave Gold","damage_taken":0,"max_hp_gain":0,"max_hp_loss":0,"event_name":"Beggar","floor":21,"gold_loss":75},{"damage_healed":0,"gold_gain":0,"player_choice":"Shed Blood","damage_taken":10,"max_hp_gain":5,"max_hp_loss":0,"event_name":"Forgotten Altar","floor":22,"gold_loss":0},{"damage_healed":14,"gold_gain":0,"player_choice":"Full Heal","damage_taken":0,"max_hp_gain":0,"max_hp_loss":0,"event_name":"Wheel of Change","floor":37,"gold_loss":0},{"damage_healed":0,"gold_gain":0,"player_choice":"Trade","damage_taken":0,"relics_obtained":["SsserpentHead"],"max_hp_gain":0,"max_hp_loss":0,"event_name":"FaceTrader","floor":39,"gold_loss":0}],"is_beta":true,"boss_relics":[{"not_picked":["SacredBark","Velvet Choker"],"picked":"Inserter"},{"not_picked":["Fusion Hammer","Black Star"],"picked":"Cursed Key"}],"items_purged_floors":[12,27],"is_endless":false,"potions_floor_spawned":[7,10,14,18,23,33,35,36,44],"killed_by":"Jaw Worm Horde","ascension_level":1}