{"gold_per_floor":[115,126,145,145,160,172,172,200,200,200,212,212,241,260,260,337,337,354,354,354,368,36,68,68,68,142,142,142,152,152,164,164,238,238,249,304,146,162,0,0,26,42,42,56,56,73,73,99,99,99,99],"floor_reached":52,"playtime":2472,"items_purged":["Strike_R"],"score":2459,"play_id":"6ce39d75-283d-4cb5-91c9-3b92bcc83ad8","local_time":"20191015173250","is_ascension_mode":true,"campfire_choices":[{"data":"Spot Weakness","floor":7,"key":"SMITH"},{"data":"Heavy Blade","floor":12,"key":"SMITH"},{"floor":15,"key":"REST"},{"data":"Disarm","floor":25,"key":"SMITH"},{"floor":27,"key":"REST"},{"data":"Spot Weakness","floor":30,"key":"SMITH"},{"data":"Armaments","floor":32,"key":"SMITH"},{"data":"Disarm","floor":40,"key":"SMITH"},{"floor":45,"key":"REST"},{"floor":47,"key":"REST"},{"floor":49,"key":"REST"}],"neow_cost":"NONE","seed_source_timestamp":0,"circlet_count":0,"master_deck":["AscendersBane","Strike_R","Strike_R","Strike_R","Defend_R","Defend_R+1","Defend_R+1","Defend_R","Bash","Spot Weakness+1","Heavy Blade+1","Flame Barrier","Headbutt","Offering","Sword Boomerang","Feed","Spot Weakness+1","Disarm+1","Spot Weakness+1","Armaments+1","Immolate","Ghostly Armor","Feel No Pain+1","Corruption+1","Disarm+1","Ghostly Armor+1","Doubt","Warcry+1","Feel No Pain+1","Shrug It Off+1","Feel No Pain+1"],"special_seed":0,"relics":["Burning Blood","Omamori","Pocketwatch","Letter Opener","Bronze Scales","Bag of Marbles","Cursed Key","Enchiridion","Frozen Egg 2","Champion Belt","Dodecahedron","Calling Bell","War Paint","Mercury Hourglass","Gambling Chip","Prayer Wheel","Red Mask","Du-Vu Doll","Question Card","Toy Ornithopter"],"potions_floor_usage":[6,8,21,23,36,46,48],"damage_taken":[{"damage":8,"enemies":"Jaw Worm","floor":1,"turns":6},{"damage":5,"enemies":"2 Louse","floor":2,"turns":3},{"damage":7,"enemies":"Small Slimes","floor":3,"turns":4},{"damage":16,"enemies":"2 Fungi Beasts","floor":5,"turns":4},{"damage":7,"enemies":"Looter","floor":6,"turns":4},{"damage":8,"enemies":"Gremlin Nob","floor":8,"turns":3},{"damage":30,"enemies":"Exordium Thugs","floor":11,"turns":6},{"damage":19,"enemies":"3 Sentries","floor":13,"turns":6},{"damage":6,"enemies":"Exordium Wildlife","floor":14,"turns":1},{"damage":19,"enemies":"Slime Boss","floor":16,"turns":5},{"damage":6,"enemies":"3 Byrds","floor":18,"turns":3},{"damage":18,"enemies":"Shell Parasite","floor":21,"turns":3},{"damage":12,"enemies":"Slavers","floor":23,"turns":3},{"damage":15,"enemies":"3 Cultists","floor":29,"turns":5},{"damage":13,"enemies":"Cultist and Chosen","floor":31,"turns":4},{"damage":56,"enemies":"Automaton","floor":33,"turns":6},{"damage":13,"enemies":"3 Shapes","floor":35,"turns":10},{"damage":18,"enemies":"2 Orb Walkers","floor":36,"turns":4},{"damage":6,"enemies":"3 Darklings","floor":38,"turns":8},{"damage":22,"enemies":"Reptomancer","floor":41,"turns":5},{"damage":3,"enemies":"Sphere and 2 Shapes","floor":42,"turns":4},{"damage":28,"enemies":"Transient","floor":44,"turns":6},{"damage":26,"enemies":"Spire Growth","floor":46,"turns":5},{"damage":15,"enemies":"Giant Head","floor":48,"turns":8},{"damage":50,"enemies":"Awakened One","floor":50,"turns":12},{"damage":45,"enemies":"Time Eater","floor":51,"turns":10}],"seed_played":"-4081722223790095387","potions_obtained":[{"floor":1,"key":"SpeedPotion"},{"floor":2,"key":"LiquidMemories"},{"floor":3,"key":"DuplicationPotion"},{"floor":5,"key":"Regen Potion"},{"floor":16,"key":"SteroidPotion"},{"floor":18,"key":"Energy Potion"},{"floor":21,"key":"SkillPotion"},{"floor":31,"key":"LiquidBronze"},{"floor":33,"key":"AttackPotion"},{"floor":35,"key":"HeartOfIron"},{"floor":38,"key":"HeartOfIron"}],"is_trial":false,"path_per_floor":["M","M","M","?","M","M","R","E","T","?","M","R","E","M","R","B",null,"M","?","?","M","$","E","?","R","T","R","?","M","R","M","R","B",null,"M","?","$","M","?","R","E","M","T","M","R","M","R","E","R","B","B",null],"character_chosen":"IRONCLAD","items_purchased":["Frozen Egg 2","Disarm","Feel No Pain+1"],"campfire_rested":5,"item_purchase_floors":[22,22,37],"current_hp_per_floor":[66,67,66,59,49,60,60,58,58,47,23,23,10,10,32,19,61,64,64,43,31,31,28,28,28,28,52,81,75,75,71,71,24,74,71,59,59,62,62,62,49,55,55,33,63,43,73,64,94,50,11],"gold":99,"neow_bonus":"RANDOM_COMMON_RELIC","is_prod":false,"is_daily":false,"chose_seed":false,"campfire_upgraded":6,"win_rate":0,"timestamp":1571185970,"path_taken":["M","M","M","?","M","M","R","E","T","?","M","R","E","M","R","BOSS","M","?","?","M","$","E","?","R","T","R","?","M","R","M","R","BOSS","M","?","$","M","?","R","E","?","T","M","R","M","R","E","R","BOSS","BOSS"],"build_version":"2019-10-15","purchased_purges":1,"victory":true,"max_hp_per_floor":[75,75,75,75,75,75,75,75,75,75,75,75,75,75,75,75,75,78,78,78,78,78,81,81,81,81,81,81,84,84,87,87,90,90,94,94,94,97,97,97,100,103,103,103,103,103,103,103,103,103,103],"card_choices":[{"not_picked":["Blood for Blood","Clash","Sever Soul"],"picked":"SKIP","floor":1},{"not_picked":["Flex","Body Slam"],"picked":"Spot Weakness","floor":2},{"not_picked":["Feel No Pain","Carnage"],"picked":"Heavy Blade","floor":3},{"not_picked":["Rupture","Sever Soul","Rage"],"picked":"SKIP","floor":5},{"not_picked":["Entrench","Clothesline"],"picked":"Flame Barrier","floor":6},{"not_picked":["Whirlwind","True Grit"],"picked":"Headbutt","floor":8},{"not_picked":["Reckless Charge","Shrug It Off"],"picked":"Offering","floor":11},{"not_picked":["Iron Wave","Perfected Strike"],"picked":"Sword Boomerang","floor":13},{"not_picked":["Burning Pact","Dropkick","Sword Boomerang"],"picked":"SKIP","floor":14},{"not_picked":["Juggernaut","Brutality"],"picked":"Feed","floor":16},{"not_picked":["Entrench","Headbutt","Havoc"],"picked":"SKIP","floor":18},{"not_picked":["Infernal Blade","Blood for Blood"],"picked":"Spot Weakness+1","floor":21},{"not_picked":["Reckless Charge+1","Whirlwind","Iron Wave"],"picked":"SKIP","floor":23},{"not_picked":["Intimidate","Wild Strike","Flex"],"picked":"SKIP","floor":29},{"not_picked":["Perfected Strike","Twin Strike"],"picked":"Armaments","floor":31},{"not_picked":["Brutality+1","Juggernaut+1"],"picked":"Immolate","floor":33},{"not_picked":["Body Slam","Cleave","True Grit"],"picked":"SKIP","floor":35},{"not_picked":["Dual Wield","Warcry"],"picked":"Ghostly Armor","floor":36},{"not_picked":["Iron Wave","Body Slam"],"picked":"Corruption+1","floor":38},{"not_picked":["Flex","Iron Wave"],"picked":"Disarm","floor":38},{"not_picked":["Body Slam","Bludgeon","Headbutt+1"],"picked":"SKIP","floor":41},{"not_picked":["Hemokinesis","Sever Soul+1"],"picked":"Ghostly Armor+1","floor":42},{"not_picked":["Armaments","Headbutt+1","Clothesline"],"picked":"SKIP","floor":42},{"not_picked":["Flex","Searing Blow","Perfected Strike"],"picked":"Warcry+1","floor":44},{"not_picked":["Carnage","Clash+1","Iron Wave","Pommel Strike"],"picked":"SKIP","floor":44},{"not_picked":["Dark Embrace+1","Iron Wave","Thunderclap"],"picked":"Feel No Pain+1","floor":46},{"not_picked":["Burning Pact+1","Sentinel","Ghostly Armor"],"picked":"Shrug It Off+1","floor":46},{"not_picked":["Infernal Blade","Body Slam","Flex+1"],"picked":"Feel No Pain+1","floor":48}],"player_experience":1578925,"relics_obtained":[{"floor":8,"key":"Pocketwatch"},{"floor":9,"key":"Letter Opener"},{"floor":13,"key":"Bag of Marbles"},{"floor":20,"key":"Enchiridion"},{"floor":23,"key":"Champion Belt"},{"floor":26,"key":"Dodecahedron"},{"floor":34,"key":"War Paint"},{"floor":34,"key":"Mercury Hourglass"},{"floor":34,"key":"Gambling Chip"},{"floor":36,"key":"Prayer Wheel"},{"floor":41,"key":"Du-Vu Doll"},{"floor":43,"key":"Question Card"},{"floor":48,"key":"Toy Ornithopter"}],"event_choices":[{"cards_removed":["Strike_R"],"damage_healed":0,"gold_gain":0,"player_choice":"Card Removal","damage_taken":7,"max_hp_gain":0,"max_hp_loss":0,"event_name":"Golden Wing","floor":4,"gold_loss":0},{"damage_healed":0,"gold_gain":0,"player_choice":"Success","damage_taken":11,"relics_obtained":["Bronze Scales"],"max_hp_gain":0,"max_hp_loss":0,"event_name":"Scrap Ooze","floor":10,"gold_loss":0},{"damage_healed":0,"gold_gain":0,"player_choice":"Ignored","damage_taken":0,"max_hp_gain":0,"max_hp_loss":0,"event_name":"Ghosts","floor":19,"gold_loss":0},{"damage_healed":0,"gold_gain":0,"player_choice":"Obtained Book","damage_taken":21,"max_hp_gain":0,"max_hp_loss":0,"event_name":"Cursed Tome","floor":20,"gold_loss":0},{"damage_healed":0,"gold_gain":0,"player_choice":"Read","damage_taken":0,"max_hp_gain":0,"max_hp_loss":0,"event_name":"The Library","floor":24,"gold_loss":0,"cards_obtained":["Spot Weakness"]},{"damage_healed":29,"gold_gain":0,"player_choice":"Full Heal","damage_taken":0,"max_hp_gain":0,"max_hp_loss":0,"event_name":"Wheel of Change","floor":28,"gold_loss":0},{"damage_healed":0,"gold_gain":0,"player_choice":"Fight","damage_taken":0,"max_hp_gain":0,"max_hp_loss":0,"event_name":"Mysterious Sphere","floor":36,"gold_loss":0},{"damage_healed":0,"gold_gain":0,"player_choice":"Paid","damage_taken":0,"relics_obtained":["Red Mask"],"max_hp_gain":0,"max_hp_loss":0,"event_name":"Tomb of Lord Red Mask","floor":39,"gold_loss":162}],"is_beta":true,"boss_relics":[{"not_picked":["Velvet Choker","Runic Dome"],"picked":"Cursed Key"},{"not_picked":["Philosopher\u0027s Stone","Fusion Hammer"],"picked":"Calling Bell"}],"items_purged_floors":[37],"is_endless":false,"potions_floor_spawned":[1,2,3,5,16,18,21,31,33,35,38,44],"ascension_level":20}