{"gold_per_floor":[119,194,204,214,179,179,50,79,79,79,97,97,97,128,128,233,233,244,255,215,230,240,269,269,269,269,287,287,202,202,236,236,341,341,358,375,375,21,21,21,56,56,56,56,73,107,30,30,30,30],"floor_reached":51,"playtime":4116,"items_purged":["Writhe"],"score":1108,"play_id":"b83b63fe-5f1e-4b61-957f-7c870a18ba4f","local_time":"20190911090445","is_ascension_mode":true,"campfire_choices":[{"data":"Whirlwind","floor":6.0,"key":"SMITH"},{"data":"Clothesline","floor":10.0,"key":"SMITH"},{"data":"Shrug It Off","floor":12.0,"key":"SMITH"},{"data":"Bash","floor":15.0,"key":"SMITH"},{"data":"Limit Break","floor":25.0,"key":"SMITH"},{"data":"Shrug It Off","floor":28.0,"key":"SMITH"},{"floor":30.0,"key":"REST"},{"floor":32.0,"key":"REST"},{"data":"Metallicize","floor":40.0,"key":"SMITH"},{"data":"Defend_R","floor":42.0,"key":"SMITH"},{"floor":44,"key":"REST"},{"floor":49,"key":"REST"}],"neow_cost":"NONE","seed_source_timestamp":0,"circlet_count":0,"master_deck":["AscendersBane","Strike_R","Strike_R","Strike_R","Strike_R","Strike_R","Defend_R","Defend_R+1","Defend_R+1","Defend_R+1","Bash+1","Inflame","Clothesline+1","Whirlwind+1","Shrug It Off+1","Pommel Strike+1","Limit Break+1","Pommel Strike+1","Shrug It Off+1","True Grit+1","Pommel Strike+1","Burning Pact","Juggernaut","Metallicize+1","Master of Strategy","Pummel+1","Flame Barrier+1","Havoc+1","Corruption","Dark Shackles","Dark Embrace"],"special_seed":0,"relics":["Burning Blood","Red Skull","Ornamental Fan","Bag of Preparation","Cursed Key","War Paint","Dead Branch","Champion Belt","Eternal Feather","Lee\u0027s Waffle","Molten Egg 2","Boot"],"potions_floor_usage":[50],"damage_taken":[{"damage":15.0,"enemies":"Jaw Worm","floor":1.0,"turns":6.0},{"damage":7.0,"enemies":"Small Slimes","floor":3.0,"turns":4.0},{"damage":2.0,"enemies":"Cultist","floor":4.0,"turns":4.0},{"damage":30.0,"enemies":"Lagavulin","floor":8.0,"turns":7.0},{"damage":1.0,"enemies":"Exordium Wildlife","floor":11.0,"turns":2.0},{"damage":20.0,"enemies":"3 Sentries","floor":14.0,"turns":6.0},{"damage":38.0,"enemies":"The Guardian","floor":16.0,"turns":12.0},{"damage":3.0,"enemies":"Chosen","floor":18.0,"turns":6.0},{"damage":0.0,"enemies":"3 Byrds","floor":19.0,"turns":3.0},{"damage":31.0,"enemies":"Snake Plant","floor":21.0,"turns":5.0},{"damage":1.0,"enemies":"Chosen and Byrds","floor":22.0,"turns":5.0},{"damage":31.0,"enemies":"Gremlin Leader","floor":23.0,"turns":5.0},{"damage":0.0,"enemies":"Cultist and Chosen","floor":27.0,"turns":3.0},{"damage":39.0,"enemies":"Book of Stabbing","floor":31.0,"turns":8.0},{"damage":52.0,"enemies":"Champ","floor":33.0,"turns":10.0},{"damage":30.0,"enemies":"3 Darklings","floor":35.0,"turns":7.0},{"damage":15.0,"enemies":"3 Shapes","floor":36.0,"turns":8.0},{"damage":61.0,"enemies":"Giant Head","floor":41.0,"turns":8.0},{"damage":24,"enemies":"Sphere and 2 Shapes","floor":45,"turns":6},{"damage":21,"enemies":"Nemesis","floor":46,"turns":9},{"damage":77,"enemies":"Awakened One","floor":50,"turns":12}],"seed_played":"-1670631682867120385","potions_obtained":[{"floor":1.0,"key":"Dexterity Potion"},{"floor":11.0,"key":"EssenceOfSteel"},{"floor":19.0,"key":"Explosive Potion"},{"floor":20.0,"key":"PowerPotion"},{"floor":20.0,"key":"Swift Potion"},{"floor":21.0,"key":"Explosive Potion"},{"floor":27.0,"key":"Explosive Potion"},{"floor":45,"key":"SpeedPotion"}],"is_trial":false,"path_per_floor":["M","?","M","M","?","R","$","E","T","R","M","R","?","E","R","B",null,"M","M","?","M","M","E","?","R","T","M","R","?","R","E","R","B",null,"M","M","?","$","?","R","E","R","T","R","M","E","$","?","R","B",null],"character_chosen":"IRONCLAD","items_purchased":["BloodPotion","Shrug It Off","Lee\u0027s Waffle","Metallicize","Corruption"],"campfire_rested":4,"item_purchase_floors":[7,7,38,38,47],"current_hp_per_floor":[71,60,59,63,85,85,85,61,61,61,88,88,88,74,74,42,77,80,86,86,61,66,41,41,41,41,47,47,47,73,40,66,20,71,47,38,60,95,85,95,40,55,55,95,77,62,62,62,95,24],"gold":30,"neow_bonus":"TEN_PERCENT_HP_BONUS","is_prod":false,"is_daily":false,"chose_seed":false,"campfire_upgraded":8,"win_rate":0,"timestamp":1568217885,"path_taken":["M","?","M","M","?","R","?","E","T","R","M","R","?","E","R","BOSS","M","?","?","?","M","E","?","R","T","M","R","?","R","E","R","BOSS","M","M","?","$","?","R","E","R","T","R","M","E","?","?","R","BOSS"],"build_version":"2019-07-17","purchased_purges":1,"victory":true,"max_hp_per_floor":[88,88,88,88,88,88,88,88,88,88,88,88,88,88,88,88,88,88,88,88,88,88,88,88,88,88,88,88,88,88,88,88,88,88,88,88,88,95,95,95,95,95,95,95,95,95,95,95,95,95],"card_choices":[{"not_picked":["Bloodletting","Anger"],"picked":"Inflame","floor":1.0},{"not_picked":["Iron Wave","Spot Weakness"],"picked":"Clothesline","floor":3.0},{"not_picked":["True Grit","Anger"],"picked":"Whirlwind","floor":4.0},{"not_picked":["Clash","Fire Breathing"],"picked":"Pommel Strike","floor":8.0},{"not_picked":["Anger","Disarm","Feel No Pain"],"picked":"SKIP","floor":11.0},{"not_picked":["Pommel Strike","Clothesline","Perfected Strike"],"picked":"SKIP","floor":14.0},{"not_picked":["Exhume","Double Tap"],"picked":"Limit Break","floor":16.0},{"not_picked":["Rage","Cleave+1"],"picked":"Pommel Strike+1","floor":18.0},{"not_picked":["Body Slam","Reckless Charge","Iron Wave"],"picked":"SKIP","floor":19.0},{"not_picked":["Clash","Iron Wave+1"],"picked":"Shrug It Off","floor":21.0},{"not_picked":["Clothesline","Headbutt"],"picked":"True Grit+1","floor":22.0},{"not_picked":["Power Through","Wild Strike"],"picked":"Pommel Strike+1","floor":23.0},{"not_picked":["Dropkick","Perfected Strike"],"picked":"Burning Pact","floor":27.0},{"not_picked":["Offering","Fire Breathing","Ghostly Armor"],"picked":"SKIP","floor":31.0},{"not_picked":["Exhume","Double Tap"],"picked":"Juggernaut","floor":33.0},{"not_picked":["Shockwave+1","Pommel Strike+1","Sentinel+1"],"picked":"SKIP","floor":35.0},{"not_picked":["Disarm+1","Clash+1","True Grit"],"picked":"SKIP","floor":36.0},{"not_picked":["Trip","Good Instincts"],"picked":"Master of Strategy","floor":39.0},{"not_picked":["Inflame","Uppercut"],"picked":"Pummel","floor":41.0},{"not_picked":["Body Slam+1","Pommel Strike+1"],"picked":"Flame Barrier+1","floor":45},{"not_picked":["Clash+1","Pommel Strike+1"],"picked":"Havoc+1","floor":46}],"player_experience":296585,"relics_obtained":[{"floor":8.0,"key":"Red Skull"},{"floor":9.0,"key":"Ornamental Fan"},{"floor":14.0,"key":"Bag of Preparation"},{"floor":23.0,"key":"War Paint"},{"floor":31.0,"key":"Champion Belt"},{"floor":41.0,"key":"Molten Egg 2"},{"floor":46,"key":"Boot"}],"event_choices":[{"damage_healed":0.0,"max_hp_gain":0.0,"max_hp_loss":0.0,"gold_gain":75.0,"event_name":"World of Goop","player_choice":"Gather Gold","floor":2.0,"gold_loss":0.0,"damage_taken":11.0},{"damage_healed":22.0,"max_hp_gain":0.0,"max_hp_loss":0.0,"gold_gain":0.0,"event_name":"The Cleric","player_choice":"Healed","floor":5.0,"gold_loss":35.0,"damage_taken":0.0},{"damage_healed":0.0,"max_hp_gain":0.0,"max_hp_loss":0.0,"gold_gain":0.0,"event_name":"Upgrade Shrine","player_choice":"Upgraded","floor":13.0,"gold_loss":0.0,"damage_taken":0.0,"cards_upgraded":["Pommel Strike"]},{"damage_healed":0.0,"max_hp_gain":0.0,"max_hp_loss":0.0,"gold_gain":0.0,"event_name":"The Woman in Blue","player_choice":"Bought 3 Potions","floor":20.0,"gold_loss":0.0,"damage_taken":0.0},{"damage_healed":0.0,"max_hp_gain":0.0,"max_hp_loss":0.0,"gold_gain":0.0,"event_name":"Ghosts","player_choice":"Ignored","floor":24.0,"gold_loss":0.0,"damage_taken":0.0},{"damage_healed":0.0,"max_hp_gain":0.0,"max_hp_loss":0.0,"gold_gain":0.0,"event_name":"Addict","player_choice":"Obtained Relic","floor":29.0,"gold_loss":85.0,"damage_taken":0.0,"relics_obtained":["Dead Branch"]},{"damage_healed":22.0,"max_hp_gain":0.0,"max_hp_loss":0.0,"gold_gain":0.0,"event_name":"Winding Halls","player_choice":"Writhe","floor":37.0,"gold_loss":0.0,"damage_taken":0.0,"cards_obtained":["Writhe"]},{"damage_healed":0.0,"max_hp_gain":0.0,"max_hp_loss":0.0,"gold_gain":0.0,"event_name":"SensoryStone","player_choice":"Memory 3","floor":39.0,"gold_loss":0.0,"damage_taken":10.0},{"damage_healed":0,"gold_gain":0,"player_choice":"2 cards matched","damage_taken":0,"max_hp_gain":0,"max_hp_loss":0,"event_name":"Match and Keep!","floor":48,"gold_loss":0,"cards_obtained":["Dark Shackles","Dark Embrace"]}],"is_beta":false,"boss_relics":[{"not_picked":["Fusion Hammer","Pandora\u0027s Box"],"picked":"Cursed Key"},{"not_picked":["Black Blood","Black Star"],"picked":"Eternal Feather"}],"items_purged_floors":[38],"is_endless":false,"potions_floor_spawned":[1,8,11,14,19,21,27,45],"ascension_level":11}