{"gold_per_floor":[119,119,50,65,83,110,128,128,128,154,154,99,112,138,138,238,238,255,273,20,20,20,20,55,74,145,145,175,100,100,100,100,196,196,214,174,189,207,207,207,532,547,573,213,224,238,4,23,23,23],"floor_reached":51,"playtime":3619,"items_purged":[],"score":1080,"play_id":"ce228573-ec2a-454d-b206-f55576e6ae0f","local_time":"20191019154354","is_ascension_mode":true,"campfire_choices":[{"floor":8,"key":"REST"},{"data":"Noxious Fumes","floor":11,"key":"SMITH"},{"floor":15,"key":"REST"},{"data":"Caltrops","floor":23,"key":"SMITH"},{"floor":27,"key":"REST"},{"data":"Footwork","floor":30,"key":"SMITH"},{"data":"Sucker Punch","floor":32,"key":"SMITH"},{"floor":40,"key":"REST"},{"floor":49,"key":"RECALL"}],"neow_cost":"NONE","seed_source_timestamp":743027976237300,"circlet_count":0,"master_deck":["Strike_G+1","Strike_G+1","Defend_G+1","Defend_G+1","Defend_G+1","Defend_G+1","Defend_G+1","Survivor+1","Neutralize+1","Endless Agony+1","Noxious Fumes+1","Sucker Punch+1","Bouncing Flask+1","Backflip+1","Caltrops+1","Quick Slash+1","Dodge and Roll+1","Adrenaline+1","Backflip+1","Dodge and Roll+1","Footwork+1","Backflip+1","Night Terror+1","Backflip+1","Noxious Fumes+1","Leg Sweep+1","Dodge and Roll+1","Backflip+1","Blur+1","PiercingWail+1"],"relics":["Ring of the Snake","Toxic Egg 2","Ice Cream","Nunchaku","Dream Catcher","Gremlin Horn","Empty Cage","Sundial","Ornamental Fan","Pantograph","Mercury Hourglass","Art of War","Paper Crane","Fusion Hammer","Old Coin","Juzu Bracelet","Membership Card","StoneCalendar","Happy Flower","Medical Kit"],"potions_floor_usage":[10,13,14,24,28,45,50,50,50],"damage_taken":[{"damage":0,"enemies":"Cultist","floor":1,"turns":5},{"damage":0,"enemies":"Jaw Worm","floor":4,"turns":3},{"damage":0,"enemies":"Small Slimes","floor":5,"turns":3},{"damage":17,"enemies":"Lagavulin","floor":6,"turns":6},{"damage":7,"enemies":"Red Slaver","floor":7,"turns":4},{"damage":16,"enemies":"3 Sentries","floor":10,"turns":8},{"damage":0,"enemies":"2 Fungi Beasts","floor":13,"turns":2},{"damage":15,"enemies":"Lagavulin","floor":14,"turns":5},{"damage":9,"enemies":"The Guardian","floor":16,"turns":11},{"damage":7,"enemies":"Chosen","floor":18,"turns":5},{"damage":2,"enemies":"Shell Parasite","floor":19,"turns":5},{"damage":26,"enemies":"Slavers","floor":24,"turns":5},{"damage":0,"enemies":"Shelled Parasite and Fungi","floor":25,"turns":5},{"damage":9,"enemies":"Book of Stabbing","floor":28,"turns":6},{"damage":20,"enemies":"Collector","floor":33,"turns":11},{"damage":3,"enemies":"3 Darklings","floor":35,"turns":4},{"damage":0,"enemies":"3 Shapes","floor":37,"turns":4},{"damage":0,"enemies":"3 Darklings","floor":38,"turns":5},{"damage":0,"enemies":"Nemesis","floor":41,"turns":9},{"damage":0,"enemies":"Spire Growth","floor":42,"turns":5},{"damage":0,"enemies":"4 Shapes","floor":45,"turns":4},{"damage":0,"enemies":"Jaw Worm Horde","floor":46,"turns":5},{"damage":0,"enemies":"3 Darklings","floor":48,"turns":5},{"damage":5,"enemies":"Donu and Deca","floor":50,"turns":8}],"seed_played":"-1539173742218672594","potions_obtained":[{"floor":5,"key":"SteroidPotion"},{"floor":6,"key":"Swift Potion"},{"floor":10,"key":"Fire Potion"},{"floor":14,"key":"EssenceOfSteel"},{"floor":24,"key":"Regen Potion"},{"floor":33,"key":"Poison Potion"},{"floor":42,"key":"FearPotion"},{"floor":46,"key":"SkillPotion"}],"is_trial":false,"path_per_floor":["M","?","$","M","M","E","M","R","T","E","R","?","M","E","R","B",null,"M","M","$","?","?","R","E","M","T","R","E","?","R","T","R","B",null,"M","?","M","M","?","R","E","M","T","$","M","M","$","M","R","B",null],"character_chosen":"THE_SILENT","items_purchased":["Noxious Fumes","Sundial","Membership Card","StoneCalendar","Dodge and Roll+1","Happy Flower","Blur+1","PowerPotion","Medical Kit"],"campfire_rested":4,"item_purchase_floors":[3,20,44,44,44,47,47,47,47],"current_hp_per_floor":[63,63,63,63,63,46,39,60,60,44,44,44,44,29,50,41,63,56,54,54,54,54,54,28,28,28,49,55,55,55,55,55,50,65,62,62,62,62,62,70,70,70,70,70,70,70,70,70,70,65],"gold":23,"neow_bonus":"UPGRADE_CARD","is_prod":false,"is_daily":false,"chose_seed":false,"campfire_upgraded":4,"win_rate":0,"timestamp":1571492634,"path_taken":["M","?","?","M","M","E","?","R","T","E","R","?","M","E","R","BOSS","M","M","?","?","?","R","E","M","T","R","E","?","R","?","R","BOSS","M","?","M","?","?","R","E","?","T","$","M","M","$","M","R","BOSS"],"build_version":"2019-07-17","purchased_purges":0,"victory":true,"max_hp_per_floor":[70,70,70,70,70,70,70,70,70,70,70,70,70,70,70,70,70,70,70,70,70,70,70,70,70,70,70,70,70,70,70,70,70,70,70,70,70,70,70,70,70,70,70,70,70,70,70,70,70,70],"card_choices":[{"not_picked":["Acrobatics","Deadly Poison"],"picked":"Endless Agony","floor":1},{"not_picked":["Infinite Blades","Dodge and Roll"],"picked":"Sucker Punch","floor":4},{"not_picked":["Bane","Flechettes"],"picked":"Bouncing Flask","floor":5},{"not_picked":["Deadly Poison","Underhanded Strike","Heel Hook"],"picked":"SKIP","floor":6},{"not_picked":["Dagger Throw","Deadly Poison+1"],"picked":"Backflip+1","floor":7},{"not_picked":["Setup+1","Masterful Stab"],"picked":"Caltrops","floor":10},{"not_picked":["Slice","Prepared+1","Caltrops"],"picked":"SKIP","floor":13},{"not_picked":["Sucker Punch","Endless Agony"],"picked":"Quick Slash","floor":14},{"not_picked":["Dagger Spray","Reflex+1"],"picked":"Dodge and Roll+1","floor":15},{"not_picked":["Unload","Malaise+1"],"picked":"Adrenaline+1","floor":16},{"not_picked":["Infinite Blades+1","Sucker Punch+1"],"picked":"Backflip+1","floor":18},{"not_picked":["Underhanded Strike","Blur+1"],"picked":"Dodge and Roll+1","floor":19},{"not_picked":["Skewer+1","Noxious Fumes"],"picked":"Footwork","floor":24},{"not_picked":["Prepared+1","Tactician+1","Quick Slash"],"picked":"SKIP","floor":25},{"not_picked":["Flying Knee","Caltrops"],"picked":"Backflip+1","floor":28},{"not_picked":["Phantasmal Killer+1","Glass Knife"],"picked":"Night Terror+1","floor":33},{"not_picked":["Deadly Poison+1","Well Laid Plans"],"picked":"Backflip+1","floor":35},{"not_picked":["Underhanded Strike+1","Accuracy+1"],"picked":"Noxious Fumes+1","floor":37},{"not_picked":["Outmaneuver+1","Catalyst+1","Sucker Punch"],"picked":"SKIP","floor":38},{"not_picked":["Acrobatics+1","Blade Dance+1"],"picked":"Leg Sweep+1","floor":40},{"not_picked":["Terror+1","Grand Finale","Underhanded Strike+1"],"picked":"SKIP","floor":41},{"not_picked":["Skewer+1","Catalyst+1","Deflect+1"],"picked":"SKIP","floor":42},{"not_picked":["Infinite Blades+1","Calculated Gamble+1","Sucker Punch"],"picked":"SKIP","floor":45},{"not_picked":["Riddle With Holes","Cloak And Dagger+1"],"picked":"Backflip+1","floor":46},{"not_picked":["Dagger Throw","Poisoned Stab"],"picked":"PiercingWail+1","floor":48}],"player_experience":406597,"relics_obtained":[{"floor":6,"key":"Toxic Egg 2"},{"floor":9,"key":"Ice Cream"},{"floor":10,"key":"Nunchaku"},{"floor":14,"key":"Gremlin Horn"},{"floor":24,"key":"Pantograph"},{"floor":26,"key":"Mercury Hourglass"},{"floor":28,"key":"Art of War"},{"floor":31,"key":"Paper Crane"},{"floor":41,"key":"Old Coin"},{"floor":43,"key":"Juzu Bracelet"}],"event_choices":[{"damage_healed":0,"gold_gain":0,"player_choice":"Upgraded","damage_taken":0,"max_hp_gain":0,"max_hp_loss":0,"event_name":"Upgrade Shrine","floor":2,"gold_loss":0,"cards_upgraded":["Endless Agony"]},{"damage_healed":0,"gold_gain":0,"player_choice":"Paid Gold","damage_taken":0,"relics_obtained":["Dream Catcher"],"max_hp_gain":0,"max_hp_loss":0,"event_name":"WeMeetAgain","floor":12,"gold_loss":55},{"damage_healed":0,"gold_gain":0,"player_choice":"Simplicity","damage_taken":0,"max_hp_gain":0,"max_hp_loss":0,"event_name":"Back to Basics","floor":21,"gold_loss":0,"cards_upgraded":["Strike_G","Strike_G","Strike_G","Defend_G","Defend_G","Defend_G","Defend_G","Defend_G"]},{"damage_healed":0,"gold_gain":0,"player_choice":"Opened","damage_taken":0,"relics_obtained":["Ornamental Fan"],"max_hp_gain":0,"max_hp_loss":0,"event_name":"The Mausoleum","floor":22,"gold_loss":0},{"cards_removed":["Strike_G"],"damage_healed":0,"gold_gain":0,"player_choice":"Gave Gold","damage_taken":0,"max_hp_gain":0,"max_hp_loss":0,"event_name":"Beggar","floor":29,"gold_loss":75},{"damage_healed":0,"gold_gain":0,"player_choice":"Upgraded Two","damage_taken":0,"max_hp_gain":0,"max_hp_loss":0,"event_name":"Designer","floor":36,"gold_loss":40,"cards_upgraded":["Survivor","Bouncing Flask"]},{"damage_healed":0,"gold_gain":0,"player_choice":"Forge","damage_taken":0,"max_hp_gain":0,"max_hp_loss":0,"event_name":"Accursed Blacksmith","floor":39,"gold_loss":0,"cards_upgraded":["Quick Slash"]}],"is_beta":false,"boss_relics":[{"not_picked":["Velvet Choker","White Beast Statue"],"picked":"Empty Cage"},{"not_picked":["Lizard Tail","Ring of the Serpent"],"picked":"Fusion Hammer"}],"items_purged_floors":[],"is_endless":false,"potions_floor_spawned":[5,6,10,14,24,33,42,46,48],"ascension_level":9}