{"gold_per_floor":[109,109,127,127,137,137,169,169,169,169,188,204,182,200,200,200],"floor_reached":16,"playtime":796,"items_purged":[],"score":208,"play_id":"1675fe9c-d26a-4a9a-a94e-6699cbb88df7","local_time":"20190928113629","is_ascension_mode":true,"campfire_choices":[{"data":"Bash","floor":6,"key":"SMITH"},{"data":"Headbutt","floor":8,"key":"SMITH"},{"data":"Wild Strike","floor":10,"key":"SMITH"},{"data":"Ghostly Armor","floor":15,"key":"SMITH"}],"neow_cost":"PERCENT_DAMAGE","seed_source_timestamp":558563985968912,"circlet_count":0,"master_deck":["AscendersBane","Strike_R","Strike_R","Strike_R","Strike_R","Defend_R","Defend_R","Defend_R","Defend_R","Bash+1","Impervious","Burning Pact","Wild Strike+1","Headbutt+1","Ghostly Armor+1"],"relics":["Burning Blood","Meat on the Bone","Bottled Lightning"],"potions_floor_usage":[16,16],"damage_taken":[{"damage":0,"enemies":"Small Slimes","floor":1,"turns":4},{"damage":12,"enemies":"Cultist","floor":3,"turns":4},{"damage":0,"enemies":"2 Louse","floor":5,"turns":3},{"damage":32,"enemies":"Gremlin Nob","floor":7,"turns":4},{"damage":6,"enemies":"2 Fungi Beasts","floor":11,"turns":4},{"damage":12,"enemies":"Looter","floor":12,"turns":3},{"damage":1,"enemies":"Exordium Thugs","floor":13,"turns":4},{"damage":18,"enemies":"Large Slime","floor":14,"turns":3},{"damage":83,"enemies":"Slime Boss","floor":16,"turns":9}],"seed_played":"4600548846292907827","potions_obtained":[{"floor":5,"key":"SpeedPotion"},{"floor":11,"key":"Poison Potion"},{"floor":12,"key":"Regen Potion"},{"floor":13,"key":"Dexterity Potion"}],"is_trial":false,"path_per_floor":["M","?","M","?","M","R","E","R","T","R","M","M","M","M","R","B"],"character_chosen":"IRONCLAD","items_purchased":[],"campfire_rested":0,"item_purchase_floors":[],"current_hp_per_floor":[56,56,50,50,56,56,30,30,30,30,42,48,53,53,53,0],"gold":200,"neow_bonus":"THREE_RARE_CARDS","is_prod":false,"is_daily":false,"chose_seed":false,"campfire_upgraded":4,"win_rate":0,"timestamp":1569695789,"path_taken":["M","?","M","?","M","R","E","R","T","R","M","M","M","?","R","BOSS"],"build_version":"2019-07-17","purchased_purges":0,"victory":false,"max_hp_per_floor":[75,75,75,75,75,75,75,75,75,75,75,75,75,75,75,75],"card_choices":[{"not_picked":["Bludgeon","Fiend Fire"],"picked":"Impervious","floor":0},{"not_picked":["Flex","Rampage"],"picked":"Burning Pact","floor":1},{"not_picked":["Cleave","Twin Strike","True Grit"],"picked":"SKIP","floor":3},{"not_picked":["Rage","Power Through"],"picked":"Headbutt","floor":5},{"not_picked":["Rupture","Wild Strike","Armaments"],"picked":"SKIP","floor":7},{"not_picked":["Wild Strike","Clothesline"],"picked":"Ghostly Armor","floor":11},{"not_picked":["Body Slam","Cleave","Pommel Strike"],"picked":"SKIP","floor":12},{"not_picked":["Infernal Blade","Cleave","Warcry"],"picked":"SKIP","floor":13},{"not_picked":["True Grit","Twin Strike","Burning Pact"],"picked":"SKIP","floor":14}],"player_experience":360404,"relics_obtained":[{"floor":7,"key":"Meat on the Bone"},{"floor":9,"key":"Bottled Lightning"}],"event_choices":[{"damage_healed":0,"gold_gain":0,"player_choice":"Ignored","damage_taken":0,"max_hp_gain":0,"max_hp_loss":0,"event_name":"Liars Game","floor":2,"gold_loss":0},{"damage_healed":0,"gold_gain":0,"cards_transformed":["Strike_R"],"player_choice":"Transformed","damage_taken":0,"max_hp_gain":0,"max_hp_loss":0,"event_name":"Transmorgrifier","floor":4,"gold_loss":0,"cards_obtained":["Wild Strike"]}],"is_beta":false,"boss_relics":[],"items_purged_floors":[],"is_endless":false,"potions_floor_spawned":[5,11,12,13],"killed_by":"Slime Boss","ascension_level":20}