{"gold_per_floor":[115,126,146,166,177,191,221,221,221,47,47,59,59,74,74,174,174,194,169,169],"floor_reached":20,"playtime":2021,"items_purged":[],"score":180,"play_id":"45cad59e-c404-43d1-ab90-96508542d0ce","local_time":"20191011141556","is_ascension_mode":false,"campfire_choices":[{"data":"Turbo","floor":8,"key":"SMITH"},{"data":"Turbo","floor":13,"key":"SMITH"},{"floor":15,"key":"REST"}],"neow_cost":"NONE","seed_source_timestamp":2211729387900567,"circlet_count":0,"master_deck":["Strike_B","Strike_B","Strike_B","Strike_B","Defend_B+1","Defend_B","Defend_B+1","Defend_B","Zap","Dualcast","Turbo+1","Double Energy","Leap+1","Stack+1","Stack","Stack","Creative AI","Turbo+1","Ball Lightning","Steam","Thunder Strike","Coolheaded","Beam Cell"],"relics":["Cracked Core","Blood Vial","War Paint","Toy Ornithopter","Nuclear Battery"],"potions_floor_usage":[7,16,16],"damage_taken":[{"damage":0,"enemies":"Cultist","floor":1,"turns":3},{"damage":5,"enemies":"Jaw Worm","floor":2,"turns":4},{"damage":2,"enemies":"2 Louse","floor":3,"turns":3},{"damage":1,"enemies":"Looter","floor":4,"turns":3},{"damage":16,"enemies":"Exordium Thugs","floor":5,"turns":6},{"damage":2,"enemies":"3 Louse","floor":6,"turns":5},{"damage":21,"enemies":"3 Sentries","floor":7,"turns":9},{"damage":0,"enemies":"2 Fungi Beasts","floor":12,"turns":4},{"damage":3,"enemies":"Large Slime","floor":14,"turns":8},{"damage":27,"enemies":"Hexaghost","floor":16,"turns":12},{"damage":20,"enemies":"3 Byrds","floor":18,"turns":5},{"damage":4,"enemies":"2 Thieves","floor":19,"turns":5},{"damage":92,"enemies":"3 Cultists","floor":20,"turns":6}],"seed_played":"-216466658845448691","potions_obtained":[{"floor":3,"key":"Poison Potion"},{"floor":4,"key":"FairyPotion"},{"floor":6,"key":"SpeedPotion"},{"floor":7,"key":"FearPotion"},{"floor":12,"key":"EssenceOfSteel"},{"floor":16,"key":"Dexterity Potion"}],"is_trial":false,"path_per_floor":["M","M","M","M","M","M","E","R","T","$","?","M","R","M","R","B",null,"M","M","M"],"character_chosen":"DEFECT","items_purchased":["Creative AI","Turbo"],"campfire_rested":1,"item_purchase_floors":[10,10],"current_hp_per_floor":[75,70,70,71,57,57,38,38,38,38,23,25,25,24,46,31,75,55,53,0],"gold":169,"neow_bonus":"RANDOM_COMMON_RELIC","is_prod":false,"is_daily":false,"chose_seed":false,"campfire_upgraded":2,"win_rate":0.0,"timestamp":1570799756,"path_taken":["M","M","M","M","M","M","E","R","T","$","?","M","R","M","R","BOSS","M","M","M"],"build_version":"2019-09-09v2","purchased_purges":0,"victory":false,"max_hp_per_floor":[75,75,75,75,75,75,75,75,75,75,75,75,75,75,75,75,75,75,75,75],"card_choices":[{"not_picked":["Go for the Eyes","Reinforced Body"],"picked":"Turbo","floor":1},{"not_picked":["Gash","Capacitor"],"picked":"Double Energy","floor":2},{"not_picked":["Hologram","Ball Lightning"],"picked":"Leap","floor":3},{"not_picked":["Double Energy","Go for the Eyes"],"picked":"Stack","floor":4},{"not_picked":["Streamline","Gash","Barrage"],"picked":"SKIP","floor":5},{"not_picked":["Beam Cell","Darkness"],"picked":"Stack","floor":6},{"not_picked":["Darkness","Doom and Gloom"],"picked":"Stack","floor":7},{"not_picked":["Redo","Static Discharge"],"picked":"Ball Lightning","floor":12},{"not_picked":["Beam Cell","Coolheaded"],"picked":"Steam","floor":14},{"not_picked":["Reboot","Biased Cognition"],"picked":"Thunder Strike","floor":16},{"not_picked":["Static Discharge","Rebound"],"picked":"Coolheaded","floor":18},{"not_picked":["Consume","Barrage"],"picked":"Beam Cell","floor":19}],"player_experience":110094,"relics_obtained":[{"floor":7,"key":"War Paint"},{"floor":9,"key":"Toy Ornithopter"}],"event_choices":[{"damage_healed":0,"gold_gain":0,"player_choice":"Entered Light","damage_taken":15,"max_hp_gain":0,"max_hp_loss":0,"event_name":"Shining Light","floor":11,"gold_loss":0,"cards_upgraded":["Defend_B","Leap"]}],"is_beta":true,"boss_relics":[{"not_picked":["Cursed Key","Snecko Eye"],"picked":"Nuclear Battery"}],"items_purged_floors":[],"is_endless":false,"potions_floor_spawned":[3,4,6,7,12,16],"killed_by":"3 Cultists","ascension_level":0}