{"gold_per_floor":[19,19,19,19,30,60,60,74,74,92,121,140,171,181,181,283,283,296,173,157,169,180,210,221,250,250,250,175,193,16,16,16,114,114,134,35,50,150,28,28,45,100,170,189,189,205,205,223,223,223],"floor_reached":51,"playtime":5870,"items_purged":["Deflect","Defend_G","Defend_G","Defend_G"],"score":789,"play_id":"bd1ca9b9-d9b5-40c6-be38-288604f6cbbb","local_time":"20190628185023","is_ascension_mode":true,"campfire_choices":[{"data":"Neutralize","floor":7.0,"key":"SMITH"},{"data":"Envenom","floor":15.0,"key":"SMITH"},{"floor":27.0,"key":"REST"},{"floor":32.0,"key":"REST"},{"data":"Storm of Steel","floor":40.0,"key":"SMITH"},{"data":"Dash","floor":49,"key":"SMITH"}],"neow_cost":"NO_GOLD","seed_source_timestamp":0,"circlet_count":0,"master_deck":["Defend_G","Defend_G","Strike_G","Strike_G+1","Survivor","Neutralize+1","Backstab+1","Deadly Poison","Dagger Throw","Envenom+1","Dagger Spray","Tools of the Trade","Backflip","Bouncing Flask","Well Laid Plans","Finisher","Backflip","After Image","Backflip","Flechettes+1","Storm of Steel+1","Predator+1","Dash+1","Leg Sweep","Bullet Time","Tactician","Parasite","Underhanded Strike+1","Bullet Time","Deadly Poison"],"special_seed":0,"relics":["Ring of the Snake","Thread and Needle","Prayer Wheel","The Specimen","Art of War","Snecko Eye","Bottled Flame","Smiling Mask","Matryoshka","Coffee Dripper","Du-Vu Doll","Torii","Whetstone","The Courier"],"potions_floor_usage":[50,50,50],"damage_taken":[{"damage":0.0,"enemies":"Small Slimes","floor":1.0,"turns":4.0},{"damage":1.0,"enemies":"Cultist","floor":5.0,"turns":3.0},{"damage":19.0,"enemies":"3 Sentries","floor":6.0,"turns":8.0},{"damage":0.0,"enemies":"2 Louse","floor":8.0,"turns":4.0},{"damage":0.0,"enemies":"Looter","floor":10.0,"turns":4.0},{"damage":8.0,"enemies":"Gremlin Nob","floor":11.0,"turns":4.0},{"damage":2.0,"enemies":"2 Fungi Beasts","floor":12.0,"turns":3.0},{"damage":1.0,"enemies":"3 Sentries","floor":13.0,"turns":7.0},{"damage":0.0,"enemies":"Red Slaver","floor":14.0,"turns":3.0},{"damage":35.0,"enemies":"Slime Boss","floor":16.0,"turns":12.0},{"damage":5.0,"enemies":"Shell Parasite","floor":18.0,"turns":5.0},{"damage":0.0,"enemies":"2 Thieves","floor":20.0,"turns":4.0},{"damage":30.0,"enemies":"Centurion and Healer","floor":21.0,"turns":8.0},{"damage":3.0,"enemies":"Cultist and Chosen","floor":22.0,"turns":3.0},{"damage":0.0,"enemies":"Gremlin Leader","floor":23.0,"turns":6.0},{"damage":0.0,"enemies":"3 Cultists","floor":24.0,"turns":4.0},{"damage":38.0,"enemies":"Book of Stabbing","floor":25.0,"turns":5.0},{"damage":0.0,"enemies":"Centurion and Healer","floor":29.0,"turns":5.0},{"damage":6.0,"enemies":"Automaton","floor":33.0,"turns":9.0},{"damage":0.0,"enemies":"Orb Walker","floor":35.0,"turns":3.0},{"damage":7.0,"enemies":"3 Darklings","floor":37.0,"turns":5.0},{"damage":0.0,"enemies":"Mind Bloom Boss Battle","floor":38.0,"turns":4.0},{"damage":0.0,"enemies":"Maw","floor":41.0,"turns":5.0},{"damage":25.0,"enemies":"2 Orb Walkers","floor":42.0,"turns":5.0},{"damage":0.0,"enemies":"Writhing Mass","floor":44.0,"turns":5.0},{"damage":0.0,"enemies":"3 Darklings","floor":46.0,"turns":4.0},{"damage":1.0,"enemies":"Maw","floor":48.0,"turns":5.0},{"damage":22,"enemies":"Awakened One","floor":50,"turns":16}],"seed_played":"-9189803812464039112","potions_obtained":[{"floor":1.0,"key":"Energy Potion"},{"floor":6.0,"key":"Block Potion"},{"floor":8.0,"key":"Regen Potion"},{"floor":11.0,"key":"Block Potion"},{"floor":16.0,"key":"LiquidBronze"},{"floor":20.0,"key":"Regen Potion"},{"floor":21.0,"key":"Strength Potion"},{"floor":23.0,"key":"Regen Potion"},{"floor":33.0,"key":"SmokeBomb"},{"floor":38.0,"key":"FearPotion"},{"floor":41.0,"key":"FearPotion"},{"floor":44.0,"key":"Fire Potion"},{"floor":46.0,"key":"FearPotion"},{"floor":48,"key":"Ancient Potion"}],"is_trial":false,"path_per_floor":["M","?","$","?","M","E","R","M","T","M","E","M","E","M","R","B",null,"M","$","M","M","M","E","M","E","T","R","?","M","$","?","R","B",null,"M","$","M","?","$","R","M","?","T","M","?","M","?","M","R","B",null],"character_chosen":"THE_SILENT","items_purchased":["Backflip","EssenceOfSteel","Weak Potion","PowerPotion","EssenceOfSteel"],"campfire_rested":2,"item_purchase_floors":[19,30,30,36,39],"current_hp_per_floor":[70,63,63,63,62,43,43,43,43,43,35,33,47,47,47,12,70,65,65,65,35,44,44,58,20,20,41,41,41,41,28,50,44,75,75,75,68,68,68,68,68,43,43,43,43,43,43,42,42,20],"gold":223,"neow_bonus":"TRANSFORM_TWO_CARDS","is_prod":false,"is_daily":false,"chose_seed":false,"campfire_upgraded":4,"win_rate":0,"timestamp":1561773023,"path_taken":["M","?","?","?","M","E","R","M","T","M","E","M","E","?","R","BOSS","M","$","M","M","M","E","M","E","T","R","?","M","$","?","R","BOSS","M","$","M","?","$","R","M","?","T","M","?","M","?","?","R","BOSS"],"build_version":"2019-01-23","purchased_purges":4,"victory":true,"max_hp_per_floor":[70,70,70,70,70,70,70,70,70,70,70,70,70,70,70,70,70,70,70,70,70,70,70,70,70,70,70,70,70,70,75,75,75,75,75,75,75,75,75,75,75,75,75,75,75,75,75,75,75,75],"card_choices":[{"not_picked":["PiercingWail","Flying Knee"],"picked":"Dagger Throw","floor":1.0},{"not_picked":["Leg Sweep","Outmaneuver","Blade Dance"],"picked":"SKIP","floor":5.0},{"not_picked":["Leg Sweep","Expertise"],"picked":"Deflect","floor":6.0},{"not_picked":["Tactician","Underhanded Strike"],"picked":"Tools of the Trade","floor":8.0},{"not_picked":["Eviscerate","Deflect"],"picked":"Backflip","floor":10.0},{"not_picked":["Bane","Slice"],"picked":"Bouncing Flask","floor":10.0},{"not_picked":["Poisoned Stab","Deflect","Dagger Throw"],"picked":"SKIP","floor":11.0},{"not_picked":["Slice","Bane"],"picked":"Well Laid Plans","floor":12.0},{"not_picked":["Setup","Crippling Poison","Tactician"],"picked":"SKIP","floor":12.0},{"not_picked":["Dodge and Roll","Concentrate","Dagger Spray"],"picked":"SKIP","floor":13.0},{"not_picked":["Slice","Underhanded Strike"],"picked":"Finisher","floor":14.0},{"not_picked":["Distraction","Catalyst"],"picked":"Backflip","floor":14.0},{"not_picked":["Tools of the Trade","Envenom"],"picked":"After Image","floor":16.0},{"not_picked":["Tactician","Cloak And Dagger+1","Noxious Fumes+1"],"picked":"SKIP","floor":18.0},{"not_picked":["Infinite Blades","Sucker Punch","Deadly Poison+1"],"picked":"SKIP","floor":18.0},{"not_picked":["Dodge and Roll+1","Escape Plan","Poisoned Stab"],"picked":"SKIP","floor":20.0},{"not_picked":["Die Die Die","Dagger Throw","Expertise"],"picked":"SKIP","floor":20.0},{"not_picked":["Cloak And Dagger","Blade Dance+1"],"picked":"Flechettes+1","floor":21.0},{"not_picked":["Prepared","Deflect"],"picked":"Storm of Steel","floor":21.0},{"not_picked":["Infinite Blades","Heel Hook+1"],"picked":"Predator+1","floor":22.0},{"not_picked":["Sucker Punch","Slice","Deflect"],"picked":"SKIP","floor":22.0},{"not_picked":["Deflect","Expertise"],"picked":"Dash","floor":23.0},{"not_picked":["Underhanded Strike","Slice","Terror"],"picked":"SKIP","floor":24.0},{"not_picked":["Dodge and Roll","Dagger Throw","Acrobatics"],"picked":"SKIP","floor":24.0},{"not_picked":["Deflect","Unload"],"picked":"Leg Sweep","floor":25.0},{"not_picked":["Dodge and Roll","Prepared","Distraction"],"picked":"SKIP","floor":29.0},{"not_picked":["Dagger Throw","Outmaneuver","Dagger Spray"],"picked":"SKIP","floor":29.0},{"not_picked":["Doppelganger","Phantasmal Killer"],"picked":"Bullet Time","floor":33.0},{"not_picked":["Endless Agony","Well Laid Plans","Dagger Spray"],"picked":"SKIP","floor":35.0},{"not_picked":["Dagger Throw","Footwork+1","Skewer+1"],"picked":"SKIP","floor":35.0},{"not_picked":["Dagger Throw","Bane","Poisoned Stab+1"],"picked":"SKIP","floor":37.0},{"not_picked":["Slice","Endless Agony+1","Outmaneuver+1"],"picked":"SKIP","floor":37.0},{"not_picked":["Deflect+1","Quick Slash","Expertise"],"picked":"SKIP","floor":41.0},{"not_picked":["Slice","Tools of the Trade","Reflex"],"picked":"SKIP","floor":41.0},{"not_picked":["Backflip+1","Underhanded Strike"],"picked":"Tactician","floor":42.0},{"not_picked":["Finisher","Poisoned Stab","Riddle With Holes"],"picked":"SKIP","floor":44.0},{"not_picked":["Flying Knee+1","Dodge and Roll+1","Caltrops"],"picked":"SKIP","floor":44.0},{"not_picked":["Blur","Distraction"],"picked":"Underhanded Strike+1","floor":46.0},{"not_picked":["Terror+1","Outmaneuver+1","Flechettes"],"picked":"SKIP","floor":46.0},{"not_picked":["Outmaneuver+1","Setup+1","Dagger Throw"],"picked":"SKIP","floor":48},{"not_picked":["Flying Knee+1","Bouncing Flask+1","Quick Slash+1"],"picked":"SKIP","floor":48}],"player_experience":77921,"relics_obtained":[{"floor":6.0,"key":"Thread and Needle"},{"floor":9.0,"key":"Prayer Wheel"},{"floor":11.0,"key":"The Specimen"},{"floor":13.0,"key":"Art of War"},{"floor":23.0,"key":"Bottled Flame"},{"floor":25.0,"key":"Smiling Mask"},{"floor":26.0,"key":"Matryoshka"},{"floor":38.0,"key":"Du-Vu Doll"},{"floor":42.0,"key":"Torii"},{"floor":43.0,"key":"Whetstone"},{"floor":43.0,"key":"The Courier"}],"event_choices":[{"damage_healed":0.0,"max_hp_gain":0.0,"max_hp_loss":0.0,"gold_gain":0.0,"event_name":"Wheel of Change","player_choice":"Damaged","floor":2.0,"gold_loss":0.0,"damage_taken":7.0},{"damage_healed":0.0,"max_hp_gain":0.0,"max_hp_loss":0.0,"gold_gain":0.0,"event_name":"Match and Keep!","player_choice":"2 cards matched","floor":4.0,"gold_loss":0.0,"damage_taken":0.0,"cards_obtained":["Envenom","Dagger Spray"]},{"cards_removed":["Strike_G"],"damage_healed":0.0,"max_hp_gain":0.0,"max_hp_loss":0.0,"gold_gain":0.0,"event_name":"Beggar","player_choice":"Gave Gold","floor":28.0,"gold_loss":75.0,"damage_taken":0.0},{"damage_healed":0.0,"max_hp_gain":5.0,"max_hp_loss":0.0,"gold_gain":0.0,"event_name":"Forgotten Altar","player_choice":"Shed Blood","floor":31.0,"gold_loss":0.0,"damage_taken":18.0},{"damage_healed":0.0,"max_hp_gain":0.0,"max_hp_loss":0.0,"gold_gain":0.0,"event_name":"MindBloom","player_choice":"Fight","floor":38.0,"gold_loss":0.0,"damage_taken":0.0},{"damage_healed":0.0,"max_hp_gain":0.0,"max_hp_loss":0.0,"gold_gain":0.0,"event_name":"Mysterious Sphere","player_choice":"Fight","floor":42.0,"gold_loss":0.0,"damage_taken":0.0},{"damage_healed":0.0,"max_hp_gain":0.0,"max_hp_loss":0.0,"gold_gain":0.0,"event_name":"SensoryStone","player_choice":"Memory 1","floor":45.0,"gold_loss":0.0,"damage_taken":0.0},{"damage_healed":0.0,"max_hp_gain":0.0,"max_hp_loss":0.0,"gold_gain":0.0,"event_name":"Match and Keep!","player_choice":"2 cards matched","floor":47.0,"gold_loss":0.0,"damage_taken":0.0,"cards_obtained":["Bullet Time","Deadly Poison"]}],"is_beta":false,"boss_relics":[{"not_picked":["Orrery","Ectoplasm"],"picked":"Snecko Eye"},{"not_picked":["Ring of the Serpent","White Beast Statue"],"picked":"Coffee Dripper"}],"items_purged_floors":[19,30,36,39],"is_endless":false,"potions_floor_spawned":[1,6,8,11,16,20,21,23,33,38,41,44,46,48],"ascension_level":3}