{"gold_per_floor":[113,38,52,70,89,89,89,119,143,159,236,236,236,186,186,283,283,301,301,301,317,28,28,28,28,28,53,72,72,86,106,106,106],"floor_reached":33,"playtime":1942,"items_purged":[],"score":292,"play_id":"0d6a2667-55a0-4bb8-b0e0-b6e7dc9dc217","local_time":"20191013232240","is_ascension_mode":true,"campfire_choices":[{"data":"Havoc","floor":6,"key":"SMITH"},{"data":"Shrug It Off","floor":13,"key":"SMITH"},{"floor":15,"key":"REST"},{"data":"1","floor":23,"key":"LIFT"},{"data":"2","floor":25,"key":"LIFT"},{"data":"3","floor":29,"key":"LIFT"},{"floor":32,"key":"REST"}],"neow_cost":"NONE","seed_source_timestamp":2417399187798508,"circlet_count":0,"master_deck":["Bash+1","Dual Wield","Ghostly Armor","Havoc+1","Exhume","Uppercut","Headbutt","Shrug It Off+1","Fiend Fire","Intimidate","Intimidate","Sword Boomerang","Feel No Pain","Exhume","Sever Soul","Searing Blow","Rage","Pommel Strike","Shockwave","Pummel","Warcry","Whirlwind","Disarm","Blood for Blood"],"relics":["Runic Dome","Vajra","Omamori","Pandora\u0027s Box","Girya","Orichalcum","Centennial Puzzle","Bottled Lightning"],"potions_floor_usage":[8,16,16],"damage_taken":[{"damage":0,"enemies":"Cultist","floor":1,"turns":4},{"damage":3,"enemies":"Small Slimes","floor":3,"turns":4},{"damage":1,"enemies":"2 Louse","floor":4,"turns":3},{"damage":5,"enemies":"2 Fungi Beasts","floor":5,"turns":4},{"damage":2,"enemies":"Gremlin Nob","floor":8,"turns":3},{"damage":23,"enemies":"Exordium Wildlife","floor":10,"turns":4},{"damage":20,"enemies":"The Guardian","floor":16,"turns":8},{"damage":23,"enemies":"2 Thieves","floor":18,"turns":5},{"damage":0,"enemies":"3 Byrds","floor":21,"turns":5},{"damage":7,"enemies":"Book of Stabbing","floor":27,"turns":5},{"damage":15,"enemies":"Snake Plant","floor":28,"turns":3},{"damage":8,"enemies":"3 Cultists","floor":30,"turns":5},{"damage":1,"enemies":"Centurion and Healer","floor":31,"turns":4},{"damage":61,"enemies":"Collector","floor":33,"turns":9}],"seed_played":"-2498430323580995643","potions_obtained":[{"floor":1,"key":"Energy Potion"},{"floor":4,"key":"PowerPotion"},{"floor":10,"key":"DuplicationPotion"},{"floor":21,"key":"Energy Potion"},{"floor":28,"key":"Strength Potion"},{"floor":30,"key":"Dexterity Potion"}],"is_trial":false,"path_per_floor":["M","$","M","M","M","R","?","E","T","M","?","?","R","?","R","B",null,"M","?","?","M","$","R","?","R","T","E","M","R","M","M","R","B"],"character_chosen":"IRONCLAD","items_purchased":["Ghostly Armor","Girya"],"campfire_rested":2,"item_purchase_floors":[2,22],"current_hp_per_floor":[80,80,77,76,71,71,64,62,62,39,39,23,23,23,47,27,80,57,57,57,57,57,57,57,57,57,50,35,35,27,26,50,0],"gold":106,"neow_bonus":"BOSS_RELIC","is_prod":false,"is_daily":false,"chose_seed":false,"campfire_upgraded":2,"win_rate":0,"timestamp":1571005360,"path_taken":["M","$","M","?","M","R","?","E","T","M","?","?","R","?","R","BOSS","M","?","?","?","?","R","?","R","T","E","M","R","M","M","R","BOSS"],"build_version":"2019-09-09v2","purchased_purges":0,"victory":false,"max_hp_per_floor":[80,80,80,80,80,80,80,80,80,80,80,80,80,80,80,80,80,80,80,80,80,80,80,80,80,80,80,80,80,80,80,80,80],"card_choices":[{"not_picked":["Power Through","Wild Strike"],"picked":"Dual Wield","floor":1},{"not_picked":["Perfected Strike","Rupture"],"picked":"Havoc","floor":3},{"not_picked":["Twin Strike","Havoc"],"picked":"Exhume","floor":4},{"not_picked":["Anger","Wild Strike"],"picked":"Uppercut","floor":5},{"not_picked":["Dropkick","Iron Wave"],"picked":"Headbutt","floor":8},{"not_picked":["Clothesline","Pommel Strike"],"picked":"Shrug It Off","floor":10},{"not_picked":["Brutality","Barricade"],"picked":"Fiend Fire","floor":16},{"not_picked":["Cleave","True Grit+1"],"picked":"Pommel Strike","floor":18},{"not_picked":["Thunderclap+1","Searing Blow+1"],"picked":"Pummel","floor":21},{"not_picked":["Thunderclap","True Grit+1"],"picked":"Warcry","floor":27},{"not_picked":["Perfected Strike","Thunderclap"],"picked":"Whirlwind","floor":28},{"not_picked":["Second Wind","Anger"],"picked":"Disarm","floor":30},{"not_picked":["Twin Strike+1","Shockwave"],"picked":"Blood for Blood","floor":31}],"player_experience":181559,"relics_obtained":[{"floor":8,"key":"Omamori"},{"floor":26,"key":"Centennial Puzzle"},{"floor":27,"key":"Bottled Lightning"}],"event_choices":[{"damage_healed":0,"gold_gain":0,"player_choice":"Success","damage_taken":7,"relics_obtained":["Vajra"],"max_hp_gain":0,"max_hp_loss":0,"event_name":"Scrap Ooze","floor":7,"gold_loss":0},{"damage_healed":0,"gold_gain":77,"player_choice":"Gained Gold","damage_taken":0,"max_hp_gain":0,"max_hp_loss":0,"event_name":"Golden Wing","floor":11,"gold_loss":0},{"damage_healed":0,"gold_gain":0,"player_choice":"Entered Light","damage_taken":16,"max_hp_gain":0,"max_hp_loss":0,"event_name":"Shining Light","floor":12,"gold_loss":0,"cards_upgraded":["Bash","Strike_R"]},{"cards_removed":["Strike_R"],"damage_healed":0,"gold_gain":0,"player_choice":"Card Removal","damage_taken":0,"max_hp_gain":0,"max_hp_loss":0,"event_name":"The Cleric","floor":14,"gold_loss":50},{"damage_healed":0,"gold_gain":0,"player_choice":"Read","damage_taken":0,"max_hp_gain":0,"max_hp_loss":0,"event_name":"The Library","floor":19,"gold_loss":0,"cards_obtained":["Shockwave"]},{"damage_healed":0,"gold_gain":0,"player_choice":"Ignored","damage_taken":0,"max_hp_gain":0,"max_hp_loss":0,"event_name":"Ghosts","floor":20,"gold_loss":0},{"damage_healed":0,"gold_gain":0,"player_choice":"Stole Relic","damage_taken":0,"relics_obtained":["Orichalcum"],"max_hp_gain":0,"max_hp_loss":0,"event_name":"Addict","floor":24,"gold_loss":0,"cards_obtained":["Shame"]}],"is_beta":true,"boss_relics":[{"not_picked":["Astrolabe","SacredBark"],"picked":"Pandora\u0027s Box"}],"items_purged_floors":[],"is_endless":false,"potions_floor_spawned":[1,4,10,21,28,30],"killed_by":"Collector","ascension_level":2}