{"gold_per_floor":[210,230,241,1,18,18,46,46,46,79,44,54,70,126,126,202,202,214,214,242,253,253,253,264,15,15,15],"floor_reached":27,"playtime":973,"items_purged":["Strike_R","Sever Soul+1"],"score":446,"play_id":"b0bed0b9-f347-4b1b-9c59-2e16afcda307","local_time":"20191003133423","is_ascension_mode":true,"campfire_choices":[{"data":"Inflame","floor":6.0,"key":"SMITH"},{"floor":8.0,"key":"REST"},{"data":"Metallicize","floor":15.0,"key":"SMITH"},{"data":"Heavy Blade","floor":23,"key":"SMITH"}],"neow_cost":"NONE","seed_source_timestamp":0,"circlet_count":0,"master_deck":["AscendersBane","Strike_R","Defend_R","Defend_R","Defend_R","Defend_R","Bash+1","Spot Weakness","Metallicize+1","Clothesline","Inflame+1","Offering","Anger","Headbutt","Armaments","Fiend Fire+1","Reckless Charge+1","Fiend Fire+1","Heavy Blade","Shrug It Off","Heavy Blade+1","Shrug It Off"],"special_seed":0,"relics":["Burning Blood","Centennial Puzzle","Smiling Mask","Vajra","Boot","Astrolabe","Red Mask","Whetstone","Membership Card","Sundial"],"potions_floor_usage":[21,24,27],"damage_taken":[{"damage":6.0,"enemies":"Jaw Worm","floor":1.0,"turns":6.0},{"damage":3.0,"enemies":"Small Slimes","floor":2.0,"turns":4.0},{"damage":10.0,"enemies":"2 Louse","floor":3.0,"turns":4.0},{"damage":32.0,"enemies":"Exordium Wildlife","floor":5.0,"turns":7.0},{"damage":39.0,"enemies":"3 Sentries","floor":7.0,"turns":11.0},{"damage":19.0,"enemies":"Lagavulin","floor":10.0,"turns":6.0},{"damage":11.0,"enemies":"Blue Slaver","floor":12.0,"turns":5.0},{"damage":6.0,"enemies":"3 Louse","floor":13.0,"turns":1.0},{"damage":6.0,"enemies":"Gremlin Nob","floor":14.0,"turns":2.0},{"damage":23.0,"enemies":"The Guardian","floor":16.0,"turns":10.0},{"damage":23,"enemies":"Spheric Guardian","floor":18,"turns":4},{"damage":6,"enemies":"Masked Bandits","floor":20,"turns":2},{"damage":17,"enemies":"3 Byrds","floor":21,"turns":5},{"damage":29,"enemies":"Shelled Parasite and Fungi","floor":24,"turns":4},{"damage":19,"enemies":"Centurion and Healer","floor":27,"turns":2}],"seed_played":"-585027002528163969","potions_obtained":[{"floor":1.0,"key":"Fire Potion"},{"floor":5.0,"key":"SkillPotion"},{"floor":7.0,"key":"Energy Potion"},{"floor":12.0,"key":"ElixirPotion"},{"floor":13.0,"key":"Dexterity Potion"},{"floor":18,"key":"Weak Potion"},{"floor":20,"key":"Weak Potion"},{"floor":21,"key":"FearPotion"}],"is_trial":false,"path_per_floor":["M","M","M","$","M","R","E","R","T","E","?","M","M","?","R","B",null,"M","?","?","M","T","R","M","$","T","M"],"character_chosen":"IRONCLAD","items_purchased":["Centennial Puzzle","Membership Card","Regen Potion"],"campfire_rested":1,"item_purchase_floors":[4,25,25],"current_hp_per_floor":[68,71,67,67,41,41,8,30,30,17,35,30,30,30,30,13,60,43,43,43,32,32,32,9,9,9,0],"gold":15,"neow_bonus":"HUNDRED_GOLD","is_prod":false,"is_daily":false,"chose_seed":false,"campfire_upgraded":3,"win_rate":0,"timestamp":1570134863,"path_taken":["M","M","M","$","M","R","E","R","T","E","?","M","M","?","R","BOSS","M","?","?","M","?","R","M","$","T","?"],"build_version":"2019-10-03","purchased_purges":2,"victory":false,"max_hp_per_floor":[75,75,75,75,75,75,75,75,75,75,75,75,75,75,75,75,75,75,75,75,75,75,75,75,75,75,75],"card_choices":[{"not_picked":["Intimidate","Flex"],"picked":"Spot Weakness","floor":1.0},{"not_picked":["Flex","Warcry"],"picked":"Metallicize","floor":2.0},{"not_picked":["Entrench","Armaments"],"picked":"Clothesline","floor":3.0},{"not_picked":["Body Slam","Infernal Blade"],"picked":"Inflame","floor":5.0},{"not_picked":["Dropkick","Double Tap","Bloodletting"],"picked":"SKIP","floor":7.0},{"not_picked":["Blood for Blood","Shrug It Off"],"picked":"Offering","floor":10.0},{"not_picked":["Twin Strike","Reckless Charge"],"picked":"Anger","floor":12.0},{"not_picked":["Clash","Twin Strike"],"picked":"Headbutt","floor":13.0},{"not_picked":["Warcry","Second Wind"],"picked":"Armaments","floor":14.0},{"not_picked":["Juggernaut","Barricade"],"picked":"Fiend Fire","floor":16.0},{"not_picked":["Anger+1","Wild Strike"],"picked":"Heavy Blade","floor":18},{"not_picked":["Thunderclap","Anger"],"picked":"Shrug It Off","floor":20},{"not_picked":["Blood for Blood","Second Wind"],"picked":"Heavy Blade","floor":21},{"not_picked":["Searing Blow","Twin Strike+1"],"picked":"Shrug It Off","floor":24}],"player_experience":1217214,"relics_obtained":[{"floor":7.0,"key":"Smiling Mask"},{"floor":10.0,"key":"Vajra"},{"floor":14.0,"key":"Boot"},{"floor":20,"key":"Red Mask"},{"floor":22,"key":"Whetstone"},{"floor":26,"key":"Sundial"}],"event_choices":[{"damage_healed":18.0,"max_hp_gain":0.0,"max_hp_loss":0.0,"gold_gain":0.0,"event_name":"The Cleric","player_choice":"Healed","floor":11.0,"gold_loss":35.0,"damage_taken":0.0},{"damage_healed":0.0,"max_hp_gain":0.0,"max_hp_loss":0.0,"gold_gain":0.0,"event_name":"Dead Adventurer","player_choice":"Searched \u00271\u0027 times","floor":14.0,"gold_loss":0.0,"damage_taken":0.0},{"damage_healed":0,"gold_gain":0,"player_choice":"Ignored","damage_taken":0,"max_hp_gain":0,"max_hp_loss":0,"event_name":"The Mausoleum","floor":19,"gold_loss":0},{"damage_healed":0,"gold_gain":0,"player_choice":"Fought Bandits","damage_taken":0,"max_hp_gain":0,"max_hp_loss":0,"event_name":"Masked Bandits","floor":20,"gold_loss":0}],"is_beta":true,"boss_relics":[{"not_picked":["Philosopher\u0027s Stone","Pandora\u0027s Box"],"picked":"Astrolabe"}],"items_purged_floors":[4,25],"is_endless":false,"potions_floor_spawned":[1,5,7,12,13,14,18,20,21],"killed_by":"Centurion and Healer","ascension_level":20}