{"gold_per_floor":[117,130,148,166,181,216,216,232,232,232,60,79,92,102,102,199,199,170,170,183,201,251,279,297,297,297,297,316,344,354,279,279,382,382,395,395,410,410,9,9,27,27,27,27,60,77,77,112,112,112],"floor_reached":51,"playtime":4931,"items_purged":["Strike_G"],"score":778,"play_id":"6ae3cab4-6226-4b67-8c74-85e4fc5d0f57","local_time":"20191011134113","is_ascension_mode":false,"campfire_choices":[{"data":"Blind","floor":7,"key":"SMITH"},{"data":"1","floor":10,"key":"LIFT"},{"data":"2","floor":15,"key":"LIFT"},{"floor":25,"key":"REST"},{"data":"3","floor":27,"key":"LIFT"},{"floor":32,"key":"REST"},{"data":"Envenom","floor":40,"key":"SMITH"},{"data":"Infinite Blades","floor":42,"key":"SMITH"},{"data":"Adrenaline","floor":44,"key":"SMITH"},{"data":"Footwork","floor":49,"key":"SMITH"}],"neow_cost":"NONE","seed_source_timestamp":2206726263860819,"circlet_count":0,"master_deck":["Strike_G","Strike_G","Strike_G","Defend_G","Defend_G","Defend_G","Defend_G","Defend_G","Survivor","Neutralize","Blind+1","Sucker Punch","Escape Plan","Dodge and Roll","Well Laid Plans","Masterful Stab","Deflect","Adrenaline+1","Footwork+1","Flash of Steel","Backflip","Corpse Explosion","Sucker Punch","Envenom+1","Expertise","Footwork","Distraction","Infinite Blades","Backflip+1","Footwork","Slice+1","Escape Plan","Tools of the Trade","Backstab+1","Bane+1","Infinite Blades+1","Slice","Dodge and Roll+1","Dodge and Roll+1","Masterful Stab"],"relics":["Ring of the Serpent","Girya","Boot","Black Star","Shuriken","Regal Pillow","Eternal Feather","Matryoshka","Bronze Scales","Ninja Scroll","TungstenRod","Torii","Nunchaku","Smiling Mask","The Specimen","Bottled Lightning"],"potions_floor_usage":[6,16,18,23,29,30,33,41,50],"damage_taken":[{"damage":0,"enemies":"Jaw Worm","floor":1,"turns":5},{"damage":0,"enemies":"2 Louse","floor":2,"turns":3},{"damage":0,"enemies":"Cultist","floor":3,"turns":4},{"damage":0,"enemies":"3 Louse","floor":4,"turns":4},{"damage":0,"enemies":"Large Slime","floor":5,"turns":7},{"damage":29,"enemies":"Lagavulin","floor":6,"turns":12},{"damage":4,"enemies":"2 Fungi Beasts","floor":8,"turns":5},{"damage":0,"enemies":"Exordium Wildlife","floor":12,"turns":4},{"damage":0,"enemies":"Large Slime","floor":13,"turns":7},{"damage":1,"enemies":"Gremlin Gang","floor":14,"turns":3},{"damage":14,"enemies":"The Guardian","floor":16,"turns":13},{"damage":11,"enemies":"2 Thieves","floor":18,"turns":5},{"damage":0,"enemies":"Chosen","floor":20,"turns":6},{"damage":9,"enemies":"Shelled Parasite and Fungi","floor":21,"turns":11},{"damage":14,"enemies":"Slavers","floor":23,"turns":4},{"damage":18,"enemies":"Chosen and Byrds","floor":24,"turns":9},{"damage":11,"enemies":"Centurion and Healer","floor":28,"turns":7},{"damage":44,"enemies":"Gremlin Leader","floor":29,"turns":6},{"damage":4,"enemies":"Cultist and Chosen","floor":30,"turns":4},{"damage":35,"enemies":"Collector","floor":33,"turns":12},{"damage":32,"enemies":"3 Darklings","floor":35,"turns":6},{"damage":0,"enemies":"Orb Walker","floor":37,"turns":4},{"damage":25,"enemies":"Spire Growth","floor":41,"turns":5},{"damage":0,"enemies":"Reptomancer","floor":45,"turns":5},{"damage":9,"enemies":"3 Darklings","floor":46,"turns":3},{"damage":0,"enemies":"Giant Head","floor":48,"turns":7},{"damage":42,"enemies":"Time Eater","floor":50,"turns":10}],"seed_played":"251358933171224781","potions_obtained":[{"floor":1,"key":"SkillPotion"},{"floor":6,"key":"Explosive Potion"},{"floor":16,"key":"AttackPotion"},{"floor":20,"key":"Block Potion"},{"floor":21,"key":"Explosive Potion"},{"floor":23,"key":"Weak Potion"},{"floor":24,"key":"SteroidPotion"},{"floor":37,"key":"GhostInAJar"},{"floor":46,"key":"AttackPotion"}],"is_trial":false,"path_per_floor":["M","M","M","M","M","E","R","M","T","R","$","M","M","M","R","B",null,"M","?","M","M","?","E","M","R","T","R","M","E","M","?","R","B",null,"M","?","M","?","$","R","M","R","T","R","E","M","?","E","R","B",null],"character_chosen":"THE_SILENT","items_purchased":["Footwork","Flash of Steel","Infinite Blades","Ninja Scroll","Slice"],"campfire_rested":2,"item_purchase_floors":[11,11,39,39,39],"current_hp_per_floor":[70,70,70,70,70,41,41,37,37,37,37,37,37,36,36,22,70,59,46,46,37,37,23,5,42,42,60,49,5,1,1,56,21,75,43,43,43,43,43,64,39,60,60,75,75,66,66,66,71,29],"gold":112,"neow_bonus":"RANDOM_COLORLESS","is_prod":false,"is_daily":false,"chose_seed":false,"campfire_upgraded":5,"win_rate":0,"timestamp":1570797673,"path_taken":["M","M","M","M","M","E","R","M","T","R","$","M","M","M","R","BOSS","M","?","M","M","?","E","?","R","T","R","M","E","M","?","R","BOSS","M","?","M","?","$","R","M","R","T","R","E","M","?","E","R","BOSS"],"build_version":"2019-09-09v2","purchased_purges":1,"victory":true,"max_hp_per_floor":[70,70,70,70,70,70,70,70,70,70,70,70,70,70,70,70,70,70,75,75,75,75,75,75,75,75,75,75,75,75,75,75,75,75,75,75,75,75,75,75,75,75,75,75,75,75,71,71,71,71],"card_choices":[{"not_picked":["Backflip","Dodge and Roll"],"picked":"Sucker Punch","floor":1},{"not_picked":["Calculated Gamble","Dagger Spray"],"picked":"Escape Plan","floor":2},{"not_picked":["Blade Dance","Flying Knee"],"picked":"Dodge and Roll","floor":3},{"not_picked":["Choke","Slice"],"picked":"Well Laid Plans","floor":4},{"not_picked":["Tactician","Underhanded Strike"],"picked":"Masterful Stab","floor":5},{"not_picked":["Slice","Underhanded Strike"],"picked":"Deflect","floor":6},{"not_picked":["Sucker Punch","Dodge and Roll"],"picked":"Adrenaline","floor":8},{"not_picked":["Slice","Dodge and Roll"],"picked":"Backflip","floor":12},{"not_picked":["Finisher","Prepared"],"picked":"Corpse Explosion","floor":13},{"not_picked":["Finisher","Flying Knee"],"picked":"Sucker Punch","floor":14},{"not_picked":["Phantasmal Killer","Malaise"],"picked":"Envenom","floor":16},{"not_picked":["Bouncing Flask","Slice"],"picked":"Expertise","floor":18},{"not_picked":["Prepared","Quick Slash"],"picked":"Footwork","floor":20},{"not_picked":["PiercingWail","Slice"],"picked":"Distraction","floor":21},{"not_picked":["Distraction","Deadly Poison+1"],"picked":"Infinite Blades","floor":23},{"not_picked":["Masterful Stab+1","Prepared+1"],"picked":"Backflip+1","floor":24},{"not_picked":["Dodge and Roll","Dash"],"picked":"Footwork","floor":28},{"not_picked":["Corpse Explosion","PiercingWail+1"],"picked":"Slice+1","floor":29},{"not_picked":["Dagger Spray","Sucker Punch"],"picked":"Escape Plan","floor":30},{"not_picked":["Unload","Phantasmal Killer"],"picked":"Tools of the Trade","floor":33},{"not_picked":["Dash+1","Underhanded Strike+1"],"picked":"Backstab+1","floor":35},{"not_picked":["Reflex+1","Dodge and Roll"],"picked":"Bane+1","floor":37},{"not_picked":["Blur","Choke+1"],"picked":"Dodge and Roll+1","floor":41},{"not_picked":["Finisher","Sucker Punch"],"picked":"Dodge and Roll+1","floor":45},{"not_picked":["Dodge and Roll+1","Tactician+1","Bane"],"picked":"SKIP","floor":46},{"not_picked":["Slice","Poisoned Stab+1"],"picked":"Masterful Stab","floor":48}],"player_experience":105163,"relics_obtained":[{"floor":6,"key":"Girya"},{"floor":9,"key":"Boot"},{"floor":23,"key":"Shuriken"},{"floor":23,"key":"Regal Pillow"},{"floor":26,"key":"Eternal Feather"},{"floor":29,"key":"Matryoshka"},{"floor":29,"key":"Bronze Scales"},{"floor":43,"key":"TungstenRod"},{"floor":43,"key":"Torii"},{"floor":45,"key":"Nunchaku"},{"floor":45,"key":"Smiling Mask"},{"floor":48,"key":"The Specimen"},{"floor":48,"key":"Bottled Lightning"}],"event_choices":[{"damage_healed":0,"gold_gain":0,"player_choice":"Shed Blood","damage_taken":18,"max_hp_gain":5,"max_hp_loss":0,"event_name":"Forgotten Altar","floor":19,"gold_loss":0},{"damage_healed":0,"gold_gain":100,"player_choice":"Bet on Murderer","damage_taken":0,"max_hp_gain":0,"max_hp_loss":0,"event_name":"The Joust","floor":22,"gold_loss":50},{"cards_removed":["Strike_G"],"damage_healed":0,"gold_gain":0,"player_choice":"Gave Gold","damage_taken":0,"max_hp_gain":0,"max_hp_loss":0,"event_name":"Beggar","floor":31,"gold_loss":75},{"damage_healed":0,"gold_gain":0,"player_choice":"Ignored","damage_taken":0,"max_hp_gain":0,"max_hp_loss":0,"event_name":"Tomb of Lord Red Mask","floor":36,"gold_loss":0},{"damage_healed":0,"gold_gain":0,"player_choice":"Ignored","damage_taken":0,"max_hp_gain":0,"max_hp_loss":0,"event_name":"Mysterious Sphere","floor":38,"gold_loss":0},{"damage_healed":0,"gold_gain":0,"player_choice":"Max HP","damage_taken":0,"max_hp_gain":0,"max_hp_loss":4,"event_name":"Winding Halls","floor":47,"gold_loss":0}],"is_beta":true,"boss_relics":[{"not_picked":["Cursed Key","HoveringKite"],"picked":"Black Star"},{"not_picked":["Coffee Dripper","Fusion Hammer"],"picked":"Ring of the Serpent"}],"items_purged_floors":[39],"is_endless":false,"potions_floor_spawned":[1,6,16,20,21,23,24,37,46],"ascension_level":0}