{"gold_per_floor":[10,23,38,56,56,56,83,83,83,83,99,114,131,162,162,236,236,254,254,254,270,284,284,295,295,295,295,295,295,322,36,36,36],"floor_reached":33,"playtime":1032,"items_purged":["Strike_R"],"score":604,"play_id":"ae5e3280-3b2f-4e12-a7cb-441493fe6efd","local_time":"20191014114753","is_ascension_mode":true,"campfire_choices":[{"data":"Spot Weakness","floor":6.0,"key":"SMITH"},{"data":"Bash","floor":8.0,"key":"SMITH"},{"floor":15.0,"key":"REST"},{"data":"Fiend Fire","floor":23,"key":"SMITH"},{"data":"Spot Weakness","floor":25,"key":"SMITH"},{"data":"Whirlwind","floor":27,"key":"SMITH"},{"data":"Battle Trance","floor":29,"key":"SMITH"},{"floor":32,"key":"REST"}],"neow_cost":"NO_GOLD","seed_source_timestamp":325809650514200,"circlet_count":0,"master_deck":["AscendersBane","Strike_R","Strike_R","Strike_R","Strike_R","Defend_R","Defend_R","Defend_R","Defend_R","Bash+1","Battle Trance+1","Headbutt","Spot Weakness+1","Pummel","Battle Trance+1","Spot Weakness+1","Whirlwind+1","Fiend Fire+1","Power Through","Shrug It Off+1"],"special_seed":0,"relics":["Burning Blood","CloakClasp","Ancient Tea Set","Ornamental Fan","Orichalcum","Mark of Pain","CeramicFish","Dodecahedron","Pen Nib"],"potions_floor_usage":[16,33,33],"damage_taken":[{"damage":0.0,"enemies":"Jaw Worm","floor":1.0,"turns":5.0},{"damage":1.0,"enemies":"Cultist","floor":2.0,"turns":3.0},{"damage":1.0,"enemies":"Small Slimes","floor":3.0,"turns":4.0},{"damage":8.0,"enemies":"3 Louse","floor":4.0,"turns":5.0},{"damage":22.0,"enemies":"3 Sentries","floor":7.0,"turns":8.0},{"damage":4.0,"enemies":"Exordium Thugs","floor":11.0,"turns":4.0},{"damage":14.0,"enemies":"Lots of Slimes","floor":12.0,"turns":4.0},{"damage":9.0,"enemies":"3 Louse","floor":13.0,"turns":4.0},{"damage":26.0,"enemies":"Lagavulin","floor":14.0,"turns":7.0},{"damage":49,"enemies":"Slime Boss","floor":16,"turns":9},{"damage":22,"enemies":"2 Thieves","floor":18,"turns":3},{"damage":14,"enemies":"Spheric Guardian","floor":21,"turns":4},{"damage":14,"enemies":"Snake Plant","floor":22,"turns":3},{"damage":19,"enemies":"3 Cultists","floor":24,"turns":5},{"damage":0,"enemies":"Gremlin Leader","floor":30,"turns":4},{"damage":97,"enemies":"Automaton","floor":33,"turns":10}],"seed_played":"-43208009012397754","potions_obtained":[{"floor":4.0,"key":"Block Potion"},{"floor":7.0,"key":"Energy Potion"},{"floor":11.0,"key":"EssenceOfSteel"},{"floor":16,"key":"Ancient Potion"},{"floor":30,"key":"Fire Potion"}],"is_trial":false,"path_per_floor":["M","M","M","M","?","R","E","R","T","?","M","M","M","E","R","B",null,"M","?","?","M","M","R","M","R","T","R","?","R","E","$","R","B"],"character_chosen":"IRONCLAD","items_purchased":["Pen Nib","BloodPotion"],"campfire_rested":2,"item_purchase_floors":[31,31],"current_hp_per_floor":[74,75,75,73,73,73,57,57,57,57,59,51,48,28,50,7,58,42,42,75,67,59,59,46,46,46,46,46,46,52,52,74,0],"gold":36,"neow_bonus":"ONE_RARE_RELIC","is_prod":false,"is_daily":false,"chose_seed":false,"campfire_upgraded":6,"win_rate":0,"timestamp":1571078873,"path_taken":["M","M","M","M","?","R","E","R","T","?","M","M","M","E","R","BOSS","M","?","?","?","M","R","M","R","T","R","?","R","E","$","R","BOSS"],"build_version":"2019-10-11","purchased_purges":1,"victory":false,"max_hp_per_floor":[75,75,75,75,75,75,75,75,75,75,75,75,75,75,75,75,75,75,75,75,75,75,75,75,75,75,75,75,75,75,75,75,75],"card_choices":[{"not_picked":["Shrug It Off","True Grit"],"picked":"Battle Trance","floor":1.0},{"not_picked":["Warcry","Heavy Blade","Pummel"],"picked":"SKIP","floor":2.0},{"not_picked":["Anger","Flex"],"picked":"Headbutt","floor":3.0},{"not_picked":["Warcry","Cleave"],"picked":"Spot Weakness","floor":4.0},{"not_picked":["Perfected Strike","Twin Strike"],"picked":"Pummel","floor":7.0},{"not_picked":["True Grit","Pummel"],"picked":"Battle Trance","floor":11.0},{"not_picked":["Iron Wave","Warcry","Perfected Strike"],"picked":"SKIP","floor":12.0},{"not_picked":["Shrug It Off","Clash"],"picked":"Spot Weakness","floor":13.0},{"not_picked":["Exhume","Clash"],"picked":"Whirlwind","floor":14.0},{"not_picked":["Brutality","Dark Embrace"],"picked":"Fiend Fire","floor":16},{"not_picked":["Sword Boomerang","Entrench","Burning Pact"],"picked":"SKIP","floor":18},{"not_picked":["Thunderclap","Iron Wave"],"picked":"Shrug It Off+1","floor":21},{"not_picked":["Thunderclap","Twin Strike","Anger"],"picked":"SKIP","floor":22},{"not_picked":["Corruption","Reckless Charge","Pommel Strike"],"picked":"SKIP","floor":24},{"not_picked":["Thunderclap","Whirlwind","Exhume"],"picked":"SKIP","floor":30}],"player_experience":1560875,"relics_obtained":[{"floor":7.0,"key":"Ancient Tea Set"},{"floor":9.0,"key":"Ornamental Fan"},{"floor":14.0,"key":"Orichalcum"},{"floor":26,"key":"CeramicFish"},{"floor":30,"key":"Dodecahedron"}],"event_choices":[{"damage_healed":0.0,"max_hp_gain":0.0,"max_hp_loss":0.0,"gold_gain":0.0,"event_name":"The Cleric","player_choice":"Leave","floor":5.0,"gold_loss":0.0,"damage_taken":0.0},{"damage_healed":0.0,"max_hp_gain":0.0,"max_hp_loss":0.0,"gold_gain":0.0,"event_name":"Living Wall","player_choice":"Grow","floor":10.0,"gold_loss":0.0,"damage_taken":0.0,"cards_upgraded":["Battle Trance"]},{"damage_healed":0,"gold_gain":0,"player_choice":"Read","damage_taken":0,"max_hp_gain":0,"max_hp_loss":0,"event_name":"The Library","floor":19,"gold_loss":0,"cards_obtained":["Power Through"]},{"damage_healed":33,"gold_gain":0,"player_choice":"Full Heal","damage_taken":0,"max_hp_gain":0,"max_hp_loss":0,"event_name":"Wheel of Change","floor":20,"gold_loss":0},{"damage_healed":0,"gold_gain":0,"player_choice":"Ignored","damage_taken":0,"max_hp_gain":0,"max_hp_loss":0,"event_name":"The Mausoleum","floor":28,"gold_loss":0}],"is_beta":true,"boss_relics":[{"not_picked":["Calling Bell","Pandora\u0027s Box"],"picked":"Mark of Pain"}],"items_purged_floors":[31],"is_endless":false,"potions_floor_spawned":[4,7,11,12,16,30],"killed_by":"Automaton","ascension_level":20}