{"gold_per_floor":[113,131,131,131,56,56,90,110,136,150,189,189],"floor_reached":12,"playtime":885,"items_purged":["Strike_B"],"score":113,"play_id":"5f6ee9b9-d6a9-4830-a874-3d8b72326d8e","local_time":"20190621193406","is_ascension_mode":false,"campfire_choices":[{"data":"Hello World","floor":6,"key":"SMITH"}],"neow_cost":"NONE","seed_source_timestamp":784067191066290,"circlet_count":0,"master_deck":["Strike_B","Strike_B","Strike_B","Defend_B","Defend_B","Defend_B","Defend_B","Zap","Dualcast","Compile Driver","Hello World+1","Coolheaded","Sweeping Beam"],"relics":["Eternal Feather","Golden Idol","Strawberry","Centennial Puzzle","Bag of Marbles","Bronze Scales"],"potions_floor_usage":[11],"damage_taken":[{"damage":2,"enemies":"Small Slimes","floor":1,"turns":4},{"damage":8,"enemies":"2 Louse","floor":2,"turns":2},{"damage":4,"enemies":"3 Sentries","floor":7,"turns":12},{"damage":10,"enemies":"Jaw Worm","floor":8,"turns":4},{"damage":19,"enemies":"Exordium Wildlife","floor":10,"turns":7},{"damage":0,"enemies":"Lagavulin","floor":11,"turns":9},{"damage":9,"enemies":"Large Slime","floor":12,"turns":1}],"seed_played":"6687811278157733696","potions_obtained":[{"floor":10,"key":"FocusPotion"}],"is_trial":false,"path_per_floor":["M","M","?","?","$","R","E","M","T","M","E","M"],"character_chosen":"DEFECT","items_purchased":[],"campfire_rested":0,"item_purchase_floors":[],"current_hp_per_floor":[73,65,47,29,29,35,31,21,21,2,2,0],"gold":189,"neow_bonus":"BOSS_RELIC","is_prod":false,"is_daily":false,"chose_seed":false,"campfire_upgraded":1,"win_rate":0.0,"timestamp":1561170846,"path_taken":["M","M","?","?","$","R","E","M","T","M","E","M"],"build_version":"2019-01-23","purchased_purges":1,"victory":false,"max_hp_per_floor":[75,75,75,82,82,82,82,82,82,82,82,82],"card_choices":[{"not_picked":["Hologram","Redo"],"picked":"Compile Driver","floor":1},{"not_picked":["Ball Lightning","Melter"],"picked":"Hello World","floor":2},{"not_picked":["Reprogram","Beam Cell","Hologram"],"picked":"SKIP","floor":7},{"not_picked":["Force Field","Steam","All For One"],"picked":"SKIP","floor":8},{"not_picked":["Sweeping Beam","Chaos"],"picked":"Coolheaded","floor":10},{"not_picked":["Blizzard","Beam Cell"],"picked":"Sweeping Beam","floor":11}],"player_experience":39137,"relics_obtained":[{"floor":7,"key":"Centennial Puzzle"},{"floor":9,"key":"Bag of Marbles"},{"floor":11,"key":"Bronze Scales"}],"event_choices":[{"damage_healed":0,"gold_gain":0,"player_choice":"Take Damage","damage_taken":18,"relics_obtained":["Golden Idol"],"max_hp_gain":0,"max_hp_loss":0,"event_name":"Golden Idol","floor":3,"gold_loss":0},{"damage_healed":0,"gold_gain":0,"player_choice":"Success","damage_taken":25,"relics_obtained":["Strawberry"],"max_hp_gain":0,"max_hp_loss":0,"event_name":"Scrap Ooze","floor":4,"gold_loss":0}],"is_beta":false,"boss_relics":[],"items_purged_floors":[5],"is_endless":false,"potions_floor_spawned":[10],"killed_by":"Large Slime","ascension_level":0}