{"gold_per_floor":[111,126,141,141,151,178,178,201,224,286,299,67,67,97,97,170,170,181,181,200,43,61,61,87,97,122,122,122,122,135,168,168,168],"floor_reached":33,"playtime":1119,"items_purged":["Strike_R","Strike_R"],"score":570,"play_id":"1a3c15c9-cfb1-4255-add2-8591a10032db","local_time":"20191002113648","is_ascension_mode":true,"campfire_choices":[{"data":"Combust","floor":7,"key":"SMITH"},{"floor":13,"key":"REST"},{"data":"Armaments","floor":15,"key":"SMITH"},{"floor":23,"key":"REST"},{"data":"Berserk","floor":28,"key":"SMITH"},{"floor":32,"key":"REST"}],"neow_cost":"NONE","seed_source_timestamp":76764610180800,"circlet_count":0,"master_deck":["AscendersBane","Defend_R","Defend_R","Defend_R","Defend_R","Bash","Battle Trance+1","Combust+1","Evolve","Sword Boomerang","Reaper","Carnage","Armaments+1","Bludgeon","Disarm+1","Shockwave","Berserk+1","Double Tap+1","Iron Wave+1","Anger+1","True Grit+1","Shrug It Off","Seeing Red","Flame Barrier+1","RitualDagger","Brutality","Shrug It Off"],"relics":["Burning Blood","Vajra","Gremlin Horn","Odd Mushroom","Happy Flower","Tiny Chest","Centennial Puzzle","Astrolabe","Red Skull","Blood Vial","War Paint","PreservedInsect"],"potions_floor_usage":[6,10,10,16,33],"damage_taken":[{"damage":1,"enemies":"Cultist","floor":1,"turns":3},{"damage":12,"enemies":"Jaw Worm","floor":2,"turns":3},{"damage":7,"enemies":"Small Slimes","floor":3,"turns":3},{"damage":25,"enemies":"3 Louse","floor":5,"turns":4},{"damage":19,"enemies":"3 Sentries","floor":6,"turns":6},{"damage":27,"enemies":"The Mushroom Lair","floor":8,"turns":3},{"damage":20,"enemies":"Lagavulin","floor":10,"turns":4},{"damage":14,"enemies":"Lots of Slimes","floor":11,"turns":3},{"damage":14,"enemies":"Gremlin Nob","floor":14,"turns":3},{"damage":32,"enemies":"Slime Boss","floor":16,"turns":6},{"damage":5,"enemies":"Chosen","floor":18,"turns":3},{"damage":15,"enemies":"Shell Parasite","floor":20,"turns":4},{"damage":12,"enemies":"Cultist and Chosen","floor":22,"turns":5},{"damage":4,"enemies":"Chosen and Byrds","floor":25,"turns":5},{"damage":15,"enemies":"Shelled Parasite and Fungi","floor":30,"turns":6},{"damage":30,"enemies":"Book of Stabbing","floor":31,"turns":5},{"damage":53,"enemies":"Champ","floor":33,"turns":9}],"seed_played":"2865714740350414426","potions_obtained":[{"floor":1,"key":"FearPotion"},{"floor":3,"key":"Fire Potion"},{"floor":6,"key":"Energy Potion"},{"floor":8,"key":"SkillPotion"},{"floor":10,"key":"FearPotion"},{"floor":20,"key":"SpeedPotion"},{"floor":30,"key":"Fire Potion"}],"is_trial":false,"path_per_floor":["M","M","M","?","M","E","R","?","T","E","M","$","R","E","R","B",null,"M","?","M","$","M","R","T","M","T","?","R","?","M","E","R","B"],"character_chosen":"IRONCLAD","items_purchased":["Bludgeon","Disarm","Shrug It Off"],"campfire_rested":3,"item_purchase_floors":[12,12,21],"current_hp_per_floor":[73,67,66,66,47,34,34,28,28,21,25,25,47,46,46,20,61,62,41,32,32,26,50,50,57,57,51,51,51,49,27,51,0],"gold":168,"neow_bonus":"RANDOM_COMMON_RELIC","is_prod":false,"is_daily":false,"chose_seed":false,"campfire_upgraded":3,"win_rate":0,"timestamp":1570041408,"path_taken":["M","M","M","?","M","E","R","?","T","E","M","?","R","E","R","BOSS","M","?","M","$","M","R","?","M","T","?","R","?","M","E","R","BOSS"],"build_version":"2019-10-01","purchased_purges":2,"victory":false,"max_hp_per_floor":[75,75,75,75,75,75,75,75,75,75,75,75,75,75,75,75,75,75,80,80,80,80,80,80,80,80,80,80,80,80,80,80,80],"card_choices":[{"not_picked":["Twin Strike","Bloodletting"],"picked":"Battle Trance","floor":1},{"not_picked":["Blood for Blood","Dropkick"],"picked":"Combust","floor":2},{"not_picked":["Dual Wield","Heavy Blade"],"picked":"Evolve","floor":3},{"not_picked":["Corruption","Clothesline"],"picked":"Sword Boomerang","floor":5},{"not_picked":["Flex","Body Slam"],"picked":"Reaper","floor":6},{"not_picked":["Sentinel","Havoc"],"picked":"Carnage","floor":8},{"not_picked":["Warcry","Twin Strike","Anger"],"picked":"SKIP","floor":10},{"not_picked":["Thunderclap","Bloodletting"],"picked":"Armaments","floor":11},{"not_picked":["Burning Pact","Reaper"],"picked":"Shockwave","floor":14},{"not_picked":["Juggernaut","Exhume"],"picked":"Berserk","floor":16},{"not_picked":["Heavy Blade","Cleave"],"picked":"True Grit+1","floor":18},{"not_picked":["Entrench","Body Slam","Twin Strike"],"picked":"SKIP","floor":20},{"not_picked":["Pommel Strike","Havoc"],"picked":"Seeing Red","floor":22},{"not_picked":["Anger","Flex"],"picked":"Flame Barrier+1","floor":25},{"not_picked":["Shrug It Off","Twin Strike+1"],"picked":"Brutality","floor":30},{"not_picked":["Pommel Strike","Burning Pact"],"picked":"Shrug It Off","floor":31}],"player_experience":1191525,"relics_obtained":[{"floor":6,"key":"Gremlin Horn"},{"floor":8,"key":"Odd Mushroom"},{"floor":9,"key":"Happy Flower"},{"floor":10,"key":"Tiny Chest"},{"floor":14,"key":"Centennial Puzzle"},{"floor":24,"key":"Red Skull"},{"floor":26,"key":"Blood Vial"},{"floor":31,"key":"PreservedInsect"}],"event_choices":[{"damage_healed":0,"gold_gain":0,"player_choice":"Ignored","damage_taken":0,"max_hp_gain":0,"max_hp_loss":0,"event_name":"Liars Game","floor":4,"gold_loss":0},{"damage_healed":0,"gold_gain":0,"player_choice":"Fought Mushrooms","damage_taken":0,"max_hp_gain":0,"max_hp_loss":0,"event_name":"Mushrooms","floor":8,"gold_loss":0},{"damage_healed":0,"gold_gain":0,"player_choice":"Shed Blood","damage_taken":26,"max_hp_gain":5,"max_hp_loss":0,"event_name":"Forgotten Altar","floor":19,"gold_loss":0},{"damage_healed":0,"gold_gain":0,"player_choice":"Joined the Cult","damage_taken":6,"max_hp_gain":0,"max_hp_loss":0,"event_name":"Nest","floor":27,"gold_loss":0,"cards_obtained":["RitualDagger"]},{"damage_healed":0,"gold_gain":0,"player_choice":"Gave Potion","damage_taken":0,"relics_obtained":["War Paint"],"max_hp_gain":0,"max_hp_loss":0,"event_name":"WeMeetAgain","floor":29,"gold_loss":0}],"is_beta":true,"boss_relics":[{"not_picked":["SlaversCollar","Black Blood"],"picked":"Astrolabe"}],"items_purged_floors":[12,21],"is_endless":false,"potions_floor_spawned":[1,3,6,8,10,20,30],"killed_by":"Champ","ascension_level":20}