{"gold_per_floor":[110,24,24,74,87,127,150,75,75,95,95,113,113,137,137,230,230,251,251,251,285,355,355,355],"floor_reached":24,"playtime":1303,"items_purged":["Strike_R"],"score":438,"play_id":"037a85c3-4551-4a2f-8ba0-b2cc254653c6","local_time":"20191019033404","is_ascension_mode":true,"campfire_choices":[{"floor":11.0,"key":"DIG"},{"floor":13.0,"key":"DIG"},{"data":"Uppercut","floor":15.0,"key":"SMITH"},{"floor":23,"key":"REST"}],"neow_cost":"NONE","seed_source_timestamp":178319025895200,"circlet_count":0,"master_deck":["AscendersBane","Strike_R","Strike_R","Strike_R","Strike_R","Defend_R","Defend_R","Defend_R","Defend_R","Bash","Flame Barrier","Uppercut+1","Shrug It Off","Battle Trance","Seeing Red","Demon Form","Heavy Blade","Entrench"],"special_seed":0,"relics":["Burning Blood","NeowsBlessing","Golden Idol","Shovel","Question Card","Gambling Chip","Pear","Busted Crown","Red Mask","Pantograph"],"potions_floor_usage":[21,24],"damage_taken":[{"damage":0.0,"enemies":"2 Louse","floor":1.0,"turns":1.0},{"damage":0.0,"enemies":"Small Slimes","floor":5.0,"turns":1.0},{"damage":0.0,"enemies":"3 Sentries","floor":6.0,"turns":2.0},{"damage":2.0,"enemies":"Cultist","floor":7.0,"turns":4.0},{"damage":2.0,"enemies":"2 Fungi Beasts","floor":10.0,"turns":4.0},{"damage":3.0,"enemies":"Large Slime","floor":12.0,"turns":4.0},{"damage":1.0,"enemies":"Looter","floor":14.0,"turns":5.0},{"damage":65.0,"enemies":"The Guardian","floor":16.0,"turns":23.0},{"damage":17.0,"enemies":"Shell Parasite","floor":18.0,"turns":7.0},{"damage":51,"enemies":"Masked Bandits","floor":21,"turns":5},{"damage":56,"enemies":"Book of Stabbing","floor":24,"turns":6}],"seed_played":"9136722989970724198","potions_obtained":[{"floor":5.0,"key":"AttackPotion"},{"floor":6.0,"key":"Explosive Potion"},{"floor":12.0,"key":"Regen Potion"},{"floor":16.0,"key":"LiquidBronze"},{"floor":21,"key":"Dexterity Potion"}],"is_trial":false,"path_per_floor":["M","$","?","?","M","E","M","$","T","M","R","M","R","M","R","B",null,"M","?","?","?","T","R","E"],"character_chosen":"IRONCLAD","items_purchased":["Uppercut"],"campfire_rested":1,"item_purchase_floors":[2],"current_hp_per_floor":[74,74,48,41,47,53,57,57,57,61,61,64,74,79,79,20,69,72,72,72,27,27,52,0],"gold":355,"neow_bonus":"THREE_ENEMY_KILL","is_prod":false,"is_daily":false,"chose_seed":false,"campfire_upgraded":1,"win_rate":0,"timestamp":1571470444,"path_taken":["M","$","?","?","M","E","M","$","T","M","R","?","R","M","R","BOSS","M","?","?","?","?","R","E"],"build_version":"2019-07-17","purchased_purges":1,"victory":false,"max_hp_per_floor":[75,75,75,75,75,75,75,75,75,75,75,75,85,85,85,85,85,85,85,85,85,85,85,85],"card_choices":[{"not_picked":["Body Slam","True Grit"],"picked":"Flame Barrier","floor":1.0},{"not_picked":["Clash","Cleave","Pummel"],"picked":"SKIP","floor":5.0},{"not_picked":["Thunderclap","Perfected Strike","Sentinel"],"picked":"SKIP","floor":6.0},{"not_picked":["Fire Breathing","Wild Strike"],"picked":"Shrug It Off","floor":7.0},{"not_picked":["Armaments","Power Through","Wild Strike"],"picked":"Battle Trance","floor":10.0},{"not_picked":["Twin Strike","Havoc","Perfected Strike"],"picked":"Seeing Red","floor":12.0},{"not_picked":["Warcry","Sword Boomerang","Hemokinesis","Cleave"],"picked":"SKIP","floor":14.0},{"not_picked":["Brutality","Immolate","Bludgeon"],"picked":"Demon Form","floor":16.0},{"not_picked":["Thunderclap"],"picked":"Heavy Blade","floor":18.0}],"player_experience":864998,"relics_obtained":[{"floor":6.0,"key":"Shovel"},{"floor":9.0,"key":"Question Card"},{"floor":11.0,"key":"Gambling Chip"},{"floor":13.0,"key":"Pear"},{"floor":21,"key":"Red Mask"},{"floor":22,"key":"Pantograph"}],"event_choices":[{"damage_healed":0.0,"max_hp_gain":0.0,"max_hp_loss":0.0,"gold_gain":0.0,"event_name":"Golden Idol","player_choice":"Take Damage","floor":3.0,"gold_loss":0.0,"damage_taken":26.0,"relics_obtained":["Golden Idol"]},{"damage_healed":0.0,"max_hp_gain":0.0,"max_hp_loss":0.0,"gold_gain":50.0,"event_name":"FaceTrader","player_choice":"Touch","floor":4.0,"gold_loss":0.0,"damage_taken":7.0},{"damage_healed":0.0,"max_hp_gain":0.0,"max_hp_loss":0.0,"gold_gain":0.0,"event_name":"The Library","player_choice":"Read","floor":19.0,"gold_loss":0.0,"damage_taken":0.0,"cards_obtained":["Entrench"]},{"damage_healed":0.0,"max_hp_gain":0.0,"max_hp_loss":0.0,"gold_gain":0.0,"event_name":"Ghosts","player_choice":"Ignored","floor":20.0,"gold_loss":0.0,"damage_taken":0.0},{"damage_healed":0,"gold_gain":0,"player_choice":"Fought Bandits","damage_taken":0,"max_hp_gain":0,"max_hp_loss":0,"event_name":"Masked Bandits","floor":21,"gold_loss":0}],"is_beta":false,"boss_relics":[{"not_picked":["Empty Cage","Eternal Feather"],"picked":"Busted Crown"}],"items_purged_floors":[8],"is_endless":false,"potions_floor_spawned":[5,6,12,16,21],"killed_by":"Book of Stabbing","ascension_level":20}