{"gold_per_floor":[19,30,50,50,60,86,86,97,121,121],"floor_reached":10,"playtime":308,"items_purged":[],"score":140,"play_id":"4027baa0-8b73-4cc6-a0d8-1c4f85a8397c","local_time":"20191018132738","is_ascension_mode":true,"campfire_choices":[{"data":"Rupture","floor":7,"key":"SMITH"}],"neow_cost":"NO_GOLD","seed_source_timestamp":320228691168200,"circlet_count":0,"master_deck":["AscendersBane","Strike_R","Strike_R","Strike_R","Defend_R","Defend_R","Defend_R","Defend_R","Bash+1","Demon Form","Brutality","Combust","Wild Strike","True Grit","Rupture+1"],"relics":["Burning Blood","Gambling Chip","Omamori"],"potions_floor_usage":[6,6,8,10],"damage_taken":[{"damage":5,"enemies":"Cultist","floor":1,"turns":4},{"damage":10,"enemies":"2 Louse","floor":2,"turns":3},{"damage":13,"enemies":"Jaw Worm","floor":3,"turns":5},{"damage":17,"enemies":"Looter","floor":5,"turns":4},{"damage":23,"enemies":"Gremlin Nob","floor":6,"turns":4},{"damage":13,"enemies":"Blue Slaver","floor":8,"turns":4},{"damage":40,"enemies":"Lagavulin Event","floor":10,"turns":3}],"seed_played":"4133367290012041840","potions_obtained":[{"floor":2,"key":"Swift Potion"},{"floor":5,"key":"Block Potion"},{"floor":6,"key":"PowerPotion"},{"floor":8,"key":"Fruit Juice"}],"is_trial":false,"path_per_floor":["M","M","M","?","M","E","R","M","T","?"],"character_chosen":"IRONCLAD","items_purchased":[],"campfire_rested":0,"item_purchase_floors":[],"current_hp_per_floor":[69,65,58,58,47,30,30,28,28,0],"gold":121,"neow_bonus":"TRANSFORM_TWO_CARDS","is_prod":false,"is_daily":false,"chose_seed":false,"campfire_upgraded":1,"win_rate":0,"timestamp":1571430458,"path_taken":["M","M","M","?","M","E","R","M","T","?"],"build_version":"2019-10-17","purchased_purges":0,"victory":false,"max_hp_per_floor":[75,75,75,75,75,75,75,80,80,80],"card_choices":[{"not_picked":["Flex","Rupture","Body Slam"],"picked":"SKIP","floor":1},{"not_picked":["Thunderclap","Blood for Blood"],"picked":"Combust","floor":2},{"not_picked":["Clash","Sever Soul"],"picked":"Wild Strike","floor":3},{"not_picked":["Burning Pact","Twin Strike"],"picked":"True Grit","floor":5},{"not_picked":["Heavy Blade","Infernal Blade"],"picked":"Rupture","floor":6},{"not_picked":["Rampage","Intimidate","Demon Form"],"picked":"SKIP","floor":8}],"player_experience":1635300,"relics_obtained":[{"floor":6,"key":"Gambling Chip"},{"floor":9,"key":"Omamori"}],"event_choices":[{"damage_healed":0,"gold_gain":0,"player_choice":"Grow","damage_taken":0,"max_hp_gain":0,"max_hp_loss":0,"event_name":"Living Wall","floor":4,"gold_loss":0,"cards_upgraded":["Bash"]},{"damage_healed":0,"gold_gain":0,"player_choice":"Searched \u00271\u0027 times","damage_taken":0,"max_hp_gain":0,"max_hp_loss":0,"event_name":"Dead Adventurer","floor":10,"gold_loss":0}],"is_beta":true,"boss_relics":[],"items_purged_floors":[],"is_endless":false,"potions_floor_spawned":[2,5,6,8],"killed_by":"Lagavulin Event","ascension_level":20}