{"gold_per_floor":[117,130,130,150,229,304,1,1,1,1,12,22,79,98,98,200,200,219,129,51,67,77,105,105,125,125,142,152,152,152,152,152,251,251,267,367,382,432,432,432,5,5,5,21,47,65,65,78,78,78,78,78,30,60,60],"floor_reached":55,"playtime":3662,"items_purged":["Strike_B"],"score":859,"play_id":"01e7eb16-bf31-4661-a0b6-9b317145aacc","local_time":"20191015192523","is_ascension_mode":false,"campfire_choices":[{"data":"Apotheosis","floor":10,"key":"SMITH"},{"data":"Hologram","floor":15,"key":"SMITH"},{"data":"Buffer","floor":24,"key":"SMITH"},{"data":"Hologram","floor":29,"key":"SMITH"},{"data":"Reprogram","floor":32,"key":"SMITH"},{"data":"Hologram","floor":40,"key":"SMITH"},{"data":"Impatience","floor":42,"key":"SMITH"},{"floor":49,"key":"RECALL"},{"data":"Fission","floor":52,"key":"SMITH"}],"neow_cost":"NONE","seed_source_timestamp":2574247202660274,"circlet_count":0,"master_deck":["Strike_B+1","Strike_B+1","Defend_B","Defend_B","Defend_B+1","Defend_B","Zap","Dualcast","Hologram+1","Go for the Eyes","Loop","Darkness+1","Apotheosis+1","Conserve Battery","Go for the Eyes","Gash","Chill","Buffer+1","Redo","Loop","Steam","Gash","Go for the Eyes+1","Hologram+1","Writhe","Core Surge","Gash","Reprogram+1","Amplify","Double Energy+1","Gash+1","Hologram+1","Loop","Turbo+1","Impatience+1","Writhe","Reboot","Fission+1","Self Repair+1","Injury","Loop+1","Gash"],"relics":["Philosopher\u0027s Stone","Meat on the Bone","Letter Opener","Mercury Hourglass","Cursed Key","Eternal Feather","Turnip","Nuclear Battery","Unceasing Top","Du-Vu Doll","War Paint","Frozen Egg 2","Blue Candle","Orichalcum"],"potions_floor_usage":[1,14,23,27,33,33,38,38,46,50],"damage_taken":[{"damage":3,"enemies":"Jaw Worm","floor":1,"turns":4},{"damage":0,"enemies":"Small Slimes","floor":2,"turns":3},{"damage":0,"enemies":"2 Louse","floor":4,"turns":3},{"damage":12,"enemies":"Exordium Thugs","floor":11,"turns":5},{"damage":0,"enemies":"Large Slime","floor":12,"turns":3},{"damage":14,"enemies":"Lagavulin Event","floor":13,"turns":6},{"damage":6,"enemies":"2 Fungi Beasts","floor":14,"turns":2},{"damage":30,"enemies":"Hexaghost","floor":16,"turns":8},{"damage":13,"enemies":"3 Byrds","floor":18,"turns":4},{"damage":13,"enemies":"Spheric Guardian","floor":21,"turns":4},{"damage":28,"enemies":"Chosen and Byrds","floor":22,"turns":6},{"damage":21,"enemies":"Book of Stabbing","floor":23,"turns":7},{"damage":17,"enemies":"Snake Plant","floor":25,"turns":7},{"damage":3,"enemies":"Snecko","floor":27,"turns":8},{"damage":5,"enemies":"Centurion and Healer","floor":28,"turns":8},{"damage":23,"enemies":"Automaton","floor":33,"turns":9},{"damage":19,"enemies":"3 Darklings","floor":35,"turns":7},{"damage":18,"enemies":"Mind Bloom Boss Battle","floor":36,"turns":7},{"damage":11,"enemies":"3 Shapes","floor":37,"turns":5},{"damage":15,"enemies":"2 Orb Walkers","floor":38,"turns":3},{"damage":0,"enemies":"Maw","floor":44,"turns":6},{"damage":0,"enemies":"Giant Head","floor":45,"turns":6},{"damage":19,"enemies":"Transient","floor":46,"turns":5},{"damage":2,"enemies":"Jaw Worm Horde","floor":48,"turns":1},{"damage":2,"enemies":"Donu and Deca","floor":50,"turns":5},{"damage":34,"enemies":"Shield and Spear","floor":54,"turns":3},{"damage":67,"enemies":"The Heart","floor":55,"turns":5}],"seed_played":"1406394415324032698","potions_obtained":[{"floor":1,"key":"EntropicBrew"},{"floor":11,"key":"Energy Potion"},{"floor":12,"key":"Energy Potion"},{"floor":14,"key":"Fruit Juice"},{"floor":21,"key":"DuplicationPotion"},{"floor":25,"key":"Dexterity Potion"},{"floor":27,"key":"Dexterity Potion"},{"floor":35,"key":"Energy Potion"},{"floor":36,"key":"SneckoOil"},{"floor":37,"key":"Strength Potion"},{"floor":48,"key":"Strength Potion"}],"is_trial":false,"path_per_floor":["M","M","?","M","T","?","$","?","T","R","M","M","?","M","R","B",null,"M","?","$","M","M","E","R","M","T","M","M","R","?","?","R","B",null,"M","?","M","?","?","R","$","R","T","M","E","M","T","M","R","B",null,"R","$","E","B"],"character_chosen":"DEFECT","items_purchased":["Loop","Darkness","Apotheosis","Loop","Loop","Turbo","Impatience","War Paint","Gash"],"campfire_rested":0,"item_purchase_floors":[7,7,7,20,41,41,41,41,53],"current_hp_per_floor":[72,72,57,57,57,46,46,75,75,75,63,63,49,48,48,30,80,67,67,67,54,38,29,41,36,36,45,52,67,67,52,67,44,85,66,48,49,46,46,64,64,81,81,81,81,62,62,60,81,81,81,81,81,67,0],"gold":60,"neow_bonus":"BOSS_RELIC","is_prod":false,"is_daily":false,"chose_seed":false,"campfire_upgraded":8,"win_rate":0,"timestamp":1571163923,"path_taken":["M","M","?","M","?","?","$","?","T","R","M","?","?","M","R","BOSS","M","?","?","M","M","E","R","M","T","M","M","R","?","?","R","BOSS","M","?","M","?","?","R","$","R","T","M","E","M","?","M","R","BOSS","R","$","E","BOSS"],"build_version":"2019-09-09v2","purchased_purges":1,"victory":false,"max_hp_per_floor":[75,75,75,75,75,75,75,75,75,75,75,75,75,80,80,80,80,80,80,80,80,80,80,80,80,80,80,80,80,80,85,85,85,85,85,85,85,85,81,81,81,81,81,81,81,81,81,81,81,81,81,81,81,81,81],"card_choices":[{"not_picked":["Rebound","Undo"],"picked":"Heatsinks","floor":1},{"not_picked":["Aggregate","Hello World"],"picked":"Hologram","floor":2},{"not_picked":["Redo","Coolheaded"],"picked":"Go for the Eyes","floor":4},{"not_picked":["BootSequence","Consume"],"picked":"Conserve Battery","floor":11},{"not_picked":["Stack","Sweeping Beam"],"picked":"Go for the Eyes","floor":12},{"not_picked":["Reprogram","Lockon"],"picked":"Gash","floor":13},{"not_picked":["Core Surge","Melter"],"picked":"Chill","floor":14},{"not_picked":["Multi-Cast","Creative AI"],"picked":"Buffer","floor":16},{"not_picked":["Conserve Battery","Stack+1"],"picked":"Redo","floor":18},{"not_picked":["Ball Lightning","Beam Cell+1"],"picked":"Steam","floor":21},{"not_picked":["Reinforced Body","Redo"],"picked":"Gash","floor":22},{"not_picked":["Barrage","Leap"],"picked":"Go for the Eyes+1","floor":23},{"not_picked":["Ball Lightning","Redo"],"picked":"Hologram","floor":25},{"not_picked":["Double Energy","Recycle"],"picked":"Core Surge","floor":27},{"not_picked":["Hologram","Beam Cell+1"],"picked":"Gash","floor":28},{"not_picked":["Core Surge","Electrodynamics"],"picked":"Amplify","floor":33},{"not_picked":["Turbo","Cold Snap+1"],"picked":"Double Energy+1","floor":35},{"not_picked":["Barrage+1","Redo+1"],"picked":"Gash+1","floor":36},{"not_picked":["Glacier","Aggregate"],"picked":"Hologram","floor":37},{"not_picked":["Chaos","Go for the Eyes"],"picked":"Reboot","floor":44},{"not_picked":["Stack","Static Discharge+1"],"picked":"Fission","floor":45},{"not_picked":["Darkness","Static Discharge+1"],"picked":"Self Repair+1","floor":46},{"not_picked":["Streamline+1","Redo"],"picked":"Loop+1","floor":48},{"not_picked":["Streamline","Ball Lightning+1","Leap+1"],"picked":"SKIP","floor":54}],"player_experience":221227,"relics_obtained":[{"floor":5,"key":"Meat on the Bone"},{"floor":9,"key":"Letter Opener"},{"floor":13,"key":"Mercury Hourglass"},{"floor":23,"key":"Eternal Feather"},{"floor":26,"key":"Turnip"},{"floor":36,"key":"Unceasing Top"},{"floor":38,"key":"Du-Vu Doll"},{"floor":45,"key":"Frozen Egg 2"},{"floor":47,"key":"Blue Candle"},{"floor":54,"key":"Orichalcum"}],"event_choices":[{"damage_healed":0,"gold_gain":0,"player_choice":"Entered Light","damage_taken":15,"max_hp_gain":0,"max_hp_loss":0,"event_name":"Shining Light","floor":3,"gold_loss":0,"cards_upgraded":["Strike_B","Strike_B"]},{"damage_healed":0,"gold_gain":75,"player_choice":"Gather Gold","damage_taken":11,"max_hp_gain":0,"max_hp_loss":0,"event_name":"World of Goop","floor":6,"gold_loss":0},{"cards_removed":["Heatsinks"],"damage_healed":29,"gold_gain":0,"player_choice":"Offered Uncommon","damage_taken":0,"max_hp_gain":0,"max_hp_loss":0,"event_name":"Bonfire Elementals","floor":8,"gold_loss":0},{"damage_healed":0,"gold_gain":0,"player_choice":"Searched \u00272\u0027 times","damage_taken":0,"max_hp_gain":0,"max_hp_loss":0,"event_name":"Dead Adventurer","floor":13,"gold_loss":0},{"cards_removed":["Strike_B"],"damage_healed":0,"gold_gain":0,"player_choice":"Upgrade and Remove","damage_taken":0,"max_hp_gain":0,"max_hp_loss":0,"event_name":"Designer","floor":19,"gold_loss":90,"cards_upgraded":["Darkness"]},{"damage_healed":0,"gold_gain":0,"player_choice":"Read","damage_taken":0,"max_hp_gain":0,"max_hp_loss":0,"event_name":"The Library","floor":30,"gold_loss":0,"cards_obtained":["Reprogram"]},{"damage_healed":0,"gold_gain":0,"player_choice":"Shed Blood","damage_taken":20,"max_hp_gain":5,"max_hp_loss":0,"event_name":"Forgotten Altar","floor":31,"gold_loss":0},{"damage_healed":0,"gold_gain":0,"player_choice":"Fight","damage_taken":0,"max_hp_gain":0,"max_hp_loss":0,"event_name":"MindBloom","floor":36,"gold_loss":0},{"damage_healed":0,"gold_gain":0,"player_choice":"Fight","damage_taken":0,"max_hp_gain":0,"max_hp_loss":0,"event_name":"Mysterious Sphere","floor":38,"gold_loss":0},{"damage_healed":0,"gold_gain":0,"player_choice":"Max HP","damage_taken":0,"max_hp_gain":0,"max_hp_loss":4,"event_name":"Winding Halls","floor":39,"gold_loss":0}],"is_beta":true,"boss_relics":[{"not_picked":["Coffee Dripper","Snecko Eye"],"picked":"Cursed Key"},{"not_picked":["Runic Pyramid","SlaversCollar"],"picked":"Nuclear Battery"}],"items_purged_floors":[41],"is_endless":false,"potions_floor_spawned":[1,11,12,14,21,25,27,35,36,37,48],"killed_by":"The Heart","ascension_level":0}