{"gold_per_floor":[110,110,110,133,151,184,184,200,200,87,130,130,148,52,52,147,147,171,171,171,187,50,50,63,33,33,51,51,82,82,101,101,195,195,208,208,208,231,19,62,62,82,82,96,96,43,58,83,83,83,83,83,32,32],"floor_reached":54,"playtime":3310,"items_purged":[],"score":1404,"play_id":"f40563a0-d55f-4d98-84d2-50a145b1168c","local_time":"20190807190419","is_ascension_mode":true,"campfire_choices":[{"data":"Noxious Fumes","floor":12.0,"key":"SMITH"},{"data":"Footwork","floor":15.0,"key":"SMITH"},{"data":"Noxious Fumes","floor":23.0,"key":"SMITH"},{"data":"A Thousand Cuts","floor":28.0,"key":"SMITH"},{"data":"Leg Sweep","floor":32.0,"key":"SMITH"},{"data":"Footwork","floor":41.0,"key":"SMITH"},{"floor":49.0,"key":"RECALL"},{"data":"Dodge and Roll","floor":52.0,"key":"SMITH"}],"neow_cost":"NONE","seed_source_timestamp":0,"circlet_count":0,"master_deck":["AscendersBane","Strike_G","Strike_G","Defend_G","Defend_G","Defend_G","Defend_G","Defend_G","Survivor","Neutralize","Noxious Fumes+1","PiercingWail","Footwork+1","Deflect","Escape Plan","Leg Sweep+1","A Thousand Cuts+1","Backflip+1","Dash","Noxious Fumes+1","Dodge and Roll","PiercingWail","Dodge and Roll+1","Backflip","Footwork+1","Corpse Explosion","Riddle With Holes+1","Escape Plan+1","Distraction+1","Footwork+1","Acrobatics+1","Blur","Deadly Poison"],"special_seed":0,"relics":["Ring of the Snake","NeowsBlessing","Golden Idol","Oddly Smooth Stone","PreservedInsect","Pantograph","Happy Flower","Coffee Dripper","Mummified Hand","Astrolabe","FaceOfCleric","Art of War","Bottled Lightning","Question Card"],"potions_floor_usage":[],"damage_taken":[{"damage":0.0,"enemies":"Jaw Worm","floor":1.0,"turns":1.0},{"damage":0.0,"enemies":"2 Louse","floor":5.0,"turns":1.0},{"damage":0.0,"enemies":"Gremlin Nob","floor":6.0,"turns":1.0},{"damage":2.0,"enemies":"Cultist","floor":8.0,"turns":4.0},{"damage":20.0,"enemies":"3 Sentries","floor":11.0,"turns":8.0},{"damage":10.0,"enemies":"Lots of Slimes","floor":13.0,"turns":6.0},{"damage":2.0,"enemies":"The Guardian","floor":16.0,"turns":12.0},{"damage":23.0,"enemies":"Chosen","floor":18.0,"turns":9.0},{"damage":0.0,"enemies":"3 Byrds","floor":21.0,"turns":7.0},{"damage":1.0,"enemies":"Snake Plant","floor":24.0,"turns":5.0},{"damage":4.0,"enemies":"Centurion and Healer","floor":27.0,"turns":7.0},{"damage":20.0,"enemies":"Slavers","floor":29.0,"turns":6.0},{"damage":0.0,"enemies":"Snecko","floor":31.0,"turns":8.0},{"damage":21.0,"enemies":"Collector","floor":33.0,"turns":11.0},{"damage":0.0,"enemies":"3 Darklings","floor":35.0,"turns":4.0},{"damage":5.0,"enemies":"3 Shapes","floor":38.0,"turns":5.0},{"damage":30.0,"enemies":"Giant Head","floor":40.0,"turns":9.0},{"damage":21.0,"enemies":"Jaw Worm Horde","floor":42.0,"turns":4.0},{"damage":0.0,"enemies":"3 Darklings","floor":44.0,"turns":4.0},{"damage":31.0,"enemies":"4 Shapes","floor":47.0,"turns":6.0},{"damage":4.0,"enemies":"Transient","floor":48.0,"turns":6.0},{"damage":20.0,"enemies":"Donu and Deca","floor":50.0,"turns":11.0},{"damage":65,"enemies":"Shield and Spear","floor":54,"turns":5}],"seed_played":"1265473341435791568","potions_obtained":[{"floor":5.0,"key":"PowerPotion"},{"floor":8.0,"key":"Regen Potion"},{"floor":13.0,"key":"Poison Potion"},{"floor":18.0,"key":"GamblersBrew"},{"floor":24.0,"key":"Dexterity Potion"},{"floor":29.0,"key":"Weak Potion"},{"floor":35.0,"key":"Swift Potion"},{"floor":42.0,"key":"FearPotion"},{"floor":47.0,"key":"Explosive Potion"}],"is_trial":false,"path_per_floor":["M","?","?","T","M","E","$","M","T","$","E","R","M","$","R","B",null,"M","$","?","M","$","R","M","$","T","M","R","E","?","M","R","B",null,"M","$","?","M","$","E","R","M","T","M","?","$","M","M","R","B",null,"R","$","E"],"character_chosen":"THE_SILENT","items_purchased":["Footwork","Deflect","Leg Sweep","SkillPotion","Noxious Fumes","Dodge and Roll","Dodge and Roll","Art of War","Footwork","Dexterity Potion","Deadly Poison"],"campfire_rested":0,"item_purchase_floors":[10,10,14,14,22,22,25,39,39,46,53],"current_hp_per_floor":[59,64,40,40,40,40,40,38,38,38,33,33,23,23,23,46,65,42,42,42,42,42,42,41,41,41,37,37,17,17,17,17,21,59,59,59,59,55,55,26,26,6,6,7,61,61,31,28,28,34,57,57,57,0],"gold":32,"neow_bonus":"THREE_ENEMY_KILL","is_prod":false,"is_daily":false,"chose_seed":false,"campfire_upgraded":7,"win_rate":0,"timestamp":1565229859,"path_taken":["M","?","?","?","?","E","$","M","T","$","E","R","M","$","R","BOSS","M","?","?","M","$","R","M","?","T","M","R","E","?","?","R","BOSS","M","$","?","?","$","E","R","M","T","M","?","$","M","M","R","BOSS","R","$","E"],"build_version":"2019-07-17","purchased_purges":0,"victory":false,"max_hp_per_floor":[66,71,71,71,71,71,71,71,71,71,71,71,71,71,71,71,71,71,71,71,71,71,71,71,71,71,71,71,71,71,71,71,71,71,71,71,71,72,72,73,73,74,74,75,61,61,62,63,63,64,64,64,64,64],"card_choices":[{"not_picked":["Deflect","Leg Sweep"],"picked":"Noxious Fumes","floor":1.0},{"not_picked":["Flying Knee","Dagger Spray","Tactician"],"picked":"SKIP","floor":5.0},{"not_picked":["Flying Knee","Dagger Spray","Tactician"],"picked":"SKIP","floor":5.0},{"not_picked":["Prepared","Quick Slash"],"picked":"PiercingWail","floor":6.0},{"not_picked":["Outmaneuver","Infinite Blades","Choke"],"picked":"SKIP","floor":8.0},{"not_picked":["All Out Attack","Calculated Gamble","Cloak And Dagger"],"picked":"SKIP","floor":11.0},{"not_picked":["Backstab","Prepared"],"picked":"Escape Plan","floor":13.0},{"not_picked":["Envenom","Night Terror"],"picked":"A Thousand Cuts","floor":16.0},{"not_picked":["PiercingWail","Blade Dance"],"picked":"Backflip+1","floor":18.0},{"not_picked":["Skewer","Well Laid Plans"],"picked":"Dash","floor":21.0},{"not_picked":["Infinite Blades","Quick Slash"],"picked":"PiercingWail","floor":24.0},{"not_picked":["All Out Attack","Terror"],"picked":"Backflip","floor":27.0},{"not_picked":["Reflex+1","Dagger Throw","Poisoned Stab"],"picked":"SKIP","floor":29.0},{"not_picked":["Setup","Cloak And Dagger","Backstab"],"picked":"SKIP","floor":31.0},{"not_picked":["After Image","Burst"],"picked":"Corpse Explosion","floor":33.0},{"not_picked":["Cloak And Dagger","Quick Slash","Outmaneuver"],"picked":"SKIP","floor":35.0},{"not_picked":["Blade Dance","Endless Agony","Noxious Fumes"],"picked":"SKIP","floor":38.0},{"not_picked":["Setup","After Image","Flying Knee"],"picked":"SKIP","floor":40.0},{"not_picked":["Setup","Heel Hook","Dagger Throw"],"picked":"SKIP","floor":42.0},{"not_picked":["Blade Dance","Tactician","Accuracy","Crippling Poison"],"picked":"SKIP","floor":44.0},{"not_picked":["Prepared+1","Heel Hook","Flying Knee"],"picked":"Acrobatics+1","floor":47.0},{"not_picked":["Night Terror","Blade Dance","Footwork+1"],"picked":"Blur","floor":48.0}],"player_experience":185493,"relics_obtained":[{"floor":4.0,"key":"Oddly Smooth Stone"},{"floor":6.0,"key":"PreservedInsect"},{"floor":9.0,"key":"Pantograph"},{"floor":11.0,"key":"Happy Flower"},{"floor":29.0,"key":"Mummified Hand"},{"floor":40.0,"key":"Bottled Lightning"},{"floor":43.0,"key":"Question Card"}],"event_choices":[{"damage_healed":0.0,"max_hp_gain":5.0,"max_hp_loss":0.0,"gold_gain":0.0,"event_name":"Big Fish","player_choice":"Donut","floor":2.0,"gold_loss":0.0,"damage_taken":0.0},{"damage_healed":0.0,"max_hp_gain":0.0,"max_hp_loss":0.0,"gold_gain":0.0,"event_name":"Golden Idol","player_choice":"Take Damage","floor":3.0,"gold_loss":0.0,"damage_taken":24.0,"relics_obtained":["Golden Idol"]},{"damage_healed":0.0,"max_hp_gain":0.0,"max_hp_loss":0.0,"gold_gain":0.0,"event_name":"Cursed Tome","player_choice":"Ignored","floor":20.0,"gold_loss":0.0,"damage_taken":0.0},{"damage_healed":0.0,"max_hp_gain":0.0,"max_hp_loss":0.0,"gold_gain":0.0,"event_name":"Duplicator","player_choice":"Copied","floor":30.0,"gold_loss":0.0,"damage_taken":0.0,"cards_obtained":["Footwork"]},{"damage_healed":0.0,"max_hp_gain":0.0,"max_hp_loss":0.0,"gold_gain":0.0,"event_name":"FaceTrader","player_choice":"Trade","floor":37.0,"gold_loss":0.0,"damage_taken":0.0,"relics_obtained":["FaceOfCleric"]},{"damage_healed":61.0,"max_hp_gain":0.0,"max_hp_loss":14.0,"gold_gain":0.0,"event_name":"The Moai Head","player_choice":"Heal","floor":45.0,"gold_loss":0.0,"damage_taken":0.0}],"is_beta":false,"boss_relics":[{"not_picked":["Orrery","HoveringKite"],"picked":"Coffee Dripper"},{"not_picked":["Pandora\u0027s Box","Calling Bell"],"picked":"Astrolabe"}],"items_purged_floors":[],"is_endless":false,"potions_floor_spawned":[5,8,13,18,24,29,35,42,47],"killed_by":"Shield and Spear","ascension_level":19}