{"gold_per_floor":[212,222,69,79,79,79,79,119,144,178,103,103,278,292,292,292],"floor_reached":16,"playtime":1328,"items_purged":["Strike_B"],"score":98,"play_id":"73420836-c303-41f1-a841-eb29dfa0a774","local_time":"20190911182102","is_ascension_mode":false,"campfire_choices":[{"data":"Static Discharge","floor":6,"key":"SMITH"},{"data":"Barrage","floor":12,"key":"SMITH"},{"data":"Defragment","floor":15,"key":"SMITH"}],"neow_cost":"NONE","seed_source_timestamp":57859700388200,"circlet_count":0,"master_deck":["Strike_B","Strike_B","Strike_B","Defend_B","Defend_B","Defend_B","Defend_B","Zap","Dualcast","Melter","Self Repair","Static Discharge+1","Rebound","Beam Cell","Go for the Eyes","Barrage+1","Self Repair","Doubt","Defragment+1"],"relics":["Cracked Core","Golden Idol","Oddly Smooth Stone","Ginger","Lantern","Odd Mushroom"],"potions_floor_usage":[16],"damage_taken":[{"damage":0,"enemies":"Small Slimes","floor":1,"turns":3},{"damage":1,"enemies":"Jaw Worm","floor":2,"turns":3},{"damage":0,"enemies":"2 Louse","floor":4,"turns":2},{"damage":21,"enemies":"Lagavulin","floor":8,"turns":5},{"damage":10,"enemies":"The Mushroom Lair","floor":10,"turns":4},{"damage":1,"enemies":"Looter","floor":14,"turns":3},{"damage":49,"enemies":"Slime Boss","floor":16,"turns":11}],"seed_played":"-4225234314308386743","potions_obtained":[{"floor":1,"key":"LiquidBronze"},{"floor":4,"key":"Block Potion"}],"is_trial":false,"path_per_floor":["M","M","$","M","?","R","?","E","T","?","$","R","?","M","R","B"],"character_chosen":"DEFECT","items_purchased":["Static Discharge","Rebound","Beam Cell"],"campfire_rested":0,"item_purchase_floors":[3,3,3],"current_hp_per_floor":[75,74,74,74,56,56,53,39,39,36,36,36,36,49,49,0],"gold":292,"neow_bonus":"HUNDRED_GOLD","is_prod":false,"is_daily":false,"chose_seed":false,"campfire_upgraded":3,"win_rate":0.0,"timestamp":1568218862,"path_taken":["M","M","$","M","?","R","?","E","T","?","$","R","?","M","R","BOSS"],"build_version":"2019-07-17","purchased_purges":1,"victory":false,"max_hp_per_floor":[75,75,75,75,75,75,75,75,75,75,75,75,75,75,75,75],"card_choices":[{"not_picked":["Streamline","Auto Shields"],"picked":"Melter","floor":1},{"not_picked":["Chaos","Coolheaded"],"picked":"Self Repair","floor":2},{"not_picked":["Aggregate","Steam"],"picked":"Go for the Eyes","floor":4},{"not_picked":["Go for the Eyes","Blizzard"],"picked":"Barrage","floor":8},{"not_picked":["Streamline","Barrage"],"picked":"Self Repair","floor":10},{"not_picked":["Auto Shields","Ball Lightning"],"picked":"Defragment","floor":14}],"player_experience":35167,"relics_obtained":[{"floor":8,"key":"Ginger"},{"floor":9,"key":"Lantern"},{"floor":10,"key":"Odd Mushroom"}],"event_choices":[{"damage_healed":0,"gold_gain":0,"player_choice":"Take Damage","damage_taken":18,"relics_obtained":["Golden Idol"],"max_hp_gain":0,"max_hp_loss":0,"event_name":"Golden Idol","floor":5,"gold_loss":0},{"damage_healed":0,"gold_gain":0,"player_choice":"Success","damage_taken":3,"relics_obtained":["Oddly Smooth Stone"],"max_hp_gain":0,"max_hp_loss":0,"event_name":"Scrap Ooze","floor":7,"gold_loss":0},{"damage_healed":0,"gold_gain":0,"player_choice":"Fought Mushrooms","damage_taken":0,"max_hp_gain":0,"max_hp_loss":0,"event_name":"Mushrooms","floor":10,"gold_loss":0},{"damage_healed":0,"gold_gain":175,"player_choice":"AGREE","damage_taken":0,"max_hp_gain":0,"max_hp_loss":0,"event_name":"Liars Game","floor":13,"gold_loss":0,"cards_obtained":["Doubt"]}],"is_beta":false,"boss_relics":[],"items_purged_floors":[11],"is_endless":false,"potions_floor_spawned":[1,4],"killed_by":"Slime Boss","ascension_level":0}