{"gold_per_floor":[113,126,136,211,223,223,240,255,255,255,288,13,41,41,41,41],"floor_reached":16,"playtime":2065,"items_purged":[],"score":207,"play_id":"febf74ac-5970-4210-a7ef-728ad0538c4e","local_time":"20190803223557","is_ascension_mode":true,"campfire_choices":[{"data":"Neutralize","floor":6.0,"key":"SMITH"},{"floor":10.0,"key":"REST"},{"floor":15.0,"key":"REST"}],"neow_cost":"NONE","seed_source_timestamp":1739059293352425,"circlet_count":0,"master_deck":["AscendersBane","Strike_G","Strike_G","Strike_G","Strike_G","Strike_G","Defend_G","Defend_G","Defend_G","Defend_G","Defend_G","Survivor","Neutralize+1","Dagger Throw","Deadly Poison","Cloak And Dagger","Cloak And Dagger","Deadly Poison","Backflip"],"special_seed":0,"relics":["Ring of the Snake","Matryoshka","Lantern","Ninja Scroll","Frozen Egg 2","Golden Idol"],"potions_floor_usage":[16,16],"damage_taken":[{"damage":0.0,"enemies":"2 Louse","floor":1.0,"turns":5.0},{"damage":0.0,"enemies":"Jaw Worm","floor":2.0,"turns":4.0},{"damage":7.0,"enemies":"Small Slimes","floor":3.0,"turns":4.0},{"damage":1.0,"enemies":"Red Slaver","floor":5.0,"turns":4.0},{"damage":0.0,"enemies":"Looter","floor":7.0,"turns":4.0},{"damage":0.0,"enemies":"Exordium Wildlife","floor":8.0,"turns":4.0},{"damage":27.0,"enemies":"3 Sentries","floor":11.0,"turns":9.0},{"damage":8.0,"enemies":"Gremlin Nob","floor":13.0,"turns":3.0},{"damage":51,"enemies":"Slime Boss","floor":16,"turns":8}],"seed_played":"6040136135294397364","potions_obtained":[{"floor":1.0,"key":"Explosive Potion"},{"floor":5.0,"key":"PowerPotion"},{"floor":11.0,"key":"Energy Potion"},{"floor":13.0,"key":"Dexterity Potion"}],"is_trial":false,"path_per_floor":["M","M","M","?","M","R","M","M","T","R","E","$","E","?","R","B"],"character_chosen":"THE_SILENT","items_purchased":["Ninja Scroll"],"campfire_rested":2,"item_purchase_floors":[12],"current_hp_per_floor":[65,65,58,47,46,46,46,46,46,67,40,40,32,32,51,0],"gold":41,"neow_bonus":"TEN_PERCENT_HP_BONUS","is_prod":false,"is_daily":false,"chose_seed":false,"campfire_upgraded":1,"win_rate":0,"timestamp":1564896957,"path_taken":["M","M","M","?","M","R","M","M","T","R","E","$","E","?","R","BOSS"],"build_version":"2019-07-17","purchased_purges":0,"victory":false,"max_hp_per_floor":[72,72,72,72,72,72,72,72,72,72,72,72,72,65,65,65],"card_choices":[{"not_picked":["Quick Slash","Prepared"],"picked":"Dagger Throw","floor":1.0},{"not_picked":["Choke","Dagger Throw"],"picked":"Deadly Poison","floor":2.0},{"not_picked":["Dagger Throw","Dash"],"picked":"Cloak And Dagger","floor":3.0},{"not_picked":["Concentrate","Bane"],"picked":"Cloak And Dagger","floor":5.0},{"not_picked":["Slice","Predator","Flying Knee"],"picked":"SKIP","floor":7.0},{"not_picked":["Cloak And Dagger","Endless Agony"],"picked":"Deadly Poison","floor":8.0},{"not_picked":["Well Laid Plans","Burst"],"picked":"Backflip","floor":11.0},{"not_picked":["Prepared","Bane","Finisher"],"picked":"SKIP","floor":13.0}],"player_experience":162854,"relics_obtained":[{"floor":9.0,"key":"Matryoshka"},{"floor":11.0,"key":"Lantern"},{"floor":13.0,"key":"Frozen Egg 2"}],"event_choices":[{"damage_healed":0.0,"max_hp_gain":0.0,"max_hp_loss":0.0,"gold_gain":75.0,"event_name":"World of Goop","player_choice":"Gather Gold","floor":4.0,"gold_loss":0.0,"damage_taken":11.0},{"damage_healed":0.0,"max_hp_gain":0.0,"max_hp_loss":7.0,"gold_gain":0.0,"event_name":"Golden Idol","player_choice":"Lose Max HP","floor":14.0,"gold_loss":0.0,"damage_taken":0.0,"relics_obtained":["Golden Idol"]}],"is_beta":false,"boss_relics":[],"items_purged_floors":[],"is_endless":false,"potions_floor_spawned":[1,5,11,13],"killed_by":"Slime Boss","ascension_level":17}