{"gold_per_floor":[117,129,147,53,53,65,65,98,98,111,143,143,143,158,158,254,254,272,272,237,256,256,256,270,298,298,298,398,410,12,23,23,95,95,114,1113,1124,696,711,711,406,406,406,438,98,133,133,148,148,148,148],"floor_reached":52,"playtime":2589,"items_purged":["Strike_R","Normality","Normality"],"score":1909,"play_id":"42ed2d78-8599-487c-90b4-61e0eb55e18c","local_time":"20191018170420","is_ascension_mode":true,"campfire_choices":[{"data":"Armaments","floor":7,"key":"SMITH"},{"floor":12,"key":"REST"},{"data":"Clothesline","floor":15,"key":"SMITH"},{"data":"Fire Breathing","floor":23,"key":"SMITH"},{"floor":27,"key":"REST"},{"data":"Limit Break","floor":32,"key":"SMITH"},{"data":"Evolve","floor":40,"key":"SMITH"},{"data":"Inflame","floor":42,"key":"SMITH"},{"data":"Offering","floor":47,"key":"SMITH"},{"data":"Metallicize","floor":49,"key":"SMITH"}],"neow_cost":"NONE","seed_source_timestamp":330942458455000,"circlet_count":0,"master_deck":["AscendersBane","Strike_R","Strike_R","Strike_R","Defend_R","Defend_R","Defend_R","Defend_R","Bash","Armaments+1","Headbutt","Power Through","Clothesline+1","Metallicize+1","Wild Strike","Shrug It Off","Limit Break+1","Power Through","Necronomicurse","Fire Breathing+1","Evolve+1","Inflame+1","Second Wind","Shrug It Off","Reaper","Exhume","Reaper","Evolve+1","Violence","Offering+1","Feel No Pain+1"],"relics":["Burning Blood","Blood Vial","Gremlin Horn","Orichalcum","Bloody Idol","Sozu","Necronomicon","Pen Nib","Regal Pillow","Prayer Wheel","StrikeDummy","Lee\u0027s Waffle","Mark of Pain","Lantern","Brimstone","HornCleat","Singing Bowl","Vajra","Strawberry"],"potions_floor_usage":[8,8,16,25],"damage_taken":[{"damage":7,"enemies":"Cultist","floor":1,"turns":4},{"damage":21,"enemies":"Jaw Worm","floor":2,"turns":6},{"damage":3,"enemies":"Small Slimes","floor":3,"turns":5},{"damage":1,"enemies":"2 Fungi Beasts","floor":6,"turns":5},{"damage":21,"enemies":"Gremlin Nob","floor":8,"turns":4},{"damage":29,"enemies":"Exordium Wildlife","floor":10,"turns":10},{"damage":23,"enemies":"Lagavulin","floor":11,"turns":10},{"damage":13,"enemies":"Gremlin Gang","floor":14,"turns":7},{"damage":20,"enemies":"The Guardian","floor":16,"turns":13},{"damage":3,"enemies":"Chosen","floor":18,"turns":6},{"damage":5,"enemies":"2 Thieves","floor":20,"turns":5},{"damage":4,"enemies":"Sentry and Sphere","floor":21,"turns":7},{"damage":7,"enemies":"Centurion and Healer","floor":24,"turns":5},{"damage":32,"enemies":"Slavers","floor":25,"turns":5},{"damage":14,"enemies":"Colosseum Slavers","floor":28,"turns":4},{"damage":36,"enemies":"Colosseum Nobs","floor":28,"turns":6},{"damage":19,"enemies":"Snake Plant","floor":29,"turns":5},{"damage":15,"enemies":"Sentry and Sphere","floor":31,"turns":8},{"damage":51,"enemies":"Collector","floor":33,"turns":11},{"damage":27,"enemies":"Orb Walker","floor":35,"turns":5},{"damage":92,"enemies":"3 Darklings","floor":37,"turns":5},{"damage":24,"enemies":"Writhing Mass","floor":39,"turns":6},{"damage":52,"enemies":"Giant Head","floor":44,"turns":8},{"damage":52,"enemies":"Reptomancer","floor":46,"turns":4},{"damage":34,"enemies":"Spire Growth","floor":48,"turns":5},{"damage":54,"enemies":"Donu and Deca","floor":50,"turns":5},{"damage":86,"enemies":"Time Eater","floor":51,"turns":8}],"seed_played":"-3736480511412762402","potions_obtained":[{"floor":2,"key":"Energy Potion"},{"floor":3,"key":"Strength Potion"},{"floor":14,"key":"Strength Potion"},{"floor":16,"key":"HeartOfIron"}],"is_trial":false,"path_per_floor":["M","M","M","$","?","M","R","E","T","M","E","R","?","M","R","B",null,"M","?","M","M","?","R","M","E","T","R","?","M","$","M","R","B",null,"M","?","M","$","M","R","$","R","T","E","$","E","R","M","R","B","B",null],"character_chosen":"IRONCLAD","items_purchased":["Clothesline","Metallicize","Reaper","Lee\u0027s Waffle","Lantern","Brimstone","Violence","Offering","Vajra"],"campfire_rested":2,"item_purchase_floors":[4,4,30,30,38,38,41,45,45],"current_hp_per_floor":[74,59,62,62,55,60,60,45,45,24,9,33,33,28,28,16,60,65,44,47,51,51,51,57,38,38,74,43,37,81,77,77,65,77,75,80,24,24,68,68,68,68,68,83,83,92,92,94,94,94,94],"gold":148,"neow_bonus":"TEN_PERCENT_HP_BONUS","is_prod":false,"is_daily":false,"chose_seed":false,"campfire_upgraded":8,"win_rate":0,"timestamp":1571443460,"path_taken":["M","?","M","$","?","M","R","E","T","M","E","R","?","M","R","BOSS","M","?","M","M","?","R","M","E","T","R","?","?","$","?","R","BOSS","M","?","M","$","M","R","$","R","T","E","$","E","R","M","R","BOSS","BOSS"],"build_version":"2019-10-17","purchased_purges":3,"victory":true,"max_hp_per_floor":[82,82,82,82,82,82,82,82,82,82,82,82,74,74,74,74,74,74,74,74,74,74,74,74,74,74,74,74,74,81,81,81,81,81,81,81,81,81,81,81,81,81,81,83,83,92,92,94,94,94,94],"card_choices":[{"not_picked":["Cleave","Sever Soul"],"picked":"Armaments","floor":1},{"not_picked":["Dropkick","Power Through"],"picked":"Headbutt","floor":2},{"not_picked":["Cleave","Havoc"],"picked":"Power Through","floor":3},{"not_picked":["Twin Strike","Entrench","Flex"],"picked":"SKIP","floor":6},{"not_picked":["Flame Barrier","Blood for Blood","Havoc"],"picked":"SKIP","floor":8},{"not_picked":["Perfected Strike","Cleave"],"picked":"Wild Strike","floor":10},{"not_picked":["Anger","Hemokinesis"],"picked":"Shrug It Off","floor":11},{"not_picked":["Warcry","Havoc","Twin Strike"],"picked":"SKIP","floor":14},{"not_picked":["Double Tap","Reaper"],"picked":"Limit Break","floor":16},{"not_picked":["Shockwave","True Grit"],"picked":"Power Through","floor":18},{"not_picked":["Reckless Charge","Headbutt"],"picked":"Fire Breathing","floor":20},{"not_picked":["Dual Wield","True Grit"],"picked":"Evolve+1","floor":21},{"not_picked":["Twin Strike","Armaments"],"picked":"Inflame","floor":24},{"not_picked":["Dark Embrace","Rupture","Cleave"],"picked":"SKIP","floor":25},{"not_picked":["Clothesline","Entrench"],"picked":"Second Wind","floor":28},{"not_picked":["Armaments","Sword Boomerang"],"picked":"Shrug It Off","floor":29},{"not_picked":["Headbutt","Flex","Clothesline"],"picked":"SKIP","floor":29},{"not_picked":["Body Slam","Flex"],"picked":"Exhume","floor":31},{"not_picked":["Pommel Strike","Thunderclap","Twin Strike"],"picked":"SKIP","floor":31},{"not_picked":["Impervious","Limit Break"],"picked":"Reaper","floor":33},{"not_picked":["Shrug It Off","Sever Soul","Headbutt"],"picked":"SKIP","floor":35},{"not_picked":["Clothesline","Blood for Blood+1","Rupture"],"picked":"SKIP","floor":35},{"not_picked":["Rampage+1","Thunderclap"],"picked":"Evolve","floor":37},{"not_picked":["Twin Strike+1","Flex+1","Infernal Blade"],"picked":"SKIP","floor":37},{"not_picked":["Twin Strike+1","Double Tap","Carnage"],"picked":"SKIP","floor":39},{"not_picked":["Clash","Second Wind+1","Clothesline"],"picked":"SKIP","floor":39},{"not_picked":["Combust","Body Slam","Warcry"],"picked":"Singing Bowl","floor":44},{"not_picked":["Fire Breathing+1","Warcry","Clothesline"],"picked":"Singing Bowl","floor":46},{"not_picked":["Pommel Strike","Body Slam+1","Wild Strike+1"],"picked":"Singing Bowl","floor":48},{"not_picked":["Sentinel+1","Body Slam"],"picked":"Feel No Pain+1","floor":48}],"player_experience":1641044,"relics_obtained":[{"floor":8,"key":"Blood Vial"},{"floor":9,"key":"Gremlin Horn"},{"floor":11,"key":"Orichalcum"},{"floor":19,"key":"Necronomicon"},{"floor":25,"key":"Pen Nib"},{"floor":26,"key":"Regal Pillow"},{"floor":28,"key":"Prayer Wheel"},{"floor":28,"key":"StrikeDummy"},{"floor":43,"key":"HornCleat"},{"floor":44,"key":"Singing Bowl"},{"floor":46,"key":"Strawberry"}],"event_choices":[{"cards_removed":["Strike_R"],"damage_healed":0,"gold_gain":0,"player_choice":"Card Removal","damage_taken":7,"max_hp_gain":0,"max_hp_loss":0,"event_name":"Golden Wing","floor":5,"gold_loss":0},{"damage_healed":0,"gold_gain":0,"player_choice":"Lose Max HP","damage_taken":0,"relics_obtained":["Golden Idol"],"max_hp_gain":0,"max_hp_loss":8,"event_name":"Golden Idol","floor":13,"gold_loss":0},{"damage_healed":0,"gold_gain":0,"player_choice":"Obtained Book","damage_taken":21,"max_hp_gain":0,"max_hp_loss":0,"event_name":"Cursed Tome","floor":19,"gold_loss":0},{"damage_healed":0,"gold_gain":0,"player_choice":"Gave Idol","damage_taken":0,"relics_obtained":["Bloody Idol"],"max_hp_gain":0,"max_hp_loss":0,"event_name":"Forgotten Altar","floor":22,"relics_lost":["Golden Idol"],"gold_loss":0},{"damage_healed":0,"gold_gain":0,"player_choice":"Fight","damage_taken":0,"max_hp_gain":0,"max_hp_loss":0,"event_name":"Colosseum","floor":28,"gold_loss":0},{"damage_healed":0,"gold_gain":0,"player_choice":"Fought Nobs","damage_taken":0,"max_hp_gain":0,"max_hp_loss":0,"event_name":"Colosseum","floor":28,"gold_loss":0},{"damage_healed":0,"gold_gain":999,"player_choice":"Gold","damage_taken":0,"max_hp_gain":0,"max_hp_loss":0,"event_name":"MindBloom","floor":36,"gold_loss":0,"cards_obtained":["Normality","Normality"]}],"is_beta":true,"boss_relics":[{"not_picked":["Philosopher\u0027s Stone","Black Blood"],"picked":"Sozu"},{"not_picked":["Coffee Dripper","Cursed Key"],"picked":"Mark of Pain"}],"items_purged_floors":[30,38,41],"is_endless":false,"potions_floor_spawned":[2,3,14,16,25,29,33,35,44,46,48],"ascension_level":20}