{"gold_per_floor":[360,30,30,55,55,90,90,105,153,174,174,187,227,248,248,378,378,398,298,298,72,72,72,111,111,111,150,166,166,186,229,229,349,349,368,424,448,448,448,481,481,521,545,564,786,786,43,63,63,63,63,63,14,58,58],"floor_reached":55,"playtime":3897,"items_purged":["Clumsy","Strike_R","Writhe","Parasite"],"score":846,"play_id":"791c7efc-3b70-4c41-a250-3a92748e3a5d","local_time":"20190901222822","is_ascension_mode":true,"campfire_choices":[{"data":"Defend_R","floor":7.0,"key":"SMITH"},{"floor":11.0,"key":"REST"},{"floor":15.0,"key":"REST"},{"floor":23.0,"key":"REST"},{"data":"Demon Form","floor":29.0,"key":"SMITH"},{"data":"Flame Barrier","floor":32.0,"key":"SMITH"},{"data":"Battle Trance","floor":41.0,"key":"SMITH"},{"data":"Offering","floor":46.0,"key":"SMITH"},{"floor":49.0,"key":"RECALL"},{"data":"Shrug It Off","floor":52.0,"key":"SMITH"}],"neow_cost":"CURSE","seed_source_timestamp":173417288483309,"circlet_count":0,"master_deck":["Strike_R+1","Strike_R+1","Strike_R+1","Strike_R+1","Defend_R+1","Defend_R+1","Defend_R+1","Defend_R+1","Bash+1","Battle Trance+1","Flame Barrier+1","Inflame","Demon Form+1","Reaper+1","Shrug It Off+1","True Grit+1","Heavy Blade+1","Limit Break+1","Offering+1","Madness","Madness","Shrug It Off+1","Impervious"],"special_seed":0,"relics":["Burning Blood","Sundial","Golden Idol","NlothsMask","War Paint","Self Forming Clay","Philosopher\u0027s Stone","Pear","Question Card","Torii","Red Mask","Pen Nib","Eternal Feather","Unceasing Top","Gremlin Horn","Potion Belt","Ancient Tea Set","Whetstone","TheAbacus","Incense Burner"],"potions_floor_usage":[54,55,55,55],"damage_taken":[{"damage":6.0,"enemies":"Cultist","floor":1.0,"turns":3.0},{"damage":5.0,"enemies":"2 Louse","floor":4.0,"turns":3.0},{"damage":44.0,"enemies":"Lagavulin","floor":6.0,"turns":7.0},{"damage":0.0,"enemies":"Small Slimes","floor":8.0,"turns":3.0},{"damage":5.0,"enemies":"Red Slaver","floor":10.0,"turns":6.0},{"damage":9.0,"enemies":"Large Slime","floor":12.0,"turns":8.0},{"damage":16.0,"enemies":"3 Sentries","floor":13.0,"turns":8.0},{"damage":4.0,"enemies":"Exordium Wildlife","floor":14.0,"turns":5.0},{"damage":20.0,"enemies":"The Guardian","floor":16.0,"turns":13.0},{"damage":52.0,"enemies":"Spheric Guardian","floor":18.0,"turns":11.0},{"damage":7.0,"enemies":"Book of Stabbing","floor":24.0,"turns":8.0},{"damage":57.0,"enemies":"Masked Bandits","floor":27.0,"turns":8.0},{"damage":1.0,"enemies":"Shell Parasite","floor":28.0,"turns":5.0},{"damage":1.0,"enemies":"Snake Plant","floor":30.0,"turns":4.0},{"damage":12.0,"enemies":"Slavers","floor":31.0,"turns":9.0},{"damage":8.0,"enemies":"Champ","floor":33.0,"turns":13.0},{"damage":6.0,"enemies":"Orb Walker","floor":35.0,"turns":5.0},{"damage":30.0,"enemies":"2 Orb Walkers","floor":36.0,"turns":4.0},{"damage":13.0,"enemies":"3 Darklings","floor":37.0,"turns":6.0},{"damage":47.0,"enemies":"Giant Head","floor":40.0,"turns":10.0},{"damage":65.0,"enemies":"Nemesis","floor":42.0,"turns":9.0},{"damage":34.0,"enemies":"Writhing Mass","floor":44.0,"turns":6.0},{"damage":60.0,"enemies":"Transient","floor":48.0,"turns":5.0},{"damage":56.0,"enemies":"Donu and Deca","floor":50.0,"turns":8.0},{"damage":68,"enemies":"Shield and Spear","floor":54,"turns":6},{"damage":44,"enemies":"The Heart","floor":55,"turns":8}],"seed_played":"7116852021993678109","potions_obtained":[{"floor":4.0,"key":"Poison Potion"},{"floor":6.0,"key":"Explosive Potion"},{"floor":10.0,"key":"Swift Potion"},{"floor":12.0,"key":"BloodPotion"},{"floor":24.0,"key":"Explosive Potion"},{"floor":27.0,"key":"AttackPotion"},{"floor":28.0,"key":"FearPotion"},{"floor":30.0,"key":"Dexterity Potion"},{"floor":33.0,"key":"Fire Potion"},{"floor":36.0,"key":"Explosive Potion"},{"floor":37.0,"key":"SteroidPotion"},{"floor":54,"key":"Energy Potion"}],"is_trial":false,"path_per_floor":["M","$","?","M","?","E","R","M","T","M","R","M","E","M","R","B",null,"M","$","?","$","?","R","E","$","T","?","M","R","M","E","R","B",null,"M","?","M","?","?","E","R","E","T","M","?","R","$","M","R","B",null,"R","$","E","B"],"character_chosen":"IRONCLAD","items_purchased":["Sundial","Dexterity Potion","Weak Potion","Ancient Tea Set","Whetstone","TheAbacus","Dexterity Potion","PowerPotion","SpeedPotion"],"campfire_rested":3,"item_purchase_floors":[2,21,21,47,47,47,47,47,53],"current_hp_per_floor":[80,80,60,61,61,23,23,29,29,30,54,51,41,43,67,53,80,39,39,49,49,49,76,75,75,75,42,47,47,63,69,69,67,90,90,66,89,78,78,86,90,90,90,90,90,90,87,46,58,87,87,87,87,36,0],"gold":58,"neow_bonus":"TWO_FIFTY_GOLD","is_prod":false,"is_daily":false,"chose_seed":false,"campfire_upgraded":6,"win_rate":0,"timestamp":1567402102,"path_taken":["M","?","?","M","?","E","R","M","T","M","R","?","E","M","R","BOSS","M","$","?","$","?","R","E","?","T","?","M","R","M","E","R","BOSS","M","?","M","?","?","E","R","E","T","?","?","R","$","M","R","BOSS","R","$","E","BOSS"],"build_version":"2019-07-17","purchased_purges":4,"victory":false,"max_hp_per_floor":[80,80,80,80,80,80,80,80,80,80,80,80,80,80,80,80,80,80,80,90,90,90,90,90,90,90,90,90,90,90,90,90,90,90,90,90,90,90,90,90,90,90,90,90,90,90,87,87,87,87,87,87,87,87,87],"card_choices":[{"not_picked":["True Grit","Wild Strike","Rage"],"picked":"SKIP","floor":1.0},{"not_picked":["Corruption","Sword Boomerang"],"picked":"Battle Trance","floor":4.0},{"not_picked":["Dropkick","Spot Weakness","Armaments"],"picked":"SKIP","floor":6.0},{"not_picked":["Headbutt","Flex","Body Slam"],"picked":"SKIP","floor":8.0},{"not_picked":["Cleave","Hemokinesis","Heavy Blade"],"picked":"SKIP","floor":10.0},{"not_picked":["Perfected Strike","Body Slam"],"picked":"Flame Barrier","floor":12.0},{"not_picked":["Dual Wield","Entrench"],"picked":"Inflame","floor":13.0},{"not_picked":["Disarm","Pommel Strike"],"picked":"Demon Form","floor":14.0},{"not_picked":["Double Tap","Bludgeon"],"picked":"Reaper","floor":16.0},{"not_picked":["Havoc","Twin Strike"],"picked":"Shrug It Off+1","floor":18.0},{"not_picked":["Iron Wave+1","Anger"],"picked":"True Grit+1","floor":24.0},{"not_picked":["Whirlwind+1","Headbutt","Battle Trance"],"picked":"Heavy Blade+1","floor":27.0},{"not_picked":["Flex","Cleave","Sword Boomerang","Fire Breathing"],"picked":"SKIP","floor":28.0},{"not_picked":["Thunderclap+1","Anger","Clash"],"picked":"Limit Break","floor":30.0},{"not_picked":["Rupture+1","True Grit","Dropkick","Battle Trance+1"],"picked":"SKIP","floor":31.0},{"not_picked":["Fiend Fire","Dark Embrace","Barricade"],"picked":"Offering","floor":33.0},{"not_picked":["Blood for Blood","Body Slam","Thunderclap+1","Headbutt"],"picked":"SKIP","floor":35.0},{"not_picked":["Clothesline","Anger","Burning Pact","Disarm+1"],"picked":"SKIP","floor":37.0},{"not_picked":["Sword Boomerang","Cleave+1","Seeing Red+1","Wild Strike+1"],"picked":"SKIP","floor":40.0},{"not_picked":["Searing Blow","Immolate","Inflame+1","Pummel+1"],"picked":"SKIP","floor":42.0},{"not_picked":["Wild Strike+1","Flex+1","Dropkick","Armaments+1"],"picked":"SKIP","floor":44.0},{"not_picked":["Battle Trance","Heavy Blade","Cleave+1"],"picked":"Shrug It Off","floor":48.0},{"not_picked":["Shockwave","Spot Weakness+1","Headbutt"],"picked":"Impervious","floor":54}],"player_experience":242305,"relics_obtained":[{"floor":6.0,"key":"War Paint"},{"floor":13.0,"key":"Self Forming Clay"},{"floor":24.0,"key":"Question Card"},{"floor":26.0,"key":"Torii"},{"floor":27.0,"key":"Red Mask"},{"floor":31.0,"key":"Pen Nib"},{"floor":36.0,"key":"Unceasing Top"},{"floor":40.0,"key":"Gremlin Horn"},{"floor":42.0,"key":"Potion Belt"},{"floor":54,"key":"Incense Burner"}],"event_choices":[{"damage_healed":0.0,"max_hp_gain":0.0,"max_hp_loss":0.0,"gold_gain":0.0,"event_name":"Golden Idol","player_choice":"Take Damage","floor":3.0,"gold_loss":0.0,"damage_taken":20.0,"relics_obtained":["Golden Idol"]},{"damage_healed":0.0,"max_hp_gain":0.0,"max_hp_loss":0.0,"gold_gain":0.0,"event_name":"FaceTrader","player_choice":"Trade","floor":5.0,"gold_loss":0.0,"damage_taken":0.0,"relics_obtained":["NlothsMask"]},{"damage_healed":0.0,"max_hp_gain":0.0,"max_hp_loss":0.0,"gold_gain":0.0,"event_name":"The Mausoleum","player_choice":"Opened","floor":20.0,"gold_loss":0.0,"damage_taken":0.0,"relics_obtained":["Pear"],"cards_obtained":["Writhe"]},{"damage_healed":0.0,"max_hp_gain":0.0,"max_hp_loss":0.0,"gold_gain":0.0,"event_name":"Back to Basics","player_choice":"Simplicity","floor":22.0,"gold_loss":0.0,"damage_taken":0.0,"cards_upgraded":["Strike_R","Strike_R","Strike_R","Strike_R","Defend_R"]},{"damage_healed":0.0,"max_hp_gain":0.0,"max_hp_loss":0.0,"gold_gain":0.0,"event_name":"Masked Bandits","player_choice":"Fought Bandits","floor":27.0,"gold_loss":0.0,"damage_taken":0.0},{"damage_healed":0.0,"max_hp_gain":0.0,"max_hp_loss":0.0,"gold_gain":0.0,"event_name":"Mysterious Sphere","player_choice":"Fight","floor":36.0,"gold_loss":0.0,"damage_taken":0.0},{"damage_healed":0.0,"max_hp_gain":0.0,"max_hp_loss":0.0,"gold_gain":0.0,"event_name":"Winding Halls","player_choice":"Embrace Madness","floor":38.0,"gold_loss":0.0,"damage_taken":11.0,"cards_obtained":["Madness","Madness"]},{"damage_healed":0.0,"max_hp_gain":0.0,"max_hp_loss":0.0,"gold_gain":0.0,"event_name":"Accursed Blacksmith","player_choice":"Forge","floor":39.0,"gold_loss":0.0,"damage_taken":0.0,"cards_upgraded":["Limit Break"]},{"damage_healed":0.0,"max_hp_gain":0.0,"max_hp_loss":0.0,"gold_gain":222.0,"event_name":"Tomb of Lord Red Mask","player_choice":"Wore Mask","floor":45.0,"gold_loss":0.0,"damage_taken":0.0}],"is_beta":false,"boss_relics":[{"not_picked":["Cursed Key","Black Blood"],"picked":"Philosopher\u0027s Stone"},{"not_picked":["Mark of Pain","Runic Pyramid"],"picked":"Eternal Feather"}],"items_purged_floors":[2,19,21,47],"is_endless":false,"potions_floor_spawned":[4,6,10,12,24,27,28,30,33,36,37,54],"killed_by":"The Heart","ascension_level":2}