{"gold_per_floor":[112,112,136,136,44,64,80,155,155,155,179,179,220,220,220,220],"floor_reached":16,"playtime":854,"items_purged":[],"score":105,"play_id":"f03d1326-fb7a-4b42-a8cf-d615200ca771","local_time":"20191011071902","is_ascension_mode":true,"campfire_choices":[{"floor":10,"key":"REST"},{"floor":12,"key":"REST"},{"data":"A Thousand Cuts","floor":15,"key":"SMITH"}],"neow_cost":"NONE","seed_source_timestamp":2187885853941514,"circlet_count":0,"master_deck":["Strike_G","Strike_G","Strike_G","Defend_G","Defend_G","Defend_G","Defend_G","Defend_G","Survivor","Neutralize","A Thousand Cuts+1","Deadly Poison","Blade Dance","Reflex","Slice","Caltrops","Outmaneuver","Night Terror","Acrobatics","Doppelganger"],"relics":["Ring of the Snake","Golden Idol","Meat on the Bone","TungstenRod"],"potions_floor_usage":[],"damage_taken":[{"damage":5,"enemies":"Jaw Worm","floor":1,"turns":5},{"damage":0,"enemies":"2 Louse","floor":3,"turns":4},{"damage":5,"enemies":"Small Slimes","floor":6,"turns":5},{"damage":30,"enemies":"Gremlin Gang","floor":7,"turns":4},{"damage":13,"enemies":"Red Slaver","floor":11,"turns":5},{"damage":31,"enemies":"Lagavulin","floor":13,"turns":10},{"damage":30,"enemies":"Slime Boss","floor":16,"turns":6}],"seed_played":"102016952872328645","potions_obtained":[],"is_trial":false,"path_per_floor":["M","?","M","?","$","M","M","?","T","R","M","R","E","?","R","B"],"character_chosen":"THE_SILENT","items_purchased":["Slice","Caltrops"],"campfire_rested":2,"item_purchase_floors":[5,5],"current_hp_per_floor":[65,48,48,48,48,43,13,2,2,23,22,43,24,24,24,0],"gold":220,"neow_bonus":"ONE_RANDOM_RARE_CARD","is_prod":false,"is_daily":false,"chose_seed":false,"campfire_upgraded":1,"win_rate":0,"timestamp":1570774742,"path_taken":["M","?","M","?","$","M","M","?","T","R","M","R","E","?","R","BOSS"],"build_version":"2019-09-09v2","purchased_purges":0,"victory":false,"max_hp_per_floor":[70,70,70,70,70,70,70,70,70,70,70,70,70,70,70,70],"card_choices":[{"not_picked":["Bane","Sucker Punch"],"picked":"Deadly Poison","floor":1},{"not_picked":["Quick Slash","Predator"],"picked":"Blade Dance","floor":3},{"not_picked":["Bane","Flying Knee"],"picked":"Outmaneuver","floor":6},{"not_picked":["Outmaneuver","Deadly Poison"],"picked":"Night Terror","floor":7},{"not_picked":["Outmaneuver","Deadly Poison"],"picked":"Acrobatics","floor":11},{"not_picked":["Quick Slash","Deadly Poison"],"picked":"Doppelganger","floor":13}],"player_experience":86477,"relics_obtained":[{"floor":9,"key":"Meat on the Bone"},{"floor":13,"key":"TungstenRod"}],"event_choices":[{"damage_healed":0,"gold_gain":0,"player_choice":"Take Damage","damage_taken":17,"relics_obtained":["Golden Idol"],"max_hp_gain":0,"max_hp_loss":0,"event_name":"Golden Idol","floor":2,"gold_loss":0},{"damage_healed":0,"gold_gain":0,"cards_transformed":["Strike_G"],"player_choice":"Change","damage_taken":0,"max_hp_gain":0,"max_hp_loss":0,"event_name":"Living Wall","floor":4,"gold_loss":0,"cards_obtained":["Reflex"]},{"damage_healed":0,"gold_gain":75,"player_choice":"Gather Gold","damage_taken":11,"max_hp_gain":0,"max_hp_loss":0,"event_name":"World of Goop","floor":8,"gold_loss":0},{"cards_removed":["Strike_G"],"damage_healed":0,"gold_gain":0,"player_choice":"Purged","damage_taken":0,"max_hp_gain":0,"max_hp_loss":0,"event_name":"Purifier","floor":14,"gold_loss":0}],"is_beta":true,"boss_relics":[],"items_purged_floors":[],"is_endless":false,"potions_floor_spawned":[],"killed_by":"Slime Boss","ascension_level":1}