{"gold_per_floor":[112,187,137,51,51,78,78,110,134,134,108,120,146,161,161,261,261,275,275,124,124,124,157,171,203,203,27,27,27,27],"floor_reached":30,"playtime":1075,"items_purged":["Defend_R","Defend_R"],"score":413,"play_id":"e95d5329-4196-47a3-a11b-f16ad4d4b4e9","local_time":"20191018224029","is_ascension_mode":true,"campfire_choices":[{"data":"Flash of Steel","floor":7,"key":"SMITH"},{"data":"Warcry","floor":10,"key":"SMITH"},{"data":"Bash","floor":15,"key":"SMITH"}],"neow_cost":"NONE","seed_source_timestamp":2847745936040457,"circlet_count":0,"master_deck":["Strike_R","Strike_R","Defend_R","Defend_R","Bash+1","Flex","Flash of Steel+1","Warcry+1","Anger","Headbutt","Shrug It Off","Sever Soul","Flame Barrier","Barricade","Carnage+1","Entrench","Metallicize","Body Slam","Clothesline","Armaments","Feel No Pain","RitualDagger"],"relics":["Burning Blood","NeowsBlessing","Charon\u0027s Ashes","Mummified Hand","Omamori","Pear","Cursed Key","FaceOfCleric","Torii","Toy Ornithopter","Singing Bowl","Mango"],"potions_floor_usage":[12,16,23,25,30,30],"damage_taken":[{"damage":0,"enemies":"Jaw Worm","floor":1,"turns":1},{"damage":0,"enemies":"Gremlin Nob","floor":6,"turns":1},{"damage":0,"enemies":"Lagavulin","floor":8,"turns":2},{"damage":0,"enemies":"2 Louse","floor":12,"turns":3},{"damage":13,"enemies":"Gremlin Nob","floor":13,"turns":3},{"damage":2,"enemies":"Small Slimes","floor":14,"turns":2},{"damage":57,"enemies":"Hexaghost","floor":16,"turns":10},{"damage":13,"enemies":"Shell Parasite","floor":18,"turns":5},{"damage":14,"enemies":"Slavers","floor":23,"turns":6},{"damage":25,"enemies":"3 Byrds","floor":24,"turns":5},{"damage":47,"enemies":"Book of Stabbing","floor":25,"turns":6},{"damage":53,"enemies":"Slavers","floor":30,"turns":3}],"seed_played":"4221191348684368985","potions_obtained":[{"floor":8,"key":"Explosive Potion"},{"floor":12,"key":"Fruit Juice"},{"floor":13,"key":"Strength Potion"},{"floor":14,"key":"Poison Potion"},{"floor":18,"key":"SkillPotion"},{"floor":23,"key":"SpeedPotion"},{"floor":25,"key":"Regen Potion"}],"is_trial":false,"path_per_floor":["M","?","?","$","?","E","R","E","T","R","$","M","E","M","R","B",null,"M","?","$","?","?","E","M","E","T","$","?","?","E"],"character_chosen":"IRONCLAD","items_purchased":["Flash of Steel","Headbutt","Metallicize","Feel No Pain"],"campfire_rested":0,"item_purchase_floors":[4,11,20,27],"current_hp_per_floor":[80,69,69,69,62,68,68,74,74,74,74,85,88,92,92,41,95,88,88,88,88,88,81,63,23,23,23,17,31,0],"gold":27,"neow_bonus":"THREE_ENEMY_KILL","is_prod":false,"is_daily":false,"chose_seed":false,"campfire_upgraded":3,"win_rate":0,"timestamp":1571434829,"path_taken":["M","?","?","$","?","E","R","E","T","R","?","M","E","M","R","BOSS","M","?","$","?","?","E","?","E","T","$","?","?","E"],"build_version":"2019-09-09v2","purchased_purges":2,"victory":false,"max_hp_per_floor":[80,80,80,80,80,80,80,80,80,80,80,85,95,95,95,95,95,95,95,95,95,95,96,97,98,98,98,98,112,112],"card_choices":[{"not_picked":["Combust","Dual Wield"],"picked":"Flex","floor":1},{"not_picked":["Sentinel","Wild Strike"],"picked":"Warcry","floor":6},{"not_picked":["Perfected Strike","Reckless Charge"],"picked":"Anger","floor":8},{"not_picked":["Intimidate","Rage"],"picked":"Shrug It Off","floor":12},{"not_picked":["Rupture","Iron Wave"],"picked":"Sever Soul","floor":13},{"not_picked":["Power Through","Havoc"],"picked":"Flame Barrier","floor":14},{"not_picked":["Demon Form","Offering"],"picked":"Barricade","floor":16},{"not_picked":["Dual Wield","True Grit+1"],"picked":"Carnage+1","floor":18},{"not_picked":["Searing Blow+1","Warcry"],"picked":"Body Slam","floor":23},{"not_picked":["Wild Strike+1","Thunderclap"],"picked":"Clothesline","floor":24},{"not_picked":["Sword Boomerang","Bludgeon"],"picked":"Armaments","floor":25}],"player_experience":250715,"relics_obtained":[{"floor":6,"key":"Charon\u0027s Ashes"},{"floor":8,"key":"Mummified Hand"},{"floor":9,"key":"Omamori"},{"floor":13,"key":"Pear"},{"floor":23,"key":"Torii"},{"floor":25,"key":"Toy Ornithopter"},{"floor":26,"key":"Singing Bowl"}],"event_choices":[{"damage_healed":0,"gold_gain":75,"player_choice":"Gather Gold","damage_taken":11,"max_hp_gain":0,"max_hp_loss":0,"event_name":"World of Goop","floor":2,"gold_loss":0},{"cards_removed":["Strike_R"],"damage_healed":0,"gold_gain":0,"player_choice":"Card Removal","damage_taken":0,"max_hp_gain":0,"max_hp_loss":0,"event_name":"The Cleric","floor":3,"gold_loss":50},{"cards_removed":["Strike_R"],"damage_healed":0,"gold_gain":0,"player_choice":"Card Removal","damage_taken":7,"max_hp_gain":0,"max_hp_loss":0,"event_name":"Golden Wing","floor":5,"gold_loss":0},{"damage_healed":0,"gold_gain":0,"player_choice":"Read","damage_taken":0,"max_hp_gain":0,"max_hp_loss":0,"event_name":"The Library","floor":19,"gold_loss":0,"cards_obtained":["Entrench"]},{"cards_removed":["Strike_R"],"damage_healed":0,"gold_gain":0,"player_choice":"Elegance","damage_taken":0,"max_hp_gain":0,"max_hp_loss":0,"event_name":"Back to Basics","floor":21,"gold_loss":0},{"damage_healed":0,"gold_gain":0,"player_choice":"Trade","damage_taken":0,"relics_obtained":["FaceOfCleric"],"max_hp_gain":0,"max_hp_loss":0,"event_name":"FaceTrader","floor":22,"gold_loss":0},{"damage_healed":0,"gold_gain":0,"player_choice":"Joined the Cult","damage_taken":6,"max_hp_gain":0,"max_hp_loss":0,"event_name":"Nest","floor":28,"gold_loss":0,"cards_obtained":["RitualDagger"]},{"damage_healed":0,"gold_gain":0,"player_choice":"Opened","damage_taken":0,"relics_obtained":["Mango"],"max_hp_gain":0,"max_hp_loss":0,"event_name":"The Mausoleum","floor":29,"gold_loss":0}],"is_beta":true,"boss_relics":[{"not_picked":["Black Blood","Runic Dome"],"picked":"Cursed Key"}],"items_purged_floors":[20,27],"is_endless":false,"potions_floor_spawned":[8,12,13,14,18,23,25],"killed_by":"Slavers","ascension_level":2}