{"gold_per_floor":[113,63,63,63,63,95,95,95,95,135,135,12,12,12,12,131,131,156,156,194,194,215,215,44,44,69,94,124,136],"floor_reached":29,"playtime":1549,"items_purged":["Strike_B","Injury"],"score":270,"play_id":"ba4bce94-fd00-4147-9ae3-45346046616d","local_time":"20190411014235","is_ascension_mode":true,"campfire_choices":[{"data":"Streamline","floor":7,"key":"SMITH"},{"floor":11,"key":"REST"},{"data":"Glacier","floor":15,"key":"SMITH"},{"floor":23,"key":"REST"},{"data":"Streamline","floor":25,"key":"SMITH"}],"neow_cost":"NONE","seed_source_timestamp":23876953168500,"circlet_count":0,"master_deck":["Strike_B","Defend_B","Defend_B","Defend_B","Defend_B","Zap","Dualcast","Streamline+1","Glacier+1","Fusion","Hologram","Thunder Strike","Streamline","All For One","Streamline+1","Beam Cell","Lockon","Beam Cell+1","Melter+1","Doom and Gloom","Conserve Battery","Redo","Auto Shields","Tempest"],"relics":["Cracked Core","Gremlin Horn","Cables","Sundial","Golden Idol","Happy Flower","Juzu Bracelet","Orrery","Red Mask","MawBank"],"potions_floor_usage":[10,16,20,28,29],"damage_taken":[{"damage":4,"enemies":"2 Louse","floor":1,"turns":2},{"damage":33,"enemies":"Lagavulin","floor":6,"turns":6},{"damage":5,"enemies":"3 Sentries","floor":10,"turns":4},{"damage":15,"enemies":"Slime Boss","floor":16,"turns":9},{"damage":12,"enemies":"Chosen","floor":18,"turns":4},{"damage":47,"enemies":"Masked Bandits","floor":20,"turns":4},{"damage":0,"enemies":"2 Thieves","floor":22,"turns":4},{"damage":0,"enemies":"Snake Plant","floor":27,"turns":3},{"damage":27,"enemies":"Centurion and Healer","floor":28,"turns":5},{"damage":25,"enemies":"Gremlin Leader","floor":29,"turns":3}],"seed_played":"-7775448368742882863","potions_obtained":[{"floor":6,"key":"Energy Potion"},{"floor":10,"key":"Swift Potion"},{"floor":16,"key":"FocusPotion"},{"floor":22,"key":"LiquidBronze"},{"floor":27,"key":"SteroidPotion"}],"is_trial":false,"path_per_floor":["M","?","?","$","T","E","R","?","T","E","R","$","?","$","R","B",null,"M","?","?","?","M","R","$","R","T","M","M","E"],"character_chosen":"DEFECT","items_purchased":["Hologram","Conserve Battery","Redo"],"campfire_rested":2,"item_purchase_floors":[12,24,24],"current_hp_per_floor":[78,78,66,66,66,33,33,33,33,28,52,52,45,45,45,30,82,70,70,23,23,23,47,47,47,47,47,20,0],"gold":136,"neow_bonus":"TEN_PERCENT_HP_BONUS","is_prod":false,"is_daily":false,"chose_seed":false,"campfire_upgraded":3,"win_rate":0,"timestamp":1554939755,"path_taken":["M","?","?","$","?","E","R","?","T","E","R","$","?","?","R","BOSS","M","?","?","?","M","R","$","R","T","M","M","E"],"build_version":"2019-01-23","purchased_purges":2,"victory":false,"max_hp_per_floor":[82,82,82,82,82,82,82,82,82,82,82,82,82,82,82,82,82,82,82,82,82,82,82,82,82,82,82,82,82],"card_choices":[{"not_picked":["Stack","Force Field"],"picked":"Streamline","floor":1},{"not_picked":["Leap","Hologram"],"picked":"Glacier","floor":6},{"not_picked":["Beam Cell","Gash"],"picked":"Fusion","floor":10},{"not_picked":["Reboot","Seek"],"picked":"Thunder Strike","floor":16},{"not_picked":["Rebound","Go for the Eyes"],"picked":"Streamline","floor":17},{"not_picked":["Beam Cell","Compile Driver"],"picked":"All For One","floor":17},{"not_picked":["Hologram","Genetic Algorithm"],"picked":"Streamline","floor":17},{"not_picked":["Rebound","Cold Snap"],"picked":"Beam Cell","floor":17},{"not_picked":["FTL","Stack"],"picked":"Lockon","floor":17},{"not_picked":["Stack","Force Field"],"picked":"Beam Cell+1","floor":18},{"not_picked":["Rip and Tear","Rebound"],"picked":"Melter+1","floor":20},{"not_picked":["Reboot","Hologram"],"picked":"Doom and Gloom","floor":22},{"not_picked":["Darkness","Fusion"],"picked":"Auto Shields","floor":27},{"not_picked":["Sweeping Beam","Coolheaded"],"picked":"Tempest","floor":28}],"player_experience":495458,"relics_obtained":[{"floor":5,"key":"Cables"},{"floor":6,"key":"Sundial"},{"floor":9,"key":"Happy Flower"},{"floor":10,"key":"Juzu Bracelet"},{"floor":20,"key":"Red Mask"},{"floor":26,"key":"MawBank"}],"event_choices":[{"cards_removed":["Strike_B"],"damage_healed":0,"gold_gain":0,"player_choice":"Card Removal","damage_taken":0,"max_hp_gain":0,"max_hp_loss":0,"event_name":"The Cleric","floor":2,"gold_loss":50},{"damage_healed":0,"gold_gain":0,"player_choice":"Success","damage_taken":12,"relics_obtained":["Gremlin Horn"],"max_hp_gain":0,"max_hp_loss":0,"event_name":"Scrap Ooze","floor":3,"gold_loss":0},{"damage_healed":0,"gold_gain":0,"player_choice":"Take Wound","damage_taken":0,"relics_obtained":["Golden Idol"],"max_hp_gain":0,"max_hp_loss":0,"event_name":"Golden Idol","floor":8,"gold_loss":0,"cards_obtained":["Injury"]},{"cards_removed":["Strike_B"],"damage_healed":0,"gold_gain":0,"player_choice":"Card Removal","damage_taken":7,"max_hp_gain":0,"max_hp_loss":0,"event_name":"Golden Wing","floor":13,"gold_loss":0},{"damage_healed":0,"gold_gain":0,"player_choice":"Ignored","damage_taken":0,"max_hp_gain":0,"max_hp_loss":0,"event_name":"N\u0027loth","floor":19,"gold_loss":0},{"damage_healed":0,"gold_gain":0,"player_choice":"Fought Bandits","damage_taken":0,"max_hp_gain":0,"max_hp_loss":0,"event_name":"Masked Bandits","floor":20,"gold_loss":0},{"damage_healed":0,"gold_gain":0,"player_choice":"Ignored","damage_taken":0,"max_hp_gain":0,"max_hp_loss":0,"event_name":"Cursed Tome","floor":21,"gold_loss":0}],"is_beta":false,"boss_relics":[{"not_picked":["White Beast Statue","Sozu"],"picked":"Orrery"}],"items_purged_floors":[12,24],"is_endless":false,"potions_floor_spawned":[6,10,16,22,27],"killed_by":"Gremlin Leader","ascension_level":4}