{"gold_per_floor":[110,110,110,110,129,462,462,481,481,522,44,44],"floor_reached":12,"playtime":715,"items_purged":["Defend_G"],"score":99,"play_id":"00db09d6-ce38-496e-8aaa-6f9049873421","local_time":"20181215030744","is_ascension_mode":true,"campfire_choices":[{"floor":7,"key":"REST"}],"neow_cost":"NONE","seed_source_timestamp":23708378426055,"circlet_count":0,"master_deck":["Defend_G","Defend_G","Defend_G","Defend_G","Strike_G","Strike_G","Strike_G","Survivor","Neutralize","Poisoned Stab","After Image","Caltrops","Flying Knee","Noxious Fumes","Storm of Steel","Skewer+1","Bandage Up"],"relics":["Ring of the Snake","Golden Idol","Old Coin","Molten Egg 2","Snake Skull","Singing Bowl"],"potions_floor_usage":[10,12],"damage_taken":[{"damage":4,"enemies":"Jaw Worm","floor":1,"turns":6},{"damage":0,"enemies":"2 Louse","floor":5,"turns":4},{"damage":26,"enemies":"Lagavulin","floor":6,"turns":12},{"damage":0,"enemies":"Cultist","floor":8,"turns":4},{"damage":31,"enemies":"Gremlin Nob","floor":10,"turns":5},{"damage":28,"enemies":"Gremlin Gang","floor":12,"turns":3}],"seed_played":"-3659608504797266305","potions_obtained":[{"floor":8,"key":"Energy Potion"},{"floor":10,"key":"Fire Potion"}],"is_trial":false,"path_per_floor":["M","?","?","?","M","E","R","M","T","E","$","M"],"character_chosen":"THE_SILENT","items_purchased":["Singing Bowl","Skewer+1","Bandage Up"],"campfire_rested":1,"item_purchase_floors":[11,11,11],"current_hp_per_floor":[73,73,54,54,54,28,51,51,51,20,20,0],"gold":44,"neow_bonus":"TEN_PERCENT_HP_BONUS","is_prod":false,"is_daily":false,"chose_seed":false,"campfire_upgraded":0,"win_rate":0,"timestamp":1544839664,"path_taken":["M","?","?","?","?","E","R","M","T","E","$","?"],"build_version":"2018-12-13","purchased_purges":1,"victory":false,"max_hp_per_floor":[77,77,77,77,77,77,77,77,77,77,77,77],"card_choices":[{"not_picked":["Underhanded Strike","Predator"],"picked":"Poisoned Stab","floor":1},{"not_picked":["Prepared","Acrobatics"],"picked":"Caltrops","floor":5},{"not_picked":["Quick Slash","Concentrate"],"picked":"Flying Knee","floor":6},{"not_picked":["Prepared","Bane"],"picked":"Noxious Fumes","floor":8},{"not_picked":["Well Laid Plans","Outmaneuver"],"picked":"Storm of Steel","floor":10}],"player_experience":419931,"relics_obtained":[{"floor":6,"key":"Old Coin"},{"floor":9,"key":"Molten Egg 2"},{"floor":10,"key":"Snake Skull"}],"event_choices":[{"damage_healed":0,"gold_gain":0,"cards_transformed":["Strike_G"],"player_choice":"Change","damage_taken":0,"max_hp_gain":0,"max_hp_loss":0,"event_name":"Living Wall","floor":2,"gold_loss":0,"cards_obtained":["After Image"]},{"damage_healed":0,"gold_gain":0,"player_choice":"Take Damage","damage_taken":19,"relics_obtained":["Golden Idol"],"max_hp_gain":0,"max_hp_loss":0,"event_name":"Golden Idol","floor":3,"gold_loss":0},{"cards_removed":["Strike_G"],"damage_healed":0,"gold_gain":0,"player_choice":"Purged","damage_taken":0,"max_hp_gain":0,"max_hp_loss":0,"event_name":"Purifier","floor":4,"gold_loss":0}],"is_beta":false,"boss_relics":[],"items_purged_floors":[11],"is_endless":false,"potions_floor_spawned":[8,10],"killed_by":"Gremlin Gang","ascension_level":3}