{"gold_per_floor":[365,376,376,226,238,264,264,293,316,328,328,328,328,347,347,347],"floor_reached":16,"playtime":617,"items_purged":["Writhe"],"score":132,"play_id":"db637c78-094a-4d2e-a510-4bc29c2238ae","local_time":"20190517225755","is_ascension_mode":true,"campfire_choices":[{"data":"White Noise","floor":7,"key":"SMITH"},{"data":"Zap","floor":11,"key":"SMITH"},{"data":"Dualcast","floor":13,"key":"SMITH"},{"data":"All For One","floor":15,"key":"SMITH"}],"neow_cost":"CURSE","seed_source_timestamp":96960821760900,"circlet_count":0,"master_deck":["Strike_B","Strike_B","Strike_B","Defend_B","Defend_B","Defend_B","Defend_B","Zap+1","Dualcast+1","Reinforced Body","BootSequence","White Noise+1","FTL","All For One+1","Force Field","Force Field"],"relics":["Cracked Core","DataDisk","Smiling Mask","Juzu Bracelet"],"potions_floor_usage":[8],"damage_taken":[{"damage":0,"enemies":"Small Slimes","floor":1,"turns":3},{"damage":9,"enemies":"Jaw Worm","floor":2,"turns":3},{"damage":1,"enemies":"Cultist","floor":5,"turns":4},{"damage":15,"enemies":"Lagavulin","floor":6,"turns":6},{"damage":13,"enemies":"Gremlin Nob","floor":8,"turns":3},{"damage":6,"enemies":"Looter","floor":10,"turns":3},{"damage":0,"enemies":"Large Slime","floor":14,"turns":3},{"damage":40,"enemies":"Slime Boss","floor":16,"turns":7}],"seed_played":"-6656271394077017096","potions_obtained":[{"floor":6,"key":"Fire Potion"},{"floor":14,"key":"FearPotion"}],"is_trial":false,"path_per_floor":["M","M","?","$","M","E","R","E","T","M","R","?","R","M","R","B"],"character_chosen":"DEFECT","items_purchased":["White Noise"],"campfire_rested":0,"item_purchase_floors":[4],"current_hp_per_floor":[75,66,71,71,70,55,55,42,42,36,36,36,36,36,36,0],"gold":347,"neow_bonus":"TWO_FIFTY_GOLD","is_prod":false,"is_daily":false,"chose_seed":false,"campfire_upgraded":4,"win_rate":0,"timestamp":1558126675,"path_taken":["M","M","?","$","M","E","R","E","T","M","R","?","R","M","R","BOSS"],"build_version":"2019-01-23","purchased_purges":1,"victory":false,"max_hp_per_floor":[75,75,80,80,80,80,80,80,80,80,80,80,80,80,80,80],"card_choices":[{"not_picked":["Go for the Eyes","Rebound"],"picked":"Reinforced Body","floor":1},{"not_picked":["Steam","Redo"],"picked":"BootSequence","floor":2},{"not_picked":["Rebound","Cold Snap"],"picked":"FTL","floor":5},{"not_picked":["Recycle","Rebound"],"picked":"All For One","floor":6},{"not_picked":["Loop","Blizzard"],"picked":"Force Field","floor":8},{"not_picked":["Barrage","Rebound","Stack"],"picked":"SKIP","floor":10},{"not_picked":["Barrage","Beam Cell"],"picked":"Force Field","floor":14}],"player_experience":537304,"relics_obtained":[{"floor":6,"key":"DataDisk"},{"floor":8,"key":"Smiling Mask"},{"floor":9,"key":"Juzu Bracelet"}],"event_choices":[{"damage_healed":0,"gold_gain":0,"player_choice":"Donut","damage_taken":0,"max_hp_gain":5,"max_hp_loss":0,"event_name":"Big Fish","floor":3,"gold_loss":0},{"cards_removed":["Strike_B"],"damage_healed":0,"gold_gain":0,"player_choice":"Purged","damage_taken":0,"max_hp_gain":0,"max_hp_loss":0,"event_name":"Purifier","floor":12,"gold_loss":0}],"is_beta":false,"boss_relics":[],"items_purged_floors":[4],"is_endless":false,"potions_floor_spawned":[6,14],"killed_by":"Slime Boss","ascension_level":4}