{"path_per_floor":["M","M","M","M","?","E","R","M","T","M","$","E","$","M","R","B",null,"M","M","M","$","?","R","E","R","T","?","R","M","$","M","R"],"character_chosen":"DEFECT","items_purchased":["Defragment","Storm"],"gold_per_floor":[13,23,39,59,9,39,39,51,51,68,68,98,27,39,39,134,134,153,167,181,27,27,27,59,59,106,106,106,120,20,33,33,33],"floor_reached":33,"campfire_rested":3,"playtime":3006,"item_purchase_floors":[13,21],"current_hp_per_floor":[87,82,75,67,67,3,29,29,29,20,20,9,9,5,31,19,89,69,59,31,31,31,31,13,39,39,39,39,21,21,31,31,0],"items_purged":["Strike_B","Normality"],"gold":33,"score":279,"play_id":"1ae439f1-6c32-44d4-88b9-f3091df0b7d7","local_time":"20180615012843","is_prod":false,"is_daily":false,"chose_seed":false,"is_ascension_mode":false,"campfire_upgraded":3,"win_rate":0,"timestamp":1529018923,"campfire_choices":[{"floor":7,"key":"REST"},{"floor":15,"key":"REST"},{"data":"Storm","floor":23,"key":"SMITH"},{"floor":25,"key":"REST"},{"data":"Self Repair","floor":28,"key":"SMITH"},{"data":"Electrodynamics","floor":32,"key":"SMITH"}],"path_taken":["M","M","M","M","?","E","R","M","T","M","$","E","$","M","R","BOSS","M","M","M","$","?","R","E","R","T","?","R","?","$","?","R","BOSS"],"build_version":"2018-06-07v3","seed_source_timestamp":267187175261,"purchased_purges":2,"victory":false,"master_deck":["Strike_B+1","Defend_B","Defend_B","Zap","Dualcast","Hologram","Conserve Battery","Conserve Battery","Sweeping Beam","Reinforced Body","White Noise","Go for the Eyes","Multi-Cast","Defragment","Storm","Electrodynamics+1","Force Field+1","Heatsinks+1","Reboot+1","Hologram","Barrage+1","Self Repair+1","Storm+1","Gash+1","Ball Lightning","Self Repair"],"max_hp_per_floor":[89,89,89,89,89,89,89,89,89,89,89,89,89,89,89,89,89,89,89,89,89,89,89,89,89,89,89,89,89,89,89,89,89],"relics":["Cracked Core","Vajra","Mercury Hourglass","Pantograph","Astrolabe","Matryoshka","Whetstone","Lantern","Boot"],"card_choices":[{"not_picked":["Compile Driver","Lockon"],"picked":"Hologram","floor":1},{"not_picked":["Steam Power","Stack"],"picked":"Conserve Battery","floor":2},{"not_picked":["Streamline","FTL"],"picked":"Conserve Battery","floor":3},{"not_picked":["Steam","Cold Snap"],"picked":"Sweeping Beam","floor":4},{"not_picked":["Conserve Battery","Streamline"],"picked":"Reinforced Body","floor":6},{"not_picked":["Beam Cell","Steam Power"],"picked":"White Noise","floor":8},{"not_picked":["Reinforced Body","Scrape"],"picked":"Go for the Eyes","floor":10},{"not_picked":["Blizzard","Consume"],"picked":"Multi-Cast","floor":12},{"not_picked":["Doom and Gloom","Compile Driver"],"picked":"Storm","floor":14},{"not_picked":["Multi-Cast","Hyperbeam"],"picked":"Electrodynamics","floor":16},{"not_picked":["Stack","FTL"],"picked":"Hologram","floor":18},{"not_picked":["Cold Snap","Gash+1"],"picked":"Barrage","floor":19},{"not_picked":["Loop","Go for the Eyes+1"],"picked":"Self Repair","floor":20},{"not_picked":["Steam","Beam Cell"],"picked":"Gash+1","floor":24},{"not_picked":["Steam","Go for the Eyes"],"picked":"Ball Lightning","floor":29},{"not_picked":["Fusion","Steam Power"],"picked":"Self Repair","floor":31}],"player_experience":109814,"potions_floor_usage":[4,12,16,24,24,31,33],"damage_taken":[{"damage":2,"enemies":"2 Louse","floor":1,"turns":3},{"damage":5,"enemies":"Jaw Worm","floor":2,"turns":5},{"damage":7,"enemies":"Small Slimes","floor":3,"turns":3},{"damage":8,"enemies":"3 Louse","floor":4,"turns":3},{"damage":64,"enemies":"Gremlin Nob","floor":6,"turns":6},{"damage":0,"enemies":"Red Slaver","floor":8,"turns":4},{"damage":9,"enemies":"Blue Slaver","floor":10,"turns":3},{"damage":11,"enemies":"Lagavulin","floor":12,"turns":6},{"damage":4,"enemies":"Lots of Slimes","floor":14,"turns":3},{"damage":37,"enemies":"The Guardian","floor":16,"turns":14},{"damage":20,"enemies":"2 Thieves","floor":18,"turns":2},{"damage":10,"enemies":"Spheric Guardian","floor":19,"turns":3},{"damage":35,"enemies":"Chosen and Byrds","floor":20,"turns":5},{"damage":25,"enemies":"Slavers","floor":24,"turns":4},{"damage":28,"enemies":"Snake Plant","floor":29,"turns":4},{"damage":0,"enemies":"Sentry and Sphere","floor":31,"turns":3},{"damage":71,"enemies":"Champ","floor":33,"turns":8}],"relics_obtained":[{"floor":6,"key":"Vajra"},{"floor":9,"key":"Mercury Hourglass"},{"floor":12,"key":"Pantograph"},{"floor":24,"key":"Matryoshka"},{"floor":26,"key":"Whetstone"},{"floor":26,"key":"Lantern"}],"event_choices":[{"event_name":"The Cleric","player_choice":"Card Removal","floor":5,"damage_taken":0},{"event_name":"Drug Dealer","player_choice":"Ignored","floor":22,"damage_taken":0},{"event_name":"Accursed Blacksmith","player_choice":"Rummage","floor":27,"damage_taken":0}],"boss_relics":[{"not_picked":["Eternal Feather","Runic Dome"],"picked":"Astrolabe"}],"items_purged_floors":[21,30],"potions_floor_spawned":[2,6,8,19,20,29,31],"seed_played":"-6802791782009674654","killed_by":"Champ","ascension_level":0,"potions_obtained":[{"floor":2,"key":"AttackPotion"},{"floor":6,"key":"FearPotion"},{"floor":8,"key":"Dexterity Potion"},{"floor":19,"key":"GamblersBrew"},{"floor":20,"key":"Block Potion"},{"floor":29,"key":"Fire Potion"},{"floor":31,"key":"PowerPotion"}],"is_trial":false}