{"gold_per_floor":[115,115,115,128,0,0,0,10,33,7,26,26,36,61,61,161,161,171,171,171,190,115,115,115],"floor_reached":24,"playtime":1105,"items_purged":["Strike_B"],"score":233,"play_id":"713c30b0-6c96-4e1a-a493-1da3513a6ef7","local_time":"20190525010928","is_ascension_mode":true,"campfire_choices":[{"floor":6,"key":"REST"},{"data":"Rip and Tear","floor":12,"key":"SMITH"},{"floor":15,"key":"REST"},{"floor":23,"key":"REST"}],"neow_cost":"PERCENT_DAMAGE","seed_source_timestamp":3428922723400,"circlet_count":0,"master_deck":["Zap","Dualcast","Double Energy","Machine Learning","Defragment","Conserve Battery","Loop","Streamline","Rip and Tear+1","Rip and Tear","Double Energy","Meteor Strike","Fission+1","Melter+1","Core Surge+1","Self Repair","Gash","Gash","Hologram+1"],"relics":["Cracked Core","Vajra","Shuriken","Astrolabe"],"potions_floor_usage":[13,14,24],"damage_taken":[{"damage":0,"enemies":"Small Slimes","floor":1,"turns":2},{"damage":4,"enemies":"2 Louse","floor":4,"turns":3},{"damage":0,"enemies":"Cultist","floor":8,"turns":3},{"damage":7,"enemies":"3 Louse","floor":11,"turns":4},{"damage":12,"enemies":"Gremlin Gang","floor":13,"turns":4},{"damage":16,"enemies":"3 Sentries","floor":14,"turns":6},{"damage":14,"enemies":"Hexaghost","floor":16,"turns":7},{"damage":22,"enemies":"2 Thieves","floor":18,"turns":3},{"damage":25,"enemies":"Spheric Guardian","floor":21,"turns":4},{"damage":61,"enemies":"Book of Stabbing","floor":24,"turns":4}],"seed_played":"-1693259219186560929","potions_obtained":[{"floor":4,"key":"Energy Potion"},{"floor":11,"key":"Swift Potion"},{"floor":13,"key":"FearPotion"},{"floor":21,"key":"Swift Potion"}],"is_trial":false,"path_per_floor":["M","?","?","M","$","R","?","M","T","$","M","R","M","E","R","B",null,"M","?","?","M","?","R","E"],"character_chosen":"DEFECT","items_purchased":["Conserve Battery","Streamline"],"campfire_rested":3,"item_purchase_floors":[5,10],"current_hp_per_floor":[54,54,39,35,35,57,57,57,57,57,50,50,38,22,44,30,75,53,53,53,35,35,57,0],"gold":115,"neow_bonus":"REMOVE_TWO","is_prod":false,"is_daily":false,"chose_seed":false,"campfire_upgraded":1,"win_rate":0,"timestamp":1558739368,"path_taken":["M","?","?","M","$","R","?","M","T","$","M","R","M","E","R","BOSS","M","?","?","?","?","R","E"],"build_version":"2019-01-23","purchased_purges":1,"victory":false,"max_hp_per_floor":[75,75,75,75,75,75,75,75,75,75,75,75,75,75,75,75,75,75,75,75,75,75,75,75],"card_choices":[{"not_picked":["Hologram","Melter"],"picked":"Double Energy","floor":1},{"not_picked":["Redo","Consume"],"picked":"Defragment","floor":4},{"not_picked":["Sweeping Beam","Consume"],"picked":"Loop","floor":8},{"not_picked":["Compile Driver","Beam Cell"],"picked":"Rip and Tear","floor":11},{"not_picked":["Steam Power","Steam"],"picked":"Rip and Tear","floor":13},{"not_picked":["Auto Shields","FTL"],"picked":"Double Energy","floor":14},{"not_picked":["Hyperbeam","Rainbow"],"picked":"Meteor Strike","floor":16},{"not_picked":["Turbo","Streamline"],"picked":"Self Repair","floor":18},{"not_picked":["Go for the Eyes","Steam"],"picked":"Hologram+1","floor":21}],"player_experience":571206,"relics_obtained":[{"floor":9,"key":"Vajra"},{"floor":14,"key":"Shuriken"}],"event_choices":[{"damage_healed":0,"gold_gain":0,"cards_transformed":["Strike_B"],"player_choice":"Change","damage_taken":0,"max_hp_gain":0,"max_hp_loss":0,"event_name":"Living Wall","floor":2,"gold_loss":0,"cards_obtained":["Machine Learning"]},{"damage_healed":0,"gold_gain":0,"player_choice":"Entered Light","damage_taken":15,"max_hp_gain":0,"max_hp_loss":0,"event_name":"Shining Light","floor":3,"gold_loss":0,"cards_upgraded":["Defend_B","Defend_B"]},{"damage_healed":0,"gold_gain":0,"cards_transformed":["Defend_B"],"player_choice":"Transformed","damage_taken":0,"max_hp_gain":0,"max_hp_loss":0,"event_name":"Transmorgrifier","floor":7,"gold_loss":0,"cards_obtained":["Stack"]},{"damage_healed":0,"gold_gain":0,"player_choice":"Read","damage_taken":0,"max_hp_gain":0,"max_hp_loss":0,"event_name":"The Library","floor":19,"gold_loss":0,"cards_obtained":["Gash"]},{"damage_healed":0,"gold_gain":0,"player_choice":"Copied","damage_taken":0,"max_hp_gain":0,"max_hp_loss":0,"event_name":"Duplicator","floor":20,"gold_loss":0,"cards_obtained":["Gash"]},{"cards_removed":["Defend_B"],"damage_healed":0,"gold_gain":0,"player_choice":"Gave Gold","damage_taken":0,"max_hp_gain":0,"max_hp_loss":0,"event_name":"Beggar","floor":22,"gold_loss":75}],"is_beta":false,"boss_relics":[{"not_picked":["Velvet Choker","Orrery"],"picked":"Astrolabe"}],"items_purged_floors":[5],"is_endless":false,"potions_floor_spawned":[4,11,13,21],"killed_by":"Book of Stabbing","ascension_level":4}