{"gold_per_floor":[116,116,41,54,54,54,78,78,153,153,153,171,194,228,228,228],"floor_reached":16,"playtime":641,"items_purged":["Strike_B"],"score":108,"play_id":"32e3021a-9a4e-4861-a129-9e361d4e9e39","local_time":"20190414013751","is_ascension_mode":true,"campfire_choices":[{"data":"Dualcast","floor":6,"key":"SMITH"},{"data":"Redo","floor":10,"key":"SMITH"},{"floor":15,"key":"REST"}],"neow_cost":"NONE","seed_source_timestamp":33372638152200,"circlet_count":0,"master_deck":["Strike_B","Strike_B","Defend_B","Defend_B","Defend_B","Defend_B","Zap","Dualcast+1","Barrage","Leap","Redo+1","Rebound","Self Repair","Gash"],"relics":["Cracked Core","Golden Idol","Dodecahedron","Ice Cream","Odd Mushroom"],"potions_floor_usage":[16,16],"damage_taken":[{"damage":4,"enemies":"Jaw Worm","floor":1,"turns":3},{"damage":7,"enemies":"Small Slimes","floor":4,"turns":3},{"damage":0,"enemies":"2 Louse","floor":7,"turns":2},{"damage":1,"enemies":"Looter","floor":12,"turns":3},{"damage":3,"enemies":"3 Louse","floor":13,"turns":4},{"damage":26,"enemies":"The Mushroom Lair","floor":14,"turns":5},{"damage":52,"enemies":"The Guardian","floor":16,"turns":10}],"seed_played":"599551367923334682","potions_obtained":[{"floor":7,"key":"PowerPotion"},{"floor":14,"key":"Swift Potion"}],"is_trial":false,"path_per_floor":["M","?","$","M","?","R","M","?","T","R","T","M","M","?","R","B"],"character_chosen":"DEFECT","items_purchased":[],"campfire_rested":1,"item_purchase_floors":[],"current_hp_per_floor":[78,83,83,76,55,55,55,48,48,48,48,47,44,25,51,0],"gold":228,"neow_bonus":"TEN_PERCENT_HP_BONUS","is_prod":false,"is_daily":false,"chose_seed":false,"campfire_upgraded":2,"win_rate":0,"timestamp":1555198671,"path_taken":["M","?","$","M","?","R","M","?","T","R","?","M","M","?","R","BOSS"],"build_version":"2019-01-23","purchased_purges":1,"victory":false,"max_hp_per_floor":[82,87,87,87,87,87,87,87,87,87,87,87,87,87,87,87],"card_choices":[{"not_picked":["Ball Lightning","Chill"],"picked":"Barrage","floor":1},{"not_picked":["Steam Power","Coolheaded"],"picked":"Leap","floor":4},{"not_picked":["Streamline","Rip and Tear"],"picked":"Redo","floor":7},{"not_picked":["Blizzard","Steam"],"picked":"Rebound","floor":12},{"not_picked":["Stack","Gash"],"picked":"Self Repair","floor":13},{"not_picked":["Beam Cell","Consume"],"picked":"Gash","floor":14}],"player_experience":499145,"relics_obtained":[{"floor":9,"key":"Dodecahedron"},{"floor":11,"key":"Ice Cream"},{"floor":14,"key":"Odd Mushroom"}],"event_choices":[{"damage_healed":0,"gold_gain":0,"player_choice":"Donut","damage_taken":0,"max_hp_gain":5,"max_hp_loss":0,"event_name":"Big Fish","floor":2,"gold_loss":0},{"damage_healed":0,"gold_gain":0,"player_choice":"Take Damage","damage_taken":21,"relics_obtained":["Golden Idol"],"max_hp_gain":0,"max_hp_loss":0,"event_name":"Golden Idol","floor":5,"gold_loss":0},{"cards_removed":["Strike_B"],"damage_healed":0,"gold_gain":0,"player_choice":"Card Removal","damage_taken":7,"max_hp_gain":0,"max_hp_loss":0,"event_name":"Golden Wing","floor":8,"gold_loss":0},{"damage_healed":0,"gold_gain":0,"player_choice":"Fought Mushrooms","damage_taken":0,"max_hp_gain":0,"max_hp_loss":0,"event_name":"Mushrooms","floor":14,"gold_loss":0}],"is_beta":false,"boss_relics":[],"items_purged_floors":[3],"is_endless":false,"potions_floor_spawned":[7,14],"killed_by":"The Guardian","ascension_level":4}