{"gold_per_floor":[109,31,47,65,80,80,94,94,94,118,132,145,105,138,138,239,239,251,263,40,40],"floor_reached":21,"playtime":2383,"items_purged":["Strike_G"],"score":210,"play_id":"b5426d75-36ea-47f5-8469-15762c05725b","local_time":"20181202020507","is_ascension_mode":true,"campfire_choices":[{"floor":6,"key":"REST"},{"data":"Noxious Fumes","floor":8,"key":"SMITH"},{"floor":15,"key":"REST"}],"neow_cost":"PERCENT_DAMAGE","seed_source_timestamp":3382693316950,"circlet_count":0,"master_deck":["Defend_G","Defend_G","Defend_G","Defend_G","Defend_G","Strike_G","Strike_G","Strike_G","Strike_G","Survivor","Neutralize","PiercingWail","Noxious Fumes+1","Backflip","Blur","Blur","Underhanded Strike","PiercingWail","Adrenaline","PiercingWail+1","Blur+1"],"relics":["Ring of the Snake","Gambling Chip","Pocketwatch","Odd Mushroom","Mummified Hand","Runic Pyramid","Snake Skull"],"potions_floor_usage":[7,7,10,18],"damage_taken":[{"damage":6,"enemies":"Jaw Worm","floor":1,"turns":6},{"damage":5,"enemies":"2 Louse","floor":3,"turns":3},{"damage":4,"enemies":"Small Slimes","floor":4,"turns":5},{"damage":1,"enemies":"Blue Slaver","floor":5,"turns":5},{"damage":5,"enemies":"Large Slime","floor":7,"turns":11},{"damage":2,"enemies":"The Mushroom Lair","floor":10,"turns":4},{"damage":0,"enemies":"2 Fungi Beasts","floor":11,"turns":5},{"damage":14,"enemies":"Lots of Slimes","floor":12,"turns":4},{"damage":32,"enemies":"Gremlin Nob","floor":14,"turns":6},{"damage":2,"enemies":"The Guardian","floor":16,"turns":13},{"damage":12,"enemies":"Shell Parasite","floor":18,"turns":8},{"damage":10,"enemies":"Spheric Guardian","floor":19,"turns":6},{"damage":0,"enemies":"Colosseum Slavers","floor":21,"turns":6},{"damage":75,"enemies":"Colosseum Nobs","floor":21,"turns":5}],"seed_played":"-4246310920395789716","potions_obtained":[{"floor":4,"key":"PowerPotion"},{"floor":5,"key":"Swift Potion"},{"floor":7,"key":"Fruit Juice"},{"floor":14,"key":"SteroidPotion"}],"is_trial":false,"path_per_floor":["M","$","M","M","M","R","M","R","T","?","M","M","?","E","R","B",null,"M","M","$","?"],"character_chosen":"THE_SILENT","items_purchased":["Noxious Fumes","Snake Skull"],"campfire_rested":2,"item_purchase_floors":[2,20],"current_hp_per_floor":[43,43,38,34,33,54,54,54,54,52,52,38,38,6,28,26,75,63,53,53,0],"gold":40,"neow_bonus":"ONE_RARE_RELIC","is_prod":false,"is_daily":false,"chose_seed":false,"campfire_upgraded":1,"win_rate":0,"timestamp":1543712707,"path_taken":["M","$","M","M","M","R","M","R","T","?","M","M","?","E","R","BOSS","M","M","$","?"],"build_version":"2018-11-15","purchased_purges":1,"victory":false,"max_hp_per_floor":[70,70,70,70,70,70,75,75,75,75,75,75,75,75,75,75,75,75,75,75,75],"card_choices":[{"not_picked":["Slice","Eviscerate"],"picked":"PiercingWail","floor":1},{"not_picked":["Expertise","Slice"],"picked":"Backflip","floor":3},{"not_picked":["Poisoned Stab","Prepared"],"picked":"Blur","floor":4},{"not_picked":["Deflect","Concentrate"],"picked":"Blur","floor":5},{"not_picked":["Expertise","Sucker Punch"],"picked":"Underhanded Strike","floor":7},{"not_picked":["Prepared","Choke"],"picked":"PiercingWail","floor":11},{"not_picked":["Infinite Blades","Quick Slash","Dash"],"picked":"SKIP","floor":12},{"not_picked":["Slice","Deflect","Dagger Throw"],"picked":"SKIP","floor":14},{"not_picked":["Glass Knife","Venomology"],"picked":"Adrenaline","floor":16},{"not_picked":["Flying Knee","Bouncing Flask"],"picked":"PiercingWail+1","floor":18},{"not_picked":["Blade Dance+1","Flying Knee"],"picked":"Blur+1","floor":19}],"player_experience":410798,"relics_obtained":[{"floor":9,"key":"Pocketwatch"},{"floor":10,"key":"Odd Mushroom"},{"floor":14,"key":"Mummified Hand"}],"event_choices":[{"damage_healed":0,"gold_gain":0,"player_choice":"Fought Mushrooms","damage_taken":0,"max_hp_gain":0,"max_hp_loss":0,"event_name":"Mushrooms","floor":10,"gold_loss":0},{"damage_healed":0,"gold_gain":0,"player_choice":"Left Gold","damage_taken":0,"max_hp_gain":0,"max_hp_loss":0,"event_name":"World of Goop","floor":13,"gold_loss":40},{"damage_healed":0,"gold_gain":0,"player_choice":"Fight","damage_taken":0,"max_hp_gain":0,"max_hp_loss":0,"event_name":"Colosseum","floor":21,"gold_loss":0},{"damage_healed":0,"gold_gain":0,"player_choice":"Fought Nobs","damage_taken":0,"max_hp_gain":0,"max_hp_loss":0,"event_name":"Colosseum","floor":21,"gold_loss":0}],"is_beta":false,"boss_relics":[{"not_picked":["White Beast Statue","Snecko Eye"],"picked":"Runic Pyramid"}],"items_purged_floors":[20],"is_endless":false,"potions_floor_spawned":[4,5,7,14,21],"killed_by":"Colosseum Nobs","ascension_level":3}