{"gold_per_floor":[115,1,76,94,113,113,133,133,133,133,152,187,198,209,209,313,313,325,226,226,244,255,255],"floor_reached":23,"playtime":2264,"items_purged":["Defend_B","Strike_B"],"score":215,"play_id":"40ac70ad-0ea6-40ab-9322-1ab007f0a2a0","local_time":"20180715183719","is_ascension_mode":true,"campfire_choices":[{"data":"Blizzard","floor":6,"key":"SMITH"},{"data":"Chill","floor":8,"key":"SMITH"},{"data":"Genetic Algorithm","floor":15,"key":"SMITH"}],"neow_cost":"NONE","seed_source_timestamp":0,"circlet_count":0,"master_deck":["Strike_B","Strike_B","Defend_B","Defend_B","Zap","Dualcast","Chill+1","BootSequence","Blizzard+1","Coolheaded","Cold Snap","Conserve Battery","Seek","Genetic Algorithm+1","White Noise","Seek","Coolheaded","Hello World","Buffer","Redo","Chill"],"special_seed":17727,"relics":["Cracked Core","Shuriken","Smiling Mask","Orrery"],"potions_floor_usage":[16,16,16,21],"damage_taken":[{"damage":4,"enemies":"Small Slimes","floor":1,"turns":3},{"damage":0,"enemies":"Jaw Worm","floor":4,"turns":3},{"damage":0,"enemies":"2 Louse","floor":5,"turns":2},{"damage":1,"enemies":"Large Slime","floor":7,"turns":5},{"damage":0,"enemies":"2 Fungi Beasts","floor":11,"turns":4},{"damage":15,"enemies":"Gremlin Nob","floor":12,"turns":5},{"damage":0,"enemies":"Gremlin Gang","floor":13,"turns":3},{"damage":17,"enemies":"Exordium Thugs","floor":14,"turns":4},{"damage":6,"enemies":"Hexaghost","floor":16,"turns":12},{"damage":14,"enemies":"Shell Parasite","floor":18,"turns":7},{"damage":18,"enemies":"Chosen","floor":21,"turns":8},{"damage":20,"enemies":"Snecko","floor":22,"turns":8},{"damage":32,"enemies":"Slavers","floor":23,"turns":3}],"seed_played":"-3267651053854438972","potions_obtained":[{"floor":1,"key":"Swift Potion"},{"floor":11,"key":"FocusPotion"},{"floor":12,"key":"FearPotion"},{"floor":16,"key":"FocusPotion"}],"is_trial":false,"path_per_floor":["M","$","?","M","M","R","M","R","T","?","M","E","M","M","R","B",null,"M","$","?","M","M"],"character_chosen":"DEFECT","items_purchased":["Blizzard","Redo"],"campfire_rested":0,"item_purchase_floors":[2,19],"current_hp_per_floor":[71,71,60,60,60,60,59,59,59,59,59,44,44,27,27,21,75,61,61,61,43,23,0],"gold":255,"neow_bonus":"TRANSFORM_CARD","is_prod":false,"is_daily":false,"chose_seed":false,"campfire_upgraded":3,"win_rate":0,"timestamp":1531672639,"path_taken":["M","$","?","M","M","R","M","R","T","?","M","E","M","M","R","BOSS","M","$","?","M","M","E"],"build_version":"2018-07-12","purchased_purges":2,"victory":false,"max_hp_per_floor":[75,75,75,75,75,75,75,75,75,75,75,75,75,75,75,75,75,75,75,75,75,75,75],"card_choices":[{"not_picked":["Scrape","Cold Snap"],"picked":"BootSequence","floor":1},{"not_picked":["Turbo","Gash"],"picked":"Coolheaded","floor":4},{"not_picked":["Leap","Hologram"],"picked":"Cold Snap","floor":5},{"not_picked":["Go for the Eyes","Leap"],"picked":"Conserve Battery","floor":7},{"not_picked":["Rebound","Streamline"],"picked":"Seek","floor":11},{"not_picked":["Scrape","Core Surge"],"picked":"Genetic Algorithm","floor":12},{"not_picked":["Barrage","Rebound","Steam"],"picked":"SKIP","floor":13},{"not_picked":["Double Energy","Auto Shields"],"picked":"White Noise","floor":14},{"not_picked":["Amplify","Buffer"],"picked":"Seek","floor":16},{"not_picked":["FTL","Sweeping Beam"],"picked":"Coolheaded","floor":17},{"not_picked":["Gash","Melter"],"picked":"Hello World","floor":17},{"not_picked":["Compile Driver","Sweeping Beam"],"picked":"Buffer","floor":17},{"not_picked":["Go for the Eyes+1","Reprogram","Steam"],"picked":"SKIP","floor":18},{"not_picked":["Coolheaded","Gash"],"picked":"Chill","floor":21},{"not_picked":["Lockon","Rebound","Compile Driver"],"picked":"SKIP","floor":22}],"player_experience":187529,"relics_obtained":[{"floor":9,"key":"Shuriken"},{"floor":12,"key":"Smiling Mask"}],"event_choices":[{"event_name":"World of Goop","player_choice":"Gather Gold","floor":3,"damage_taken":0},{"event_name":"Living Wall","player_choice":"Forget","floor":10,"damage_taken":0},{"event_name":"Vampires","player_choice":"Ignored","floor":20,"damage_taken":0}],"boss_relics":[{"not_picked":["Runic Pyramid","Velvet Choker"],"picked":"Orrery"}],"items_purged_floors":[2,19],"is_endless":false,"potions_floor_spawned":[1,11,12,13,14,16],"killed_by":"Slavers","ascension_level":2}