{"gold_per_floor":[117,135,135,210,222,222,232,232,232,232,407,417,443,443],"floor_reached":14,"playtime":562,"items_purged":[],"score":104,"play_id":"76989246-65d7-43a2-9910-b6ae5e7f4144","local_time":"20190510020743","is_ascension_mode":true,"campfire_choices":[{"data":"Accuracy","floor":6,"key":"SMITH"},{"data":"Blade Dance","floor":8,"key":"SMITH"},{"data":"Neutralize","floor":10,"key":"SMITH"}],"neow_cost":"NONE","seed_source_timestamp":19194093899200,"circlet_count":0,"master_deck":["Defend_G","Defend_G","Defend_G","Defend_G","Defend_G","Strike_G","Strike_G","Strike_G","Strike_G","Survivor","Neutralize+1","Blade Dance+1","Well Laid Plans","Accuracy+1","Doubt","Deadly Poison","Calculated Gamble"],"relics":["Ring of the Snake","Orichalcum","Odd Mushroom"],"potions_floor_usage":[7],"damage_taken":[{"damage":4,"enemies":"2 Louse","floor":1,"turns":2},{"damage":0,"enemies":"Jaw Worm","floor":2,"turns":4},{"damage":1,"enemies":"Small Slimes","floor":5,"turns":5},{"damage":10,"enemies":"3 Louse","floor":7,"turns":3},{"damage":20,"enemies":"Large Slime","floor":12,"turns":7},{"damage":19,"enemies":"The Mushroom Lair","floor":13,"turns":6}],"seed_played":"-2152599422357771087","potions_obtained":[{"floor":5,"key":"Poison Potion"},{"floor":12,"key":"Poison Potion"},{"floor":13,"key":"SpeedPotion"}],"is_trial":false,"path_per_floor":["M","M","?","?","M","R","M","R","T","R","?","M","?","?"],"character_chosen":"THE_SILENT","items_purchased":[],"campfire_rested":0,"item_purchase_floors":[],"current_hp_per_floor":[66,66,66,55,54,54,44,44,44,44,44,24,5,0],"gold":443,"neow_bonus":"TEN_PERCENT_HP_BONUS","is_prod":false,"is_daily":false,"chose_seed":false,"campfire_upgraded":3,"win_rate":0,"timestamp":1557446863,"path_taken":["M","M","?","?","M","R","?","R","T","R","?","M","?","?"],"build_version":"2019-01-23","purchased_purges":0,"victory":false,"max_hp_per_floor":[77,77,77,77,77,77,77,77,77,77,77,77,77,77],"card_choices":[{"not_picked":["Bane","Dodge and Roll"],"picked":"Blade Dance","floor":1},{"not_picked":["Slice","Bane"],"picked":"Well Laid Plans","floor":2},{"not_picked":["Slice","Blade Dance"],"picked":"Accuracy","floor":5},{"not_picked":["Slice","Bane","Acrobatics"],"picked":"SKIP","floor":7},{"not_picked":["Backflip","Dagger Spray"],"picked":"Deadly Poison","floor":12},{"not_picked":["Flying Knee","Leg Sweep"],"picked":"Calculated Gamble","floor":13}],"player_experience":528024,"relics_obtained":[{"floor":9,"key":"Orichalcum"},{"floor":13,"key":"Odd Mushroom"}],"event_choices":[{"cards_removed":["Strike_G"],"damage_healed":0,"gold_gain":0,"player_choice":"Forget","damage_taken":0,"max_hp_gain":0,"max_hp_loss":0,"event_name":"Living Wall","floor":3,"gold_loss":0},{"damage_healed":0,"gold_gain":75,"player_choice":"Gather Gold","damage_taken":11,"max_hp_gain":0,"max_hp_loss":0,"event_name":"World of Goop","floor":4,"gold_loss":0},{"damage_healed":0,"gold_gain":175,"player_choice":"AGREE","damage_taken":0,"max_hp_gain":0,"max_hp_loss":0,"event_name":"Liars Game","floor":11,"gold_loss":0,"cards_obtained":["Doubt"]},{"damage_healed":0,"gold_gain":0,"player_choice":"Fought Mushrooms","damage_taken":0,"max_hp_gain":0,"max_hp_loss":0,"event_name":"Mushrooms","floor":13,"gold_loss":0}],"is_beta":false,"boss_relics":[],"items_purged_floors":[],"is_endless":false,"potions_floor_spawned":[5,12,13],"ascension_level":6}