{"gold_per_floor":[111,57,57,57,69,96,107,118,142,142,142,14,14,14,14,133,133,151,171,185,59,83,83,83],"floor_reached":24,"playtime":1642,"items_purged":["Strike_B","Defend_B"],"score":225,"play_id":"c7e5ef59-d10f-47f2-bd24-57dc91e379da","local_time":"20181012025648","is_ascension_mode":true,"campfire_choices":[{"data":"Melter","floor":10,"key":"SMITH"},{"data":"Recycle","floor":15,"key":"SMITH"},{"floor":23,"key":"REST"}],"neow_cost":"NONE","seed_source_timestamp":26278718861440,"circlet_count":0,"master_deck":["Strike_B","Strike_B","Defend_B","Defend_B","Defend_B","Zap","Dualcast","Sunder","Gash","Recycle+1","Beam Cell","Seek","Undo","Melter+1","Beam Cell","Meteor Strike","Auto Shields","Redo+1","Conserve Battery","Conserve Battery+1"],"relics":["Cracked Core","Potion Belt","Bronze Scales","Pen Nib","Golden Idol","Singing Bowl"],"potions_floor_usage":[18,24],"damage_taken":[{"damage":2,"enemies":"2 Louse","floor":1,"turns":3},{"damage":0,"enemies":"Small Slimes","floor":5,"turns":2},{"damage":18,"enemies":"Gremlin Nob","floor":6,"turns":3},{"damage":0,"enemies":"Cultist","floor":7,"turns":3},{"damage":6,"enemies":"Looter","floor":8,"turns":2},{"damage":25,"enemies":"The Guardian","floor":16,"turns":8},{"damage":11,"enemies":"2 Thieves","floor":18,"turns":4},{"damage":18,"enemies":"Chosen","floor":19,"turns":5},{"damage":27,"enemies":"3 Cultists","floor":20,"turns":6},{"damage":6,"enemies":"Centurion and Healer","floor":22,"turns":5},{"damage":87,"enemies":"Gremlin Leader","floor":24,"turns":6}],"seed_played":"3007875230563891910","potions_obtained":[{"floor":7,"key":"FairyPotion"},{"floor":16,"key":"Block Potion"},{"floor":20,"key":"Regen Potion"}],"is_trial":false,"path_per_floor":["M","$","?","?","M","E","M","M","T","R","?","$","?","T","R","B",null,"M","M","M","$","M","R"],"character_chosen":"DEFECT","items_purchased":["Gash","Beam Cell","Conserve Battery"],"campfire_rested":1,"item_purchase_floors":[2,12,21],"current_hp_per_floor":[73,73,73,78,78,60,60,54,54,54,54,54,34,34,34,9,80,71,53,26,26,20,44,0],"gold":83,"neow_bonus":"RANDOM_COMMON_RELIC","is_prod":false,"is_daily":false,"chose_seed":false,"campfire_upgraded":2,"win_rate":0,"timestamp":1539305808,"path_taken":["M","$","?","?","M","E","M","M","T","R","?","$","?","?","R","BOSS","M","M","M","$","M","R","E"],"build_version":"2018-10-11","purchased_purges":2,"victory":false,"max_hp_per_floor":[75,75,75,80,80,80,80,80,80,80,80,80,80,80,80,80,80,82,82,82,82,82,82,82],"card_choices":[{"not_picked":["Leap","Cold Snap"],"picked":"Sunder","floor":1},{"not_picked":["Consume","Leap"],"picked":"Beam Cell","floor":5},{"not_picked":["Auto Shields","Glacier"],"picked":"Seek","floor":6},{"not_picked":["Rebound","Defragment"],"picked":"Undo","floor":7},{"not_picked":["Consume","Sweeping Beam"],"picked":"Melter","floor":8},{"not_picked":["Amplify","Creative AI"],"picked":"Meteor Strike","floor":16},{"not_picked":["Leap","Skim+1","Go for the Eyes"],"picked":"Singing Bowl","floor":18},{"not_picked":["Ball Lightning","Compile Driver"],"picked":"Auto Shields","floor":19},{"not_picked":["Darkness","Ball Lightning+1"],"picked":"Redo+1","floor":20},{"not_picked":["Redo+1","Hologram"],"picked":"Conserve Battery+1","floor":22}],"player_experience":332903,"relics_obtained":[{"floor":6,"key":"Bronze Scales"},{"floor":9,"key":"Pen Nib"},{"floor":14,"key":"Singing Bowl"}],"event_choices":[{"event_name":"Living Wall","player_choice":"Change","floor":3,"damage_taken":0},{"event_name":"Big Fish","player_choice":"Donut","floor":4,"damage_taken":0},{"event_name":"WeMeetAgain","player_choice":"Attack","floor":11,"damage_taken":0},{"event_name":"Golden Idol","player_choice":"Take Damage","floor":13,"damage_taken":0}],"is_beta":false,"boss_relics":[{"not_picked":["Sozu","Snecko Eye","Philosopher\u0027s Stone"]}],"items_purged_floors":[12,21],"is_endless":false,"potions_floor_spawned":[7,16,20],"killed_by":"Gremlin Leader","ascension_level":3}