{"gold_per_floor":[113,129,129,129,145,145,145,145,145,145,163,163,163,183,183,282,282,297,313,324,9,19,19,19,19,89,115,115,115,6,18,18,18],"floor_reached":33,"playtime":1901,"items_purged":["Defend_R"],"score":283,"play_id":"686e5dbf-6022-497c-8777-0411864299c2","local_time":"20180816022347","is_ascension_mode":true,"campfire_choices":[{"data":"Inflame","floor":6,"key":"SMITH"},{"data":"Combust","floor":8,"key":"SMITH"},{"data":"Metallicize","floor":10,"key":"SMITH"},{"data":"Headbutt","floor":13,"key":"SMITH"},{"data":"Metallicize","floor":15,"key":"SMITH"},{"data":"Blood for Blood","floor":23,"key":"SMITH"},{"data":"Combust","floor":25,"key":"SMITH"},{"data":"Intimidate","floor":29,"key":"SMITH"},{"data":"Demon Form","floor":32,"key":"SMITH"}],"neow_cost":"NONE","seed_source_timestamp":16224636736070,"circlet_count":0,"master_deck":["Strike_R","Strike_R","Strike_R","Strike_R","Defend_R","Bash","Combust+1","Metallicize+1","Pommel Strike","Inflame+1","Headbutt+1","Combust+1","Metallicize+1","Demon Form+1","Flex+1","Iron Wave","Blood for Blood+1","Headbutt+1","Intimidate+1","Combust","Thunderclap"],"relics":["Burning Blood","Lantern","Meat on the Bone","White Beast Statue","Bird Faced Urn","Darkstone Periapt","Dodecahedron"],"potions_floor_usage":[18,19,20,22,24,27,31,33],"damage_taken":[{"damage":3,"enemies":"Cultist","floor":1,"turns":3},{"damage":6,"enemies":"Jaw Worm","floor":2,"turns":4},{"damage":12,"enemies":"2 Louse","floor":5,"turns":3},{"damage":4,"enemies":"Blue Slaver","floor":11,"turns":4},{"damage":4,"enemies":"Large Slime","floor":14,"turns":3},{"damage":14,"enemies":"Slime Boss","floor":16,"turns":7},{"damage":7,"enemies":"Chosen","floor":18,"turns":5},{"damage":26,"enemies":"Shell Parasite","floor":19,"turns":5},{"damage":24,"enemies":"Snecko","floor":20,"turns":5},{"damage":13,"enemies":"Snake Plant","floor":22,"turns":3},{"damage":0,"enemies":"Centurion and Healer","floor":24,"turns":1},{"damage":53,"enemies":"Book of Stabbing","floor":27,"turns":5},{"damage":21,"enemies":"Chosen and Byrds","floor":31,"turns":4},{"damage":75,"enemies":"Automaton","floor":33,"turns":6}],"seed_played":"1131241334809579455","potions_obtained":[{"floor":2,"key":"FearPotion"},{"floor":16,"key":"Block Potion"},{"floor":18,"key":"SmokeBomb"},{"floor":19,"key":"PowerPotion"},{"floor":20,"key":"Weak Potion"},{"floor":22,"key":"GamblersBrew"},{"floor":27,"key":"Dexterity Potion"},{"floor":31,"key":"Fruit Juice"}],"is_trial":false,"path_per_floor":["M","M","T","?","M","R","?","R","T","R","M","?","R","M","R","B",null,"M","M","M","$","M","R","M","R","T","E","?","R","$","M","R"],"character_chosen":"IRONCLAD","items_purchased":["Bird Faced Urn","Combust"],"campfire_rested":0,"item_purchase_floors":[21,30],"current_hp_per_floor":[80,80,80,73,67,67,67,67,67,67,69,69,69,71,71,63,80,79,59,53,53,48,48,60,60,60,37,22,22,22,29,29,0],"gold":18,"neow_bonus":"THREE_CARDS","is_prod":false,"is_daily":false,"chose_seed":false,"campfire_upgraded":9,"win_rate":0,"timestamp":1534379027,"path_taken":["M","M","?","?","?","R","?","R","T","R","M","?","R","M","R","BOSS","M","M","M","$","M","R","M","R","T","E","?","R","$","M","R","BOSS"],"build_version":"2018-08-09","purchased_purges":1,"victory":false,"max_hp_per_floor":[80,80,80,80,80,80,80,80,80,80,80,80,80,80,80,80,80,80,80,80,80,80,80,80,80,80,80,85,85,85,85,85,90],"card_choices":[{"not_picked":["Rupture","Pommel Strike"],"picked":"Combust","floor":0},{"not_picked":["Clash","Sword Boomerang"],"picked":"Metallicize","floor":1},{"not_picked":["Wild Strike","Heavy Blade"],"picked":"Pommel Strike","floor":2},{"not_picked":["Iron Wave","Evolve"],"picked":"Inflame","floor":5},{"not_picked":["Anger","Twin Strike"],"picked":"Headbutt","floor":11},{"not_picked":["Searing Blow","Body Slam"],"picked":"Metallicize","floor":14},{"not_picked":["Exhume","Bludgeon"],"picked":"Demon Form","floor":16},{"not_picked":["Perfected Strike","Carnage+1"],"picked":"Flex+1","floor":18},{"not_picked":["Shrug It Off","Sword Boomerang"],"picked":"Iron Wave","floor":19},{"not_picked":["Searing Blow","Warcry"],"picked":"Blood for Blood","floor":20},{"not_picked":["Iron Wave+1","Searing Blow+1"],"picked":"Headbutt+1","floor":22},{"not_picked":["Carnage+1","Wild Strike"],"picked":"Intimidate","floor":27},{"not_picked":["Body Slam","Flame Barrier"],"picked":"Thunderclap","floor":31}],"player_experience":236912,"relics_obtained":[{"floor":3,"key":"Lantern"},{"floor":9,"key":"Meat on the Bone"},{"floor":26,"key":"Darkstone Periapt"},{"floor":27,"key":"Dodecahedron"}],"event_choices":[{"event_name":"Golden Wing","player_choice":"Card Removal","floor":4,"damage_taken":0},{"event_name":"Wheel of Change","player_choice":"Card Removal","floor":7,"damage_taken":0},{"event_name":"Living Wall","player_choice":"Change","floor":12,"damage_taken":0},{"event_name":"Forgotten Altar","player_choice":"Shed Blood","floor":28,"damage_taken":0}],"is_beta":false,"boss_relics":[{"not_picked":["Sozu","Coffee Dripper"],"picked":"White Beast Statue"}],"items_purged_floors":[30],"is_endless":false,"potions_floor_spawned":[2,16,18,19,20,22,24,27,31],"killed_by":"Automaton","ascension_level":2}