{"gold_per_floor":[118,118,118,136,61,95,95,114,185,360,391,6,6,81,81,210,210,226,226,226,226,249,249,292,292,318,339,339,214,234,247,247,247],"floor_reached":33,"playtime":1289,"items_purged":["Strike_B","Strike_B","Defend_B"],"score":325,"play_id":"f9c730a7-8dc3-427f-8429-960eff81116c","local_time":"20190513021015","is_ascension_mode":true,"campfire_choices":[{"data":"Ball Lightning","floor":7,"key":"SMITH"},{"floor":15,"key":"DIG"},{"floor":23,"key":"DIG"},{"floor":25,"key":"REST"},{"floor":32,"key":"REST"}],"neow_cost":"NONE","seed_source_timestamp":6951103409200,"circlet_count":0,"master_deck":["Defend_B","Defend_B","Zap","Dualcast+1","Ball Lightning+1","White Noise","BootSequence","Ball Lightning","Defragment","Static Discharge","Redo","Rainbow","Leap","Gash","Conserve Battery+1","Defragment","Gash","Tempest+1","Lockon"],"relics":["Cracked Core","Anchor","Pear","Shovel","DataDisk","Golden Idol","Question Card","Empty Cage","Letter Opener","Shuriken","Regal Pillow","Ancient Tea Set"],"potions_floor_usage":[16,18,33],"damage_taken":[{"damage":1,"enemies":"Cultist","floor":1,"turns":3},{"damage":0,"enemies":"Small Slimes","floor":4,"turns":2},{"damage":25,"enemies":"3 Sentries","floor":6,"turns":5},{"damage":0,"enemies":"Jaw Worm","floor":8,"turns":2},{"damage":20,"enemies":"Lagavulin","floor":11,"turns":7},{"damage":22,"enemies":"The Guardian","floor":16,"turns":7},{"damage":13,"enemies":"2 Thieves","floor":18,"turns":3},{"damage":0,"enemies":"Spheric Guardian","floor":22,"turns":3},{"damage":39,"enemies":"Book of Stabbing","floor":24,"turns":4},{"damage":24,"enemies":"Snake Plant","floor":27,"turns":3},{"damage":14,"enemies":"Centurion and Healer","floor":30,"turns":4},{"damage":29,"enemies":"3 Cultists","floor":31,"turns":4},{"damage":65,"enemies":"Automaton","floor":33,"turns":6}],"seed_played":"7308669429462176804","potions_obtained":[{"floor":6,"key":"FearPotion"},{"floor":11,"key":"Regen Potion"},{"floor":16,"key":"Swift Potion"},{"floor":30,"key":"Ancient Potion"},{"floor":31,"key":"SneckoOil"}],"is_trial":false,"path_per_floor":["M","?","?","M","$","E","R","M","T","?","E","$","?","?","R","B",null,"M","?","T","?","M","R","E","R","T","M","?","$","M","M","R","B"],"character_chosen":"DEFECT","items_purchased":["Static Discharge","DataDisk","Redo"],"campfire_rested":2,"item_purchase_floors":[12,12,12],"current_hp_per_floor":[81,81,74,74,74,49,49,49,59,59,39,39,39,28,28,21,85,72,72,72,72,72,72,33,73,73,49,49,49,35,6,46,0],"gold":247,"neow_bonus":"TEN_PERCENT_HP_BONUS","is_prod":false,"is_daily":false,"chose_seed":false,"campfire_upgraded":1,"win_rate":0,"timestamp":1557706215,"path_taken":["M","?","?","M","$","E","R","M","T","?","E","$","?","?","R","BOSS","M","?","?","?","M","R","E","R","T","M","?","$","?","M","R","BOSS"],"build_version":"2019-01-23","purchased_purges":3,"victory":false,"max_hp_per_floor":[82,82,82,82,82,82,82,82,92,92,92,92,85,85,85,85,85,85,85,85,85,85,85,85,85,85,85,85,85,85,85,85,85],"card_choices":[{"not_picked":["Coolheaded","Leap"],"picked":"Ball Lightning","floor":1},{"not_picked":["Cold Snap","Sunder"],"picked":"White Noise","floor":4},{"not_picked":["Rip and Tear","FTL"],"picked":"BootSequence","floor":6},{"not_picked":["Glacier","Turbo"],"picked":"Ball Lightning","floor":8},{"not_picked":["Auto Shields","Steam Power"],"picked":"Defragment","floor":11},{"not_picked":["Echo Form","Hyperbeam","Meteor Strike"],"picked":"Rainbow","floor":16},{"not_picked":["Stack","Steam Power","Gash"],"picked":"Leap","floor":18},{"not_picked":["Leap","Sunder","Coolheaded"],"picked":"Conserve Battery+1","floor":22},{"not_picked":["Turbo","Scrape","Fusion"],"picked":"Defragment","floor":24},{"not_picked":["Blizzard","Hyperbeam","Stack"],"picked":"Gash","floor":27},{"not_picked":["Rebound","Steam","Barrage"],"picked":"Tempest+1","floor":30},{"not_picked":["Steam","Reprogram","Stack"],"picked":"Lockon","floor":31}],"player_experience":531783,"relics_obtained":[{"floor":6,"key":"Anchor"},{"floor":9,"key":"Pear"},{"floor":11,"key":"Shovel"},{"floor":15,"key":"Question Card"},{"floor":20,"key":"Letter Opener"},{"floor":23,"key":"Shuriken"},{"floor":24,"key":"Regal Pillow"},{"floor":26,"key":"Ancient Tea Set"}],"event_choices":[{"damage_healed":0,"gold_gain":0,"player_choice":"Grow","damage_taken":0,"max_hp_gain":0,"max_hp_loss":0,"event_name":"Living Wall","floor":2,"gold_loss":0,"cards_upgraded":["Dualcast"]},{"cards_removed":["Strike_B"],"damage_healed":0,"gold_gain":0,"player_choice":"Card Removal","damage_taken":7,"max_hp_gain":0,"max_hp_loss":0,"event_name":"Golden Wing","floor":3,"gold_loss":0},{"damage_healed":0,"gold_gain":175,"player_choice":"AGREE","damage_taken":0,"max_hp_gain":0,"max_hp_loss":0,"event_name":"Liars Game","floor":10,"gold_loss":0,"cards_obtained":["Doubt"]},{"damage_healed":0,"gold_gain":0,"player_choice":"Lose Max HP","damage_taken":0,"relics_obtained":["Golden Idol"],"max_hp_gain":0,"max_hp_loss":7,"event_name":"Golden Idol","floor":13,"gold_loss":0},{"damage_healed":0,"gold_gain":75,"player_choice":"Gather Gold","damage_taken":11,"max_hp_gain":0,"max_hp_loss":0,"event_name":"World of Goop","floor":14,"gold_loss":0},{"damage_healed":0,"gold_gain":0,"player_choice":"Read","damage_taken":0,"max_hp_gain":0,"max_hp_loss":0,"event_name":"The Library","floor":19,"gold_loss":0,"cards_obtained":["Gash"]},{"cards_removed":["Defend_B"],"damage_healed":0,"gold_gain":0,"player_choice":"Elegance","damage_taken":0,"max_hp_gain":0,"max_hp_loss":0,"event_name":"Back to Basics","floor":21,"gold_loss":0},{"damage_healed":0,"gold_gain":0,"player_choice":"Ignored","damage_taken":0,"max_hp_gain":0,"max_hp_loss":0,"event_name":"Ghosts","floor":28,"gold_loss":0}],"is_beta":false,"boss_relics":[{"not_picked":["Sozu","Velvet Choker"],"picked":"Empty Cage"}],"items_purged_floors":[5,12,29],"is_endless":false,"potions_floor_spawned":[6,11,16,30,31],"killed_by":"Automaton","ascension_level":4}