{"gold_per_floor":[116,18,28,44,60,91,91,125,125,141,316,117,117,128,128,224,224,243,168,180,29,29,29,61,61,85,118,118,136,153,153],"floor_reached":31,"playtime":1822,"items_purged":["Strike_B","Doubt","Defend_B"],"score":328,"play_id":"c66dc70b-6548-46e2-811d-cf03a0b80255","local_time":"20180912020515","is_ascension_mode":true,"campfire_choices":[{"floor":7,"key":"REST"},{"floor":13,"key":"REST"},{"data":"Dualcast","floor":15,"key":"SMITH"},{"data":"Self Repair","floor":23,"key":"SMITH"},{"data":"Sweeping Beam","floor":25,"key":"SMITH"}],"neow_cost":"NONE","seed_source_timestamp":92683382397944,"circlet_count":0,"master_deck":["Strike_B","Strike_B","Defend_B","Defend_B","Defend_B","Zap","Dualcast+1","Sweeping Beam+1","Conserve Battery","Conserve Battery","Self Repair+1","Chill","Gash+1","Trip","Gash+1","All For One+1","Gash+1","Streamline+1","Conserve Battery","Go for the Eyes+1","FTL+1","BootSequence","Auto Shields+1"],"relics":["Cracked Core","NeowsBlessing","Bag of Marbles","Darkstone Periapt","Molten Egg 2","Inserter","Cables","DataDisk","Blood Vial","Anchor"],"potions_floor_usage":[6,6,14,30],"damage_taken":[{"damage":0,"enemies":"Jaw Worm","floor":1,"turns":1},{"damage":0,"enemies":"Small Slimes","floor":3,"turns":1},{"damage":0,"enemies":"2 Louse","floor":4,"turns":1},{"damage":11,"enemies":"Exordium Thugs","floor":5,"turns":5},{"damage":26,"enemies":"Gremlin Nob","floor":6,"turns":4},{"damage":38,"enemies":"3 Sentries","floor":8,"turns":8},{"damage":12,"enemies":"2 Fungi Beasts","floor":10,"turns":3},{"damage":8,"enemies":"Large Slime","floor":14,"turns":4},{"damage":43,"enemies":"Slime Boss","floor":16,"turns":11},{"damage":25,"enemies":"Chosen","floor":18,"turns":6},{"damage":6,"enemies":"Spheric Guardian","floor":20,"turns":4},{"damage":24,"enemies":"Gremlin Leader","floor":24,"turns":7},{"damage":24,"enemies":"Book of Stabbing","floor":27,"turns":4},{"damage":12,"enemies":"Shelled Parasite and Fungi","floor":29,"turns":4},{"damage":9,"enemies":"Chosen and Byrds","floor":30,"turns":6},{"damage":63,"enemies":"Gremlin Leader","floor":31,"turns":3}],"seed_played":"-2463918031770281131","potions_obtained":[{"floor":3,"key":"AttackPotion"},{"floor":5,"key":"Poison Potion"},{"floor":10,"key":"AttackPotion"},{"floor":18,"key":"GamblersBrew"},{"floor":29,"key":"Swift Potion"}],"is_trial":false,"path_per_floor":["M","$","M","M","M","E","R","E","T","M","?","$","R","M","R","B",null,"M","?","M","$","?","R","E","R","T","E","?","M","M"],"character_chosen":"DEFECT","items_purchased":["Conserve Battery","Trip","Conserve Battery"],"campfire_rested":2,"item_purchase_floors":[2,12,21],"current_hp_per_floor":[75,75,75,75,64,38,60,29,29,24,30,30,54,53,53,17,81,63,63,64,64,64,64,50,50,50,36,36,36,39,0],"gold":153,"neow_bonus":"THREE_ENEMY_KILL","is_prod":false,"is_daily":false,"chose_seed":false,"campfire_upgraded":3,"win_rate":0,"timestamp":1536710715,"path_taken":["M","$","M","M","M","E","R","E","T","M","?","$","R","M","R","BOSS","M","?","M","$","?","R","E","R","T","E","?","M","?","E"],"build_version":"2018-09-06","purchased_purges":3,"victory":false,"max_hp_per_floor":[75,75,75,75,75,75,75,75,75,75,81,81,81,81,81,81,81,81,81,81,81,81,81,81,81,81,81,81,81,81,81],"card_choices":[{"not_picked":["Doom and Gloom","Consume"],"picked":"Sweeping Beam","floor":1},{"not_picked":["Rebound","Rip and Tear"],"picked":"Conserve Battery","floor":3},{"not_picked":["Streamline","Go for the Eyes","Beam Cell"],"picked":"SKIP","floor":4},{"not_picked":["Sweeping Beam","Barrage","Streamline"],"picked":"SKIP","floor":5},{"not_picked":["Stack","Seek"],"picked":"Self Repair","floor":6},{"not_picked":["Streamline","Melter"],"picked":"Chill","floor":8},{"not_picked":["Rip and Tear+1","Coolheaded"],"picked":"Gash+1","floor":10},{"not_picked":["Turbo","Fusion"],"picked":"Gash+1","floor":14},{"not_picked":["Rainbow","Meteor Strike+1"],"picked":"All For One+1","floor":16},{"not_picked":["Coolheaded+1","Fusion"],"picked":"Gash+1","floor":18},{"not_picked":["Hologram","Ball Lightning+1"],"picked":"Streamline+1","floor":20},{"not_picked":["Barrage+1","Redo"],"picked":"Go for the Eyes+1","floor":24},{"not_picked":["Compile Driver+1","Tempest"],"picked":"FTL+1","floor":27},{"not_picked":["Streamline+1","Conserve Battery"],"picked":"BootSequence","floor":29},{"not_picked":["Steam+1","BootSequence"],"picked":"Auto Shields+1","floor":30}],"player_experience":300168,"relics_obtained":[{"floor":6,"key":"Bag of Marbles"},{"floor":8,"key":"Darkstone Periapt"},{"floor":9,"key":"Molten Egg 2"},{"floor":24,"key":"Cables"},{"floor":26,"key":"DataDisk"},{"floor":27,"key":"Blood Vial"}],"event_choices":[{"event_name":"Liars Game","player_choice":"agreed","floor":11,"damage_taken":0},{"event_name":"Beggar","player_choice":"Gave Gold","floor":19,"damage_taken":0},{"event_name":"Ghosts","player_choice":"Ignored","floor":22,"damage_taken":0},{"event_name":"WeMeetAgain","player_choice":"Potion","floor":28,"damage_taken":0}],"is_beta":false,"boss_relics":[{"not_picked":["Orrery","Pandora\u0027s Box"],"picked":"Inserter"}],"items_purged_floors":[2,12,21],"is_endless":false,"potions_floor_spawned":[3,5,10,18,29],"killed_by":"Gremlin Leader","ascension_level":3}