{"path_per_floor":["M","M","M","?","?","E","R","?","T","M","R","$","?","M","R"],"character_chosen":"IRONCLAD","items_purchased":["Cleave","Master of Strategy"],"gold_per_floor":[115,134,147,147,147,174,174,269,296,314,314,4,4,15,15],"floor_reached":16,"campfire_rested":0,"playtime":1806,"current_hp_per_floor":[62,66,71,53,72,63,63,59,59,65,65,65,65,62,62],"items_purged":["Defend_R"],"gold":15,"score":100,"play_id":"182e9f13-df9b-436a-a1eb-22605607d827","is_prod":false,"is_daily":false,"is_ascension_mode":false,"campfire_upgraded":3,"path_taken":["M","M","?","?","?","E","R","?","T","?","R","$","?","M","R","BOSS"],"build_version":"2018-02-12-PROD1","purchased_purges":1,"victory":false,"master_deck":["Strike_R","Strike_R","Strike_R","Strike_R","Strike_R","Defend_R","Bash","Shrug It Off+1","Iron Wave+1","Pommel Strike+1","Shrug It Off+1","Anger","Sword Boomerang","Cleave","Master of Strategy","Cleave"],"max_hp_per_floor":[72,72,72,72,72,72,72,72,72,72,72,72,72,72,72],"relics":["Burning Blood","Gambling Chip","Dream Catcher","Tiny Chest","Blood Vial"],"card_choices":[{"not_picked":["Infernal Blade","Warcry"],"picked":"Shrug It Off"},{"not_picked":["Burning Pact","Blood for Blood"],"picked":"Iron Wave"},{"not_picked":["Clash","Corruption"],"picked":"Pommel Strike"},{"not_picked":["Twin Strike","Thunderclap"],"picked":"Shrug It Off"},{"not_picked":["Corruption","Rupture"],"picked":"Anger"},{"not_picked":["Heavy Blade","Clash"],"picked":"Sword Boomerang"},{"not_picked":["Corruption","Sever Soul"],"picked":"Cleave"}],"player_experience":80054,"potions_floor_usage":[6,8,16,16],"damage_taken":[{"damage":16,"enemies":"Blue Slaver","floor":1,"turns":4},{"damage":2,"enemies":"Small Slimes","floor":2,"turns":3},{"damage":1,"enemies":"Cultist","floor":3,"turns":3},{"damage":15,"enemies":"Gremlin Nob","floor":6,"turns":4},{"damage":10,"enemies":"3 Sentries","floor":8,"turns":9},{"damage":2,"enemies":"Looter","floor":10,"turns":3},{"damage":11,"enemies":"Exordium Wildlife","floor":14,"turns":4},{"damage":80,"enemies":"The Guardian","floor":16,"turns":13}],"event_choices":[{"event_name":"Scrap Ooze","player_choice":"success","floor":4,"damage_taken":18},{"event_name":"Wheel of Change","player_choice":"Full Heal","floor":5,"damage_taken":0},{"event_name":"Dead Adventurer","player_choice":"Searched \u00271\u0027 times","floor":8,"damage_taken":0},{"event_name":"Living Wall","player_choice":"Grow","floor":13,"damage_taken":0}],"boss_relics":[],"potions_floor_spawned":[1,6,8,10],"seed_played":"-4259658601632198746","killed_by":"The Guardian","ascension_level":0,"is_trial":false}