{"path_per_floor":["M","M","M","$","M","E","R","M","T","?","M","R","?","M","R","B",null,"M","$","M","?","?"],"character_chosen":"THE_SILENT","items_purchased":["Terror","Infinite Blades","Distraction"],"gold_per_floor":[115,127,141,28,44,71,71,87,87,87,112,112,77,91,91,219,219,243,24,37,37,37],"floor_reached":23,"campfire_rested":0,"playtime":4403,"current_hp_per_floor":[68,68,67,67,63,35,35,30,30,30,19,19,35,34,34,8,65,49,49,29,29,29],"items_purged":["Strike_G","Defend_G"],"gold":37,"play_id":"00d9f4ac-b5b5-42e0-90c8-b22bbee1037d","is_prod":false,"is_daily":false,"campfire_rituals":0,"campfire_upgraded":3,"is_hardmode":false,"path_taken":["M","M","M","$","M","E","R","M","T","?","M","R","?","M","R","BOSS","M","$","M","?","?","E"],"build_version":"2018-01-18-PROD4","purchased_purges":2,"victory":false,"master_deck":["Defend_G","Defend_G","Defend_G","Strike_G","Survivor","Neutralize","PiercingWail","Prepared","Infinite Blades","Terror","Backflip","Finisher","Predator","Deadly Poison","Crippling Poison","A Thousand Cuts","Slice","Outmaneuver","Unload","Blur","Infinite Blades","Distraction","Deadly Poison"],"max_hp_per_floor":[70,70,70,70,70,70,70,70,70,65,65,65,65,65,65,65,65,65,65,65,65,65],"relics":["Ring of the Snake","Gremlin Horn","Matryoshka","Golden Idol","Astrolabe"],"campfire_meditates":0,"card_choices":[{"not_picked":["Quick Slash","Calculated Gamble"],"picked":"PiercingWail"},{"not_picked":["Dodge and Roll","Outmaneuver"],"picked":"Prepared"},{"not_picked":["Dodge and Roll","Outmaneuver"],"picked":"Infinite Blades"},{"not_picked":["Dagger Throw","Acrobatics"],"picked":"Backflip"},{"not_picked":["Sucker Punch","Unload"],"picked":"Finisher"},{"not_picked":["Leg Sweep","Terror"],"picked":"Predator"},{"not_picked":["Prepared","PiercingWail"],"picked":"Deadly Poison"},{"not_picked":["Riddle With Holes","Deflect"],"picked":"Crippling Poison"},{"not_picked":["Glass Knife","Venomology"],"picked":"A Thousand Cuts"},{"not_picked":["Calculated Gamble","PiercingWail"],"picked":"Blur"},{"not_picked":["Eviscerate","Quick Slash"],"picked":"Deadly Poison"}],"player_experience":19165,"potions_floor_usage":[20],"damage_taken":[{"damage":2,"enemies":"Small Slimes","floor":1,"turns":4},{"damage":0,"enemies":"Jaw Worm","floor":2,"turns":4},{"damage":1,"enemies":"2 Louse","floor":3,"turns":4},{"damage":4,"enemies":"2 Fungi Beasts","floor":5,"turns":4},{"damage":28,"enemies":"3 Sentries","floor":6,"turns":11},{"damage":5,"enemies":"Exordium Thugs","floor":8,"turns":4},{"damage":11,"enemies":"Gremlin Gang","floor":11,"turns":4},{"damage":1,"enemies":"2 Fungi Beasts","floor":14,"turns":4},{"damage":26,"enemies":"The Guardian","floor":16,"turns":10},{"damage":16,"enemies":"3 Byrds","floor":18,"turns":5},{"damage":20,"enemies":"2 Thieves","floor":20,"turns":5},{"damage":32,"enemies":"Gremlin Leader","floor":23,"turns":3}],"event_choices":[{"event_name":"Golden Idol","player_choice":"Lose Max HP","floor":10,"damage_taken":0},{"event_name":"The Cleric","player_choice":"Healed","floor":13,"damage_taken":0},{"event_name":"Purifier","player_choice":"One Purge","floor":21,"damage_taken":0},{"event_name":"Drug Dealer","player_choice":"Ignored","floor":22,"damage_taken":0}],"boss_relics":[{"not_picked":["Black Star","Question Card"],"picked":"Astrolabe"}],"potions_floor_spawned":[2,11,14,16,20],"seed_played":"8270697812064199633","killed_by":"Gremlin Leader","is_trial":false}