{"path_per_floor":["M","M","M","M","M","E","R","E","T","R","E","M","R","$","R","B",null,"M","M","M","M","?","R","$","M","T","?","R","M","R","$","R","B",null,"M","M","M","M","M","R","M","M","T","R","M","R","$","?","R","B"],"character_chosen":"IRONCLAD","items_purchased":["Feed","Shrug It Off","Iron Wave","Flex"],"gold_per_floor":[17,32,50,63,74,109,109,134,183,183,209,221,221,6,6,107,107,124,138,156,174,89,89,17,33,33,33,33,50,50,0,0,98,98,113,129,148,159,171,171,186,201,224,224,241,241,141,141,141,141],"floor_reached":51,"campfire_rested":4,"playtime":5078,"current_hp_per_floor":[80,80,78,64,56,39,63,50,50,74,80,80,80,80,80,56,83,70,72,58,52,52,77,77,59,59,59,59,65,65,65,65,11,89,89,88,93,73,66,66,98,88,88,88,85,85,85,85,104,26],"items_purged":["Defend_R","Strike_R"],"gold":141,"score":576,"play_id":"9511e69d-b047-44d9-bcef-1b0082e51ac6","is_prod":false,"is_daily":false,"is_ascension_mode":false,"campfire_upgraded":8,"path_taken":["M","?","M","M","M","E","R","E","T","R","E","M","R","?","R","BOSS","M","M","M","M","?","R","$","?","T","?","R","M","R","$","R","BOSS","M","M","M","M","M","R","M","M","T","R","M","R","$","?","R","BOSS"],"build_version":"2018-02-15-PROD1","purchased_purges":2,"victory":true,"master_deck":["Strike_R","Strike_R","Bash","Pommel Strike","Heavy Blade+1","Clothesline","Seeing Red+1","Pommel Strike","Spot Weakness+1","Flex+1","Cleave","Pommel Strike+1","Feed","Barricade+1","Rampage+1","Berserk+1","Battle Trance+1","Dropkick","Headbutt","Clash","Shrug It Off+1","Iron Wave","Heavy Blade+1","Seeing Red+1","Headbutt","Flex+1","Reaper","Perfected Strike+1","Pommel Strike+1","Sword Boomerang+1","Impervious","Iron Wave+1","Shrug It Off+1"],"max_hp_per_floor":[80,80,80,80,80,80,80,80,80,80,80,80,80,80,80,83,83,83,83,83,86,86,86,86,86,86,86,86,89,89,89,89,89,89,89,92,95,95,98,98,98,101,101,101,104,104,104,104,104,104],"relics":["Burning Blood","Vajra","Calipers","Orichalcum","Lantern","Astrolabe","Bag of Marbles","Sundial","Sozu","Ancient Tea Set"],"card_choices":[{"not_picked":["Evolve","Intimidate"],"picked":"Pommel Strike"},{"not_picked":["Perfected Strike","Body Slam"],"picked":"Heavy Blade"},{"not_picked":["Sentinel","Uppercut"],"picked":"Clothesline"},{"not_picked":["Armaments","Exhume"],"picked":"Seeing Red"},{"not_picked":["Flex","Armaments"],"picked":"Pommel Strike"},{"not_picked":["Bloodletting","True Grit"],"picked":"Spot Weakness"},{"not_picked":["Anger","Clash"],"picked":"Flex"},{"not_picked":["Inflame","Perfected Strike"],"picked":"Cleave"},{"not_picked":["Offering","Heavy Blade"],"picked":"Pommel Strike"},{"not_picked":["Clothesline","Body Slam"],"picked":"Battle Trance"},{"not_picked":["Anger","Hemokinesis"],"picked":"Dropkick"},{"not_picked":["Twin Strike","Clothesline"],"picked":"Headbutt"},{"not_picked":["Wild Strike","Body Slam"],"picked":"Clash"},{"not_picked":["Twin Strike","Havoc"],"picked":"Heavy Blade"},{"not_picked":["Heavy Blade","Sentinel"],"picked":"Headbutt"},{"not_picked":["Berserk","Fiend Fire"],"picked":"Reaper"},{"not_picked":["Pummel","Headbutt"],"picked":"Perfected Strike"},{"not_picked":["Flame Barrier","Perfected Strike"],"picked":"Pommel Strike"},{"not_picked":["Twin Strike","Combust"],"picked":"Sword Boomerang"},{"not_picked":["Pommel Strike","Clothesline"],"picked":"Impervious"},{"not_picked":["Shockwave","Armaments"],"picked":"Iron Wave"},{"not_picked":["Searing Blow","Clothesline"],"picked":"Shrug It Off"}],"player_experience":118172,"potions_floor_usage":[6,6,16,25,33,33,33],"damage_taken":[{"damage":6,"enemies":"Cultist","floor":1,"turns":3},{"damage":0,"enemies":"Small Slimes","floor":2,"turns":2},{"damage":8,"enemies":"Jaw Worm","floor":3,"turns":3},{"damage":20,"enemies":"Large Slime","floor":4,"turns":6},{"damage":14,"enemies":"Lots of Slimes","floor":5,"turns":4},{"damage":35,"enemies":"Gremlin Nob","floor":6,"turns":5},{"damage":19,"enemies":"3 Sentries","floor":8,"turns":5},{"damage":0,"enemies":"Gremlin Nob","floor":11,"turns":3},{"damage":2,"enemies":"3 Louse","floor":12,"turns":2},{"damage":33,"enemies":"Slime Boss","floor":16,"turns":9},{"damage":19,"enemies":"3 Byrds","floor":18,"turns":6},{"damage":4,"enemies":"Spheric Guardian","floor":19,"turns":3},{"damage":20,"enemies":"Centurion and Healer","floor":20,"turns":4},{"damage":15,"enemies":"Chosen and Byrds","floor":21,"turns":5},{"damage":24,"enemies":"Slaver and Parasite","floor":25,"turns":4},{"damage":3,"enemies":"3 Cultists","floor":29,"turns":4},{"damage":60,"enemies":"Automaton","floor":33,"turns":8},{"damage":8,"enemies":"3 Darklings","floor":35,"turns":4},{"damage":10,"enemies":"3 Shapes","floor":36,"turns":4},{"damage":4,"enemies":"Sphere and 2 Shapes","floor":37,"turns":3},{"damage":26,"enemies":"Maw","floor":38,"turns":5},{"damage":38,"enemies":"4 Shapes","floor":39,"turns":4},{"damage":0,"enemies":"3 Darklings","floor":41,"turns":2},{"damage":22,"enemies":"Maw","floor":42,"turns":5},{"damage":13,"enemies":"4 Shapes","floor":45,"turns":4},{"damage":84,"enemies":"Time Eater","floor":50,"turns":9}],"event_choices":[{"event_name":"Addict","player_choice":"Obtained Relic","floor":22,"damage_taken":0},{"event_name":"Duplicator","player_choice":"One dupe","floor":27,"damage_taken":0},{"event_name":"Match and Keep!","player_choice":"0 cards matched","floor":48,"damage_taken":0}],"boss_relics":[{"not_picked":["Runic Dome","Tiny House"],"picked":"Astrolabe"},{"not_picked":["Snecko Eye","Black Star"],"picked":"Sozu"}],"potions_floor_spawned":[2,4,6,16,19,21,25,29,33,37,39,41,42],"seed_played":"5946882888256569896","ascension_level":0,"is_trial":false}