{"gold_per_floor":[118,118,2,2,20,64,64,64,141,141,159,114],"floor_reached":12,"playtime":524,"items_purged":["Strike_G"],"score":103,"play_id":"4ab0e1b6-c7ce-463e-967b-834fa987f4cd","local_time":"20190519040716","is_ascension_mode":true,"campfire_choices":[{"floor":8,"key":"REST"},{"floor":10,"key":"REST"}],"neow_cost":"NONE","seed_source_timestamp":56019122120400,"circlet_count":0,"master_deck":["Defend_G","Defend_G","Defend_G","Defend_G","Defend_G","Strike_G","Strike_G","Strike_G","Survivor","Neutralize+1","Expertise","Footwork+1","Cloak And Dagger","Outmaneuver"],"relics":["Ring of the Snake","Golden Idol","Meat on the Bone","Art of War","Matryoshka"],"potions_floor_usage":[6],"damage_taken":[{"damage":2,"enemies":"Jaw Worm","floor":1,"turns":7},{"damage":0,"enemies":"2 Louse","floor":5,"turns":4},{"damage":10,"enemies":"Gremlin Nob","floor":6,"turns":5},{"damage":6,"enemies":"Small Slimes","floor":11,"turns":6},{"damage":1,"enemies":"Looter","floor":12,"turns":5}],"seed_played":"3430825936889643968","potions_obtained":[{"floor":1,"key":"PowerPotion"}],"is_trial":false,"path_per_floor":["M","?","$","?","M","E","?","R","T","R","M","M"],"character_chosen":"THE_SILENT","items_purchased":["Footwork"],"campfire_rested":2,"item_purchase_floors":[3],"current_hp_per_floor":[61,44,44,30,30,20,8,29,29,50,44,43],"gold":114,"neow_bonus":"REMOVE_CARD","is_prod":false,"is_daily":false,"chose_seed":false,"campfire_upgraded":0,"win_rate":0,"timestamp":1558231636,"path_taken":["M","?","$","?","M","E","?","R","T","R","M","?"],"build_version":"2019-01-23","purchased_purges":1,"victory":false,"max_hp_per_floor":[70,70,70,70,70,70,70,70,70,70,70,70],"card_choices":[{"not_picked":["Quick Slash","Well Laid Plans"],"picked":"Expertise","floor":1},{"not_picked":["Setup","Bane"],"picked":"Cloak And Dagger","floor":5},{"not_picked":["Reflex","Slice","Concentrate"],"picked":"SKIP","floor":6},{"not_picked":["Prepared","Well Laid Plans"],"picked":"Outmaneuver","floor":11},{"not_picked":["Dagger Spray","Underhanded Strike","A Thousand Cuts"],"picked":"SKIP","floor":12}],"player_experience":547323,"relics_obtained":[{"floor":6,"key":"Meat on the Bone"},{"floor":9,"key":"Matryoshka"}],"event_choices":[{"damage_healed":0,"gold_gain":0,"player_choice":"Take Damage","damage_taken":17,"relics_obtained":["Golden Idol"],"max_hp_gain":0,"max_hp_loss":0,"event_name":"Golden Idol","floor":2,"gold_loss":0},{"damage_healed":0,"gold_gain":0,"player_choice":"Entered Light","damage_taken":14,"max_hp_gain":0,"max_hp_loss":0,"event_name":"Shining Light","floor":4,"gold_loss":0,"cards_upgraded":["Neutralize","Footwork"]},{"damage_healed":0,"gold_gain":0,"player_choice":"Success","damage_taken":12,"relics_obtained":["Art of War"],"max_hp_gain":0,"max_hp_loss":0,"event_name":"Scrap Ooze","floor":7,"gold_loss":0}],"is_beta":false,"boss_relics":[],"items_purged_floors":[3],"is_endless":false,"potions_floor_spawned":[1],"killed_by":"Looter","ascension_level":7}