{"gold_per_floor":[209,223,223,242,5,45,45,66,89,114,149,149,172,186,186,311,311,327,327,73,91,104,104,116,132,132,16,16],"floor_reached":28,"playtime":3020,"items_purged":["Strike_G"],"score":269,"play_id":"355be15e-b0b8-4916-9eea-f0cff3118ad4","local_time":"20181128210255","is_ascension_mode":true,"campfire_choices":[{"floor":7,"key":"REST"},{"floor":15,"key":"REST"},{"data":"After Image","floor":23,"key":"SMITH"}],"neow_cost":"NONE","seed_source_timestamp":2256565038762,"circlet_count":0,"master_deck":["Defend_G","Defend_G","Defend_G","Defend_G","Defend_G","Strike_G","Strike_G","Strike_G","Strike_G","Survivor","Neutralize","Flying Knee","Bouncing Flask","Dodge and Roll","Infinite Blades","Storm of Steel","Bouncing Flask","Leg Sweep","After Image+1","Dodge and Roll","Infinite Blades","Bullet Time","Calculated Gamble+1","Footwork","Dash","Dodge and Roll","Blur","Accuracy+1","Mind Blast"],"relics":["Ring of the Snake","Bloody Idol","Membership Card","PreservedInsect","Bag of Preparation","Art of War","Sozu","Peace Pipe","Pear","Regal Pillow"],"potions_floor_usage":[6,11,16,16],"damage_taken":[{"damage":0,"enemies":"Jaw Worm","floor":1,"turns":4},{"damage":3,"enemies":"2 Louse","floor":2,"turns":3},{"damage":1,"enemies":"Small Slimes","floor":4,"turns":5},{"damage":13,"enemies":"Lagavulin","floor":6,"turns":8},{"damage":21,"enemies":"Gremlin Gang","floor":8,"turns":5},{"damage":6,"enemies":"Red Slaver","floor":10,"turns":4},{"damage":10,"enemies":"3 Sentries","floor":11,"turns":7},{"damage":0,"enemies":"Large Slime","floor":13,"turns":7},{"damage":0,"enemies":"3 Louse","floor":14,"turns":4},{"damage":10,"enemies":"Slime Boss","floor":16,"turns":9},{"damage":7,"enemies":"Spheric Guardian","floor":18,"turns":6},{"damage":10,"enemies":"3 Byrds","floor":21,"turns":6},{"damage":12,"enemies":"Snake Plant","floor":22,"turns":8},{"damage":17,"enemies":"Cultist and Chosen","floor":24,"turns":7},{"damage":32,"enemies":"Chosen and Byrds","floor":25,"turns":8},{"damage":22,"enemies":"Sentry and Sphere","floor":28,"turns":5}],"seed_played":"-1408737166249668746","potions_obtained":[{"floor":2,"key":"Dexterity Potion"},{"floor":8,"key":"SkillPotion"},{"floor":10,"key":"FearPotion"},{"floor":13,"key":"PowerPotion"}],"is_trial":false,"path_per_floor":["M","M","?","M","$","E","R","M","T","M","E","?","M","M","R","B",null,"M","?","$","M","M","R","M","M","T","$","M"],"character_chosen":"THE_SILENT","items_purchased":["Membership Card","Infinite Blades","Footwork","Dash","Peace Pipe","Regal Pillow","Mind Blast"],"campfire_rested":2,"item_purchase_floors":[5,5,20,20,20,27,27],"current_hp_per_floor":[70,67,50,49,49,36,57,36,36,30,20,20,20,20,41,31,70,63,63,63,58,51,51,39,12,22,22,0],"gold":16,"neow_bonus":"HUNDRED_GOLD","is_prod":false,"is_daily":false,"chose_seed":false,"campfire_upgraded":1,"win_rate":0,"timestamp":1543435375,"path_taken":["M","M","?","M","$","E","R","M","T","M","E","?","M","M","R","BOSS","M","?","$","M","M","R","M","M","T","$","M"],"build_version":"2018-11-15","purchased_purges":1,"victory":false,"max_hp_per_floor":[70,70,70,70,70,70,70,70,70,70,70,70,70,70,70,70,70,70,70,70,70,70,70,70,70,80,80,80],"card_choices":[{"not_picked":["Bane","Underhanded Strike"],"picked":"Flying Knee","floor":1},{"not_picked":["Poisoned Stab","PiercingWail"],"picked":"Bouncing Flask","floor":2},{"not_picked":["Sucker Punch","Grand Finale"],"picked":"Dodge and Roll","floor":4},{"not_picked":["Poisoned Stab","Slice"],"picked":"Storm of Steel","floor":6},{"not_picked":["Dagger Spray","Sucker Punch"],"picked":"Bouncing Flask","floor":8},{"not_picked":["Quick Slash","Masterful Stab"],"picked":"Leg Sweep","floor":10},{"not_picked":["Blur","Dagger Throw"],"picked":"After Image","floor":11},{"not_picked":["Underhanded Strike","Choke"],"picked":"Dodge and Roll","floor":13},{"not_picked":["Dagger Spray","Underhanded Strike"],"picked":"Infinite Blades","floor":14},{"not_picked":["Doppelganger","A Thousand Cuts"],"picked":"Bullet Time","floor":16},{"not_picked":["Bouncing Flask","Slice"],"picked":"Calculated Gamble+1","floor":18},{"not_picked":["Deflect","Reflex"],"picked":"Dodge and Roll","floor":21},{"not_picked":["Backstab","Sucker Punch","Dodge and Roll"],"picked":"SKIP","floor":22},{"not_picked":["Tactician","Masterful Stab"],"picked":"Blur","floor":24},{"not_picked":["Underhanded Strike","Flying Knee+1"],"picked":"Accuracy+1","floor":25}],"player_experience":407778,"relics_obtained":[{"floor":6,"key":"PreservedInsect"},{"floor":9,"key":"Bag of Preparation"},{"floor":11,"key":"Art of War"},{"floor":26,"key":"Pear"}],"event_choices":[{"damage_healed":0,"gold_gain":0,"player_choice":"Take Damage","damage_taken":17,"relics_obtained":["Golden Idol"],"max_hp_gain":0,"max_hp_loss":0,"event_name":"Golden Idol","floor":3,"gold_loss":0},{"damage_healed":0,"gold_gain":0,"player_choice":"Fled","damage_taken":0,"max_hp_gain":0,"max_hp_loss":0,"event_name":"Scrap Ooze","floor":12,"gold_loss":0},{"damage_healed":0,"gold_gain":0,"player_choice":"Gave Idol","damage_taken":0,"relics_obtained":["Bloody Idol"],"max_hp_gain":0,"max_hp_loss":0,"event_name":"Forgotten Altar","floor":19,"relics_lost":["Golden Idol"],"gold_loss":0}],"is_beta":false,"boss_relics":[{"not_picked":["Velvet Choker","Coffee Dripper"],"picked":"Sozu"}],"items_purged_floors":[20],"is_endless":false,"potions_floor_spawned":[2,8,10,13,18,21,22],"killed_by":"Sentry and Sphere","ascension_level":3}