{"gold_per_floor":[115,115,115,126,136,136,27,27,27,27,27,27,38,52,52,151,151,161,175,175,188,403,403,417,417,417,417,431,431,431],"floor_reached":30,"playtime":1973,"items_purged":["Strike_G"],"score":275,"play_id":"05d415e3-d981-4614-b12c-097960bcd4ec","local_time":"20190405011753","is_ascension_mode":true,"campfire_choices":[{"data":"Blur","floor":6,"key":"SMITH"},{"data":"Infinite Blades","floor":8,"key":"SMITH"},{"data":"Backstab","floor":11,"key":"SMITH"},{"data":"Blade Dance","floor":15,"key":"SMITH"},{"floor":23,"key":"REST"},{"data":"Survivor","floor":25,"key":"SMITH"},{"floor":29,"key":"REST"}],"neow_cost":"NONE","seed_source_timestamp":114763478021300,"circlet_count":0,"master_deck":["Defend_G","Defend_G","Defend_G","Defend_G","Survivor+1","Neutralize+1","Backflip","Blur+1","Backstab+1","Infinite Blades+1","Crippling Poison","Blade Dance+1","Corpse Explosion","Riddle With Holes+1","Reflex+1","Bane+1","Poisoned Stab+1","Skewer+1","Backstab+1","Dagger Spray+1","Sucker Punch+1"],"relics":["Ring of the Snake","Bag of Preparation","Molten Egg 2","Astrolabe","Old Coin","Darkstone Periapt","Enchiridion"],"potions_floor_usage":[16,30,30],"damage_taken":[{"damage":1,"enemies":"Cultist","floor":1,"turns":5},{"damage":0,"enemies":"Small Slimes","floor":4,"turns":5},{"damage":1,"enemies":"Jaw Worm","floor":5,"turns":7},{"damage":1,"enemies":"Red Slaver","floor":13,"turns":6},{"damage":0,"enemies":"Large Slime","floor":14,"turns":9},{"damage":42,"enemies":"The Guardian","floor":16,"turns":21},{"damage":5,"enemies":"Shell Parasite","floor":18,"turns":7},{"damage":22,"enemies":"2 Thieves","floor":19,"turns":2},{"damage":8,"enemies":"Snecko","floor":21,"turns":4},{"damage":8,"enemies":"Cultist and Chosen","floor":24,"turns":6},{"damage":15,"enemies":"Shelled Parasite and Fungi","floor":28,"turns":5},{"damage":29,"enemies":"Book of Stabbing","floor":30,"turns":5}],"seed_played":"-3553485293960871855","potions_obtained":[{"floor":1,"key":"Dexterity Potion"},{"floor":14,"key":"Block Potion"},{"floor":19,"key":"SneckoOil"},{"floor":21,"key":"EntropicBrew"}],"is_trial":false,"path_per_floor":["M","?","?","M","M","R","$","R","T","$","R","?","M","M","R","B",null,"M","M","?","M","?","R","M","R","T","?","M","R","E"],"character_chosen":"THE_SILENT","items_purchased":["Infinite Blades"],"campfire_rested":2,"item_purchase_floors":[7],"current_hp_per_floor":[69,62,62,62,61,61,61,61,61,61,61,61,60,60,60,18,57,52,30,30,22,22,43,35,35,35,19,4,25,0],"gold":431,"neow_bonus":"REMOVE_CARD","is_prod":false,"is_daily":false,"chose_seed":false,"campfire_upgraded":5,"win_rate":0,"timestamp":1554419873,"path_taken":["M","?","?","M","?","R","$","R","T","$","R","?","?","M","R","BOSS","M","M","?","M","?","R","M","R","T","?","M","R","E"],"build_version":"2019-01-23","purchased_purges":1,"victory":false,"max_hp_per_floor":[70,70,70,70,70,70,70,70,70,70,70,70,70,70,70,70,70,70,70,70,70,70,70,70,70,70,70,70,70,70],"card_choices":[{"not_picked":["Riddle With Holes","Dodge and Roll"],"picked":"Backflip","floor":1},{"not_picked":["Flying Knee","Caltrops"],"picked":"Blur","floor":4},{"not_picked":["Dash","Sucker Punch"],"picked":"Backstab","floor":5},{"not_picked":["Blade Dance","Dodge and Roll"],"picked":"Crippling Poison","floor":13},{"not_picked":["Cloak And Dagger","Bane+1"],"picked":"Blade Dance","floor":14},{"not_picked":["Die Die Die+1","Grand Finale+1"],"picked":"Corpse Explosion","floor":16},{"not_picked":["Acrobatics+1","Flying Knee+1"],"picked":"Poisoned Stab+1","floor":18},{"not_picked":["Well Laid Plans","Quick Slash+1"],"picked":"Skewer+1","floor":19},{"not_picked":["Bane+1","Poisoned Stab+1"],"picked":"Backstab+1","floor":21},{"not_picked":["Underhanded Strike+1","Endless Agony+1"],"picked":"Dagger Spray+1","floor":24},{"not_picked":["Deflect","Concentrate"],"picked":"Sucker Punch+1","floor":28}],"player_experience":483388,"relics_obtained":[{"floor":9,"key":"Bag of Preparation"},{"floor":26,"key":"Darkstone Periapt"},{"floor":27,"key":"Enchiridion"}],"event_choices":[{"cards_removed":["Strike_G"],"damage_healed":0,"gold_gain":0,"player_choice":"Card Removal","damage_taken":7,"max_hp_gain":0,"max_hp_loss":0,"event_name":"Golden Wing","floor":2,"gold_loss":0},{"damage_healed":0,"gold_gain":0,"player_choice":"Upgraded","damage_taken":0,"max_hp_gain":0,"max_hp_loss":0,"event_name":"Upgrade Shrine","floor":3,"gold_loss":0,"cards_upgraded":["Neutralize"]},{"damage_healed":0,"gold_gain":0,"player_choice":"Gave Potion","damage_taken":0,"relics_obtained":["Molten Egg 2"],"max_hp_gain":0,"max_hp_loss":0,"event_name":"WeMeetAgain","floor":12,"gold_loss":0},{"damage_healed":0,"gold_gain":0,"player_choice":"Ignored","damage_taken":0,"max_hp_gain":0,"max_hp_loss":0,"event_name":"Vampires","floor":20,"gold_loss":0},{"damage_healed":0,"gold_gain":0,"player_choice":"Obtained Relic","damage_taken":0,"relics_obtained":["Old Coin"],"max_hp_gain":0,"max_hp_loss":0,"event_name":"Addict","floor":22,"gold_loss":85},{"damage_healed":0,"gold_gain":0,"player_choice":"Obtained Book","damage_taken":16,"max_hp_gain":0,"max_hp_loss":0,"event_name":"Cursed Tome","floor":27,"gold_loss":0}],"is_beta":false,"boss_relics":[{"not_picked":["Fusion Hammer","Empty Cage"],"picked":"Astrolabe"}],"items_purged_floors":[7],"is_endless":false,"potions_floor_spawned":[1,14,19,21],"killed_by":"Book of Stabbing","ascension_level":5}