{"gold_per_floor":[114,114,6,19,19,54,54,68,68,79,97,116,116,142,142,238,238,258,258,269,269,284,284,383,383,408,408],"floor_reached":27,"playtime":1319,"items_purged":["Strike_B"],"score":328,"play_id":"edad3870-5e18-4790-ac90-9ddda6cb23a3","local_time":"20190508011202","is_ascension_mode":true,"campfire_choices":[{"data":"All For One","floor":7,"key":"SMITH"},{"data":"Lockon","floor":13,"key":"SMITH"},{"data":"Defragment","floor":15,"key":"SMITH"},{"data":"White Noise","floor":23,"key":"SMITH"},{"data":"Buffer","floor":25,"key":"SMITH"}],"neow_cost":"NONE","seed_source_timestamp":6419177595000,"circlet_count":0,"master_deck":["Strike_B","Strike_B","Strike_B","Defend_B","Defend_B","Defend_B","Defend_B","Zap+1","Dualcast+1","All For One+1","Reinforced Body","Darkness","Defragment+1","Hologram","Auto Shields","Beam Cell","Reboot","Lockon+1","Go for the Eyes","Buffer+1","Gash","Consume","White Noise+1"],"relics":["Cracked Core","Pocketwatch","Mummified Hand","Dream Catcher","Inserter","Smiling Mask"],"potions_floor_usage":[6,6,14,20,20,20],"damage_taken":[{"damage":4,"enemies":"2 Louse","floor":1,"turns":3},{"damage":0,"enemies":"Cultist","floor":4,"turns":4},{"damage":6,"enemies":"Lagavulin","floor":6,"turns":5},{"damage":3,"enemies":"Small Slimes","floor":8,"turns":2},{"damage":15,"enemies":"Gremlin Gang","floor":10,"turns":4},{"damage":0,"enemies":"Looter","floor":11,"turns":2},{"damage":0,"enemies":"Blue Slaver","floor":12,"turns":2},{"damage":2,"enemies":"Gremlin Nob","floor":14,"turns":3},{"damage":0,"enemies":"Slime Boss","floor":16,"turns":3},{"damage":0,"enemies":"Spheric Guardian","floor":18,"turns":3},{"damage":0,"enemies":"Shell Parasite","floor":20,"turns":4},{"damage":21,"enemies":"Snake Plant","floor":22,"turns":4},{"damage":56,"enemies":"Book of Stabbing","floor":27,"turns":6}],"seed_played":"-5490794305310504181","potions_obtained":[{"floor":1,"key":"PowerPotion"},{"floor":4,"key":"EssenceOfSteel"},{"floor":8,"key":"FearPotion"},{"floor":12,"key":"Block Potion"},{"floor":14,"key":"Swift Potion"},{"floor":18,"key":"Energy Potion"},{"floor":19,"key":"AttackPotion"}],"is_trial":false,"path_per_floor":["M","?","$","M","?","E","R","M","T","M","M","M","R","E","R","B",null,"M","?","M","?","M","R","?","R","T","E"],"character_chosen":"DEFECT","items_purchased":["Darkness"],"campfire_rested":0,"item_purchase_floors":[3],"current_hp_per_floor":[71,71,71,71,71,65,65,62,62,47,47,47,47,45,45,45,75,75,75,75,75,54,54,54,54,54,0],"gold":408,"neow_bonus":"ONE_RANDOM_RARE_CARD","is_prod":false,"is_daily":false,"chose_seed":false,"campfire_upgraded":5,"win_rate":0,"timestamp":1557270722,"path_taken":["M","?","$","?","?","E","R","M","T","?","M","M","R","E","R","BOSS","M","?","?","?","M","R","?","R","T","E"],"build_version":"2019-01-23","purchased_purges":1,"victory":false,"max_hp_per_floor":[75,75,75,75,75,75,75,75,75,75,75,75,75,75,75,75,75,75,75,75,75,75,75,75,75,75,75],"card_choices":[{"not_picked":["Undo","Turbo"],"picked":"Reinforced Body","floor":1},{"not_picked":["Coolheaded","Ball Lightning"],"picked":"Defragment","floor":4},{"not_picked":["Blizzard","Turbo"],"picked":"Hologram","floor":6},{"not_picked":["Sweeping Beam","Capacitor"],"picked":"Auto Shields","floor":8},{"not_picked":["Hologram","Auto Shields"],"picked":"Beam Cell","floor":10},{"not_picked":["Compile Driver","Chaos"],"picked":"Reboot","floor":11},{"not_picked":["Melter","Redo"],"picked":"Lockon","floor":12},{"not_picked":["Coolheaded","Leap"],"picked":"Go for the Eyes","floor":14},{"not_picked":["Meteor Strike","Core Surge"],"picked":"Buffer","floor":16},{"not_picked":["Compile Driver","Beam Cell"],"picked":"Gash","floor":18},{"not_picked":["Auto Shields","Ball Lightning+1"],"picked":"Consume","floor":20},{"not_picked":["Blizzard","Reprogram"],"picked":"White Noise","floor":22}],"player_experience":520965,"relics_obtained":[{"floor":6,"key":"Pocketwatch"},{"floor":9,"key":"Mummified Hand"},{"floor":14,"key":"Dream Catcher"},{"floor":26,"key":"Smiling Mask"}],"event_choices":[{"damage_healed":0,"gold_gain":0,"player_choice":"Upgraded","damage_taken":0,"max_hp_gain":0,"max_hp_loss":0,"event_name":"Upgrade Shrine","floor":2,"gold_loss":0,"cards_upgraded":["Zap"]},{"damage_healed":0,"gold_gain":0,"player_choice":"Forge","damage_taken":0,"max_hp_gain":0,"max_hp_loss":0,"event_name":"Accursed Blacksmith","floor":5,"gold_loss":0,"cards_upgraded":["Dualcast"]},{"damage_healed":0,"gold_gain":0,"player_choice":"Got Potions","damage_taken":0,"max_hp_gain":0,"max_hp_loss":0,"event_name":"Lab","floor":19,"gold_loss":0},{"damage_healed":0,"gold_gain":0,"player_choice":"Ignored","damage_taken":0,"max_hp_gain":0,"max_hp_loss":0,"event_name":"Vampires","floor":21,"gold_loss":0},{"damage_healed":0,"gold_gain":99,"player_choice":"Stole From Cult","damage_taken":0,"max_hp_gain":0,"max_hp_loss":0,"event_name":"Nest","floor":24,"gold_loss":0}],"is_beta":false,"boss_relics":[{"not_picked":["Snecko Eye","FrozenCore"],"picked":"Inserter"}],"items_purged_floors":[3],"is_endless":false,"potions_floor_spawned":[1,4,8,12,14,18],"killed_by":"Book of Stabbing","ascension_level":4}