{"path_per_floor":["M","$","M","?","M","M","R","M","T","$","M","R","M","M","R","B",null,"M","M","$","M","M","M"],"character_chosen":"DEFECT","items_purchased":["Bandage Up","Hello World","Electrodynamics"],"gold_per_floor":[111,22,32,32,42,54,54,73,126,14,27,27,42,61,61,160,160,173,187,36,53,69,79,79],"floor_reached":24,"campfire_rested":0,"playtime":2102,"item_purchase_floors":[2,10,20],"current_hp_per_floor":[37,37,41,46,45,38,38,35,35,35,41,41,47,53,53,22,80,80,57,57,44,16,6,0],"items_purged":["Defend_B"],"gold":79,"score":196,"play_id":"1e1bd44d-4467-4e86-bbb4-47fe8f096373","local_time":"20180612013114","is_prod":false,"is_daily":false,"chose_seed":false,"is_ascension_mode":false,"campfire_upgraded":3,"win_rate":0,"timestamp":1528759874,"campfire_choices":[{"data":"Bandage Up","floor":7,"key":"SMITH"},{"data":"Redo","floor":12,"key":"SMITH"},{"data":"Zap","floor":15,"key":"SMITH"}],"path_taken":["M","?","M","?","M","M","R","?","T","$","M","R","M","M","R","BOSS","M","M","$","M","?","M","E"],"build_version":"2018-06-07v3","seed_source_timestamp":6039446363138,"purchased_purges":1,"victory":false,"master_deck":["Strike_B","Defend_B+1","Zap+1","Dualcast+1","Coolheaded","Bandage Up+1","Redo","Conserve Battery","Redo+1","Glacier","Hello World","Barrage","Creative AI","Meteor Strike+1","Chaos+1","FTL+1","Defragment","Hologram+1","Electrodynamics","Beam Cell+1","Barrage+1"],"max_hp_per_floor":[75,75,75,80,80,80,80,80,80,80,80,80,80,80,80,80,80,80,80,80,80,80,80,80],"relics":["Cracked Core","War Paint","Astrolabe"],"card_choices":[{"not_picked":["Gash","Go for the Eyes"],"picked":"Coolheaded","floor":1},{"not_picked":["Auto Shields","Go for the Eyes"],"picked":"Redo","floor":3},{"not_picked":["Hyperbeam","Undo"],"picked":"Conserve Battery","floor":5},{"not_picked":["Conserve Battery","Sweeping Beam"],"picked":"Redo","floor":6},{"not_picked":["Leap","Ball Lightning"],"picked":"Glacier","floor":8},{"not_picked":["Steam Power","Reprogram","Stack"],"picked":"SKIP","floor":11},{"not_picked":["Streamline","Steam Power","Steam"],"picked":"SKIP","floor":13},{"not_picked":["Undo","Leap"],"picked":"Barrage","floor":14},{"not_picked":["Echo Form","Thunder Strike"],"picked":"Creative AI","floor":16},{"not_picked":["Redo","Hologram"],"picked":"Defragment","floor":18},{"not_picked":["Stack","FTL"],"picked":"Hologram+1","floor":19},{"not_picked":["Go for the Eyes+1","Glacier"],"picked":"Beam Cell+1","floor":21},{"not_picked":["Recycle","Darkness"],"picked":"Barrage+1","floor":22},{"not_picked":["Beam Cell","Skim","Stack"],"picked":"SKIP","floor":23}],"player_experience":107712,"potions_floor_usage":[6,16,16,21,22,24,24],"damage_taken":[{"damage":1,"enemies":"Cultist","floor":1,"turns":4},{"damage":0,"enemies":"Small Slimes","floor":3,"turns":3},{"damage":5,"enemies":"Jaw Worm","floor":5,"turns":4},{"damage":11,"enemies":"Lots of Slimes","floor":6,"turns":3},{"damage":9,"enemies":"3 Louse","floor":8,"turns":4},{"damage":0,"enemies":"Large Slime","floor":11,"turns":4},{"damage":0,"enemies":"Exordium Wildlife","floor":13,"turns":2},{"damage":0,"enemies":"3 Louse","floor":14,"turns":3},{"damage":37,"enemies":"The Guardian","floor":16,"turns":13},{"damage":0,"enemies":"Shell Parasite","floor":18,"turns":5},{"damage":29,"enemies":"2 Thieves","floor":19,"turns":4},{"damage":19,"enemies":"Centurion and Healer","floor":21,"turns":5},{"damage":34,"enemies":"3 Cultists","floor":22,"turns":5},{"damage":16,"enemies":"Snake Plant","floor":23,"turns":4},{"damage":6,"enemies":"Gremlin Leader","floor":24,"turns":1}],"relics_obtained":[{"floor":9,"key":"War Paint"}],"event_choices":[{"event_name":"Big Fish","player_choice":"Donut","floor":4,"damage_taken":0}],"boss_relics":[{"not_picked":["Philosopher\u0027s Stone","Ectoplasm"],"picked":"Astrolabe"}],"items_purged_floors":[10],"potions_floor_spawned":[1,6,11,14,16,21,23],"seed_played":"1965749735935918510","killed_by":"Gremlin Leader","ascension_level":0,"potions_obtained":[{"floor":1,"key":"Fire Potion"},{"floor":6,"key":"Fire Potion"},{"floor":11,"key":"Energy Potion"},{"floor":14,"key":"Swift Potion"},{"floor":16,"key":"Dexterity Potion"},{"floor":21,"key":"GamblersBrew"},{"floor":23,"key":"AttackPotion"}],"is_trial":false}