{"gold_per_floor":[109,284,359,359,379,404,460,460,460,460,473,473,276,276,276,373,373,389,404,420,320,320],"floor_reached":22,"playtime":1407,"items_purged":["Strike_G","Strike_G"],"score":290,"play_id":"e7c152d4-6ef9-439e-89a1-bbb2bfd5cecb","local_time":"20190904011258","is_ascension_mode":true,"campfire_choices":[{"floor":8,"key":"REST"},{"data":"Infinite Blades","floor":10,"key":"SMITH"},{"data":"Blade Dance","floor":12,"key":"SMITH"},{"data":"Noxious Fumes","floor":15,"key":"SMITH"}],"neow_cost":"NONE","seed_source_timestamp":13906002132300,"circlet_count":0,"master_deck":["Strike_G","Strike_G","Strike_G","Defend_G","Defend_G","Defend_G","Defend_G","Defend_G","Survivor","Neutralize","Dodge and Roll","Infinite Blades+1","Blade Dance","Blade Dance+1","Choke","Noxious Fumes+1","Storm of Steel","Terror","Adrenaline","Cloak And Dagger","Blade Dance","Footwork"],"relics":["Ring of the Serpent","NeowsBlessing","Ninja Scroll","Shuriken","Du-Vu Doll"],"potions_floor_usage":[7,16,18,19,19],"damage_taken":[{"damage":0,"enemies":"2 Louse","floor":1,"turns":1},{"damage":0,"enemies":"Small Slimes","floor":5,"turns":1},{"damage":0,"enemies":"Gremlin Nob","floor":6,"turns":1},{"damage":21,"enemies":"Lagavulin Event","floor":7,"turns":6},{"damage":0,"enemies":"Cultist","floor":11,"turns":3},{"damage":9,"enemies":"Slime Boss","floor":16,"turns":6},{"damage":10,"enemies":"2 Thieves","floor":18,"turns":3},{"damage":9,"enemies":"Shell Parasite","floor":19,"turns":3},{"damage":39,"enemies":"Centurion and Healer","floor":20,"turns":6},{"damage":6,"enemies":"Shelled Parasite and Fungi","floor":22,"turns":1}],"seed_played":"-7055022335220374043","potions_obtained":[{"floor":1,"key":"Poison Potion"},{"floor":7,"key":"Explosive Potion"},{"floor":11,"key":"PowerPotion"},{"floor":16,"key":"SkillPotion"},{"floor":18,"key":"SteroidPotion"}],"is_trial":false,"path_per_floor":["M","?","?","?","M","E","?","R","T","R","M","R","$","?","R","B",null,"M","M","M","$","M"],"character_chosen":"THE_SILENT","items_purchased":["Choke","Noxious Fumes"],"campfire_rested":1,"item_purchase_floors":[13,13],"current_hp_per_floor":[63,63,52,45,45,45,24,45,45,45,45,45,45,45,45,36,62,52,43,4,4,0],"gold":320,"neow_bonus":"THREE_ENEMY_KILL","is_prod":false,"is_daily":false,"chose_seed":false,"campfire_upgraded":3,"win_rate":0,"timestamp":1567552378,"path_taken":["M","?","?","?","M","E","?","R","T","R","M","R","$","?","R","BOSS","M","?","M","$","M"],"build_version":"2019-07-17","purchased_purges":2,"victory":false,"max_hp_per_floor":[70,70,70,70,70,70,70,70,70,70,70,70,70,70,70,70,70,70,70,70,70,70],"card_choices":[{"not_picked":["Predator","Quick Slash"],"picked":"Dodge and Roll","floor":1},{"not_picked":["Backflip","Blur"],"picked":"Infinite Blades","floor":5},{"not_picked":["Slice","Dagger Spray"],"picked":"Blade Dance","floor":6},{"not_picked":["Backflip","Blur"],"picked":"Blade Dance","floor":11},{"not_picked":["Unload","Wraith Form v2"],"picked":"Adrenaline","floor":16},{"not_picked":["Backflip+1","PiercingWail"],"picked":"Cloak And Dagger","floor":18},{"not_picked":["Heel Hook+1","Flying Knee+1"],"picked":"Blade Dance","floor":19},{"not_picked":["Dagger Spray","Slice"],"picked":"Footwork","floor":20}],"player_experience":608867,"relics_obtained":[{"floor":6,"key":"Ninja Scroll"},{"floor":9,"key":"Du-Vu Doll"}],"event_choices":[{"damage_healed":0,"gold_gain":175,"player_choice":"AGREE","damage_taken":0,"max_hp_gain":0,"max_hp_loss":0,"event_name":"Liars Game","floor":2,"gold_loss":0,"cards_obtained":["Doubt"]},{"damage_healed":0,"gold_gain":75,"player_choice":"Gather Gold","damage_taken":11,"max_hp_gain":0,"max_hp_loss":0,"event_name":"World of Goop","floor":3,"gold_loss":0},{"cards_removed":["Doubt"],"damage_healed":0,"gold_gain":0,"player_choice":"Card Removal","damage_taken":7,"max_hp_gain":0,"max_hp_loss":0,"event_name":"Golden Wing","floor":4,"gold_loss":0},{"damage_healed":0,"gold_gain":0,"player_choice":"Searched \u00272\u0027 times","damage_taken":0,"relics_obtained":["Shuriken"],"max_hp_gain":0,"max_hp_loss":0,"event_name":"Dead Adventurer","floor":7,"gold_loss":0},{"damage_healed":0,"gold_gain":0,"player_choice":"2 cards matched","damage_taken":0,"max_hp_gain":0,"max_hp_loss":0,"event_name":"Match and Keep!","floor":14,"gold_loss":0,"cards_obtained":["Storm of Steel","Terror"]}],"is_beta":false,"boss_relics":[{"not_picked":["Sozu","Black Star"],"picked":"Ring of the Serpent"}],"items_purged_floors":[13,21],"is_endless":false,"potions_floor_spawned":[1,7,11,16,18],"killed_by":"Shelled Parasite and Fungi","ascension_level":8}