{"gold_per_floor":[114,114,124,124,224,224,242,242,242,257,271,72,88,115,115,216,216,226,226,226,325,343,376,376],"floor_reached":24,"playtime":1622,"items_purged":[],"score":288,"play_id":"1de6d04d-ebd9-4108-be29-a9ed2f57d4af","local_time":"20180920222221","is_ascension_mode":true,"campfire_choices":[{"data":"Feed","floor":6,"key":"SMITH"},{"data":"Body Slam","floor":8,"key":"SMITH"},{"data":"Shrug It Off","floor":15,"key":"SMITH"}],"neow_cost":"NONE","seed_source_timestamp":171624658140554,"circlet_count":0,"master_deck":["Strike_R","Strike_R","Strike_R","Strike_R","Defend_R","Defend_R","Defend_R","Defend_R","Bash","Body Slam+1","Feed+1","Shrug It Off+1","Iron Wave","Clash","The Bomb","Clash","Double Tap","Juggernaut","Armaments+1","J.A.X.","Rupture","Inflame"],"relics":["Burning Blood","StoneCalendar","Ancient Tea Set","Runic Pyramid","Pen Nib"],"potions_floor_usage":[14,16,16,22],"damage_taken":[{"damage":7,"enemies":"2 Louse","floor":1,"turns":3},{"damage":1,"enemies":"Cultist","floor":3,"turns":3},{"damage":4,"enemies":"Small Slimes","floor":7,"turns":4},{"damage":1,"enemies":"Exordium Wildlife","floor":10,"turns":3},{"damage":4,"enemies":"3 Louse","floor":11,"turns":3},{"damage":4,"enemies":"Looter","floor":13,"turns":3},{"damage":17,"enemies":"3 Sentries","floor":14,"turns":6},{"damage":6,"enemies":"The Guardian","floor":16,"turns":7},{"damage":22,"enemies":"Spheric Guardian","floor":18,"turns":5},{"damage":5,"enemies":"Chosen","floor":22,"turns":3},{"damage":41,"enemies":"Slavers","floor":23,"turns":7},{"damage":42,"enemies":"Shelled Parasite and Fungi","floor":24,"turns":4}],"seed_played":"-1022428418070903587","potions_obtained":[{"floor":1,"key":"Energy Potion"},{"floor":3,"key":"FearPotion"},{"floor":10,"key":"SteroidPotion"},{"floor":11,"key":"PowerPotion"},{"floor":14,"key":"Dexterity Potion"}],"is_trial":false,"path_per_floor":["M","?","M","?","?","R","M","R","T","M","M","$","M","E","R","B",null,"M","?","?","?","M","E"],"character_chosen":"IRONCLAD","items_purchased":["The Bomb"],"campfire_rested":0,"item_purchase_floors":[12],"current_hp_per_floor":[87,87,91,84,84,84,90,90,90,99,103,103,107,96,96,96,107,95,72,72,72,73,42,0],"gold":376,"neow_bonus":"TEN_PERCENT_HP_BONUS","is_prod":false,"is_daily":false,"chose_seed":false,"campfire_upgraded":3,"win_rate":0,"timestamp":1537474941,"path_taken":["M","?","M","?","?","R","M","R","T","?","M","$","M","E","R","BOSS","M","?","?","?","?","E","M"],"build_version":"2018-09-06","purchased_purges":0,"victory":false,"max_hp_per_floor":[88,88,91,91,91,91,95,95,95,99,103,103,107,107,107,107,107,111,116,116,116,116,120,120],"card_choices":[{"not_picked":["Ghostly Armor","Clash"],"picked":"Body Slam","floor":1},{"not_picked":["Rage","Warcry"],"picked":"Shrug It Off","floor":3},{"not_picked":["Havoc","Wild Strike","Sword Boomerang"],"picked":"SKIP","floor":7},{"not_picked":["Reckless Charge","Havoc"],"picked":"Iron Wave","floor":10},{"not_picked":["Sword Boomerang","Heavy Blade"],"picked":"Clash","floor":11},{"not_picked":["Iron Wave","Shrug It Off"],"picked":"Clash","floor":13},{"not_picked":["Perfected Strike","Dropkick"],"picked":"Double Tap","floor":14},{"not_picked":["Feed","Demon Form"],"picked":"Juggernaut","floor":16},{"not_picked":["Perfected Strike","Ghostly Armor+1"],"picked":"Armaments+1","floor":18},{"not_picked":["Reckless Charge","Perfected Strike"],"picked":"Rupture","floor":22},{"not_picked":["Hemokinesis","Twin Strike"],"picked":"Inflame","floor":23}],"player_experience":311821,"relics_obtained":[{"floor":9,"key":"StoneCalendar"},{"floor":14,"key":"Ancient Tea Set"},{"floor":23,"key":"Pen Nib"}],"event_choices":[{"event_name":"Match and Keep!","player_choice":"1 cards matched","floor":2,"damage_taken":0},{"event_name":"Golden Wing","player_choice":"Card Removal","floor":4,"damage_taken":0},{"event_name":"Golden Shrine","player_choice":"Pray","floor":5,"damage_taken":0},{"event_name":"Forgotten Altar","player_choice":"Shed Blood","floor":19,"damage_taken":0},{"event_name":"Drug Dealer","player_choice":"Got JAX","floor":20,"damage_taken":0},{"event_name":"Nest","player_choice":"Stole From Cult","floor":21,"damage_taken":0}],"is_beta":false,"boss_relics":[{"not_picked":["Calling Bell","Philosopher\u0027s Stone"],"picked":"Runic Pyramid"}],"items_purged_floors":[],"is_endless":false,"potions_floor_spawned":[1,3,10,11,14],"killed_by":"Shelled Parasite and Fungi","ascension_level":2}