{"gold_per_floor":[119,8,8,8,8,8,22,33,33,43,62,75,94,104,104,204,204,220,40,60,79,55,55,55,67,122,122,98,98,98],"floor_reached":30,"playtime":1934,"items_purged":["Strike_G","Strike_G"],"score":235,"play_id":"89d1af75-14e8-4e70-a831-0c84dabf2a20","local_time":"20180726022305","is_ascension_mode":true,"campfire_choices":[{"data":"Cloak And Dagger","floor":6,"key":"SMITH"},{"data":"Accuracy","floor":15,"key":"SMITH"},{"data":"Accuracy","floor":23,"key":"SMITH"},{"data":"Cloak And Dagger","floor":27,"key":"SMITH"},{"data":"Adrenaline","floor":29,"key":"SMITH"}],"neow_cost":"","seed_source_timestamp":2427507287574,"circlet_count":0,"master_deck":["Defend_G","Defend_G","Defend_G","Defend_G","Defend_G","Strike_G","Strike_G","Survivor","Neutralize","Cloak And Dagger+1","Infinite Blades","Distraction","Endless Agony","Setup","Distraction","Catalyst","Infinite Blades","Accuracy+1","Adrenaline+1","Cloak And Dagger","Accuracy+1","PiercingWail","Cloak And Dagger+1","Deadly Poison","PiercingWail"],"relics":["Ring of the Snake","Mercury Hourglass","WristBlade","Lantern"],"potions_floor_usage":[14,16,21,25,30,30],"damage_taken":[{"damage":0,"enemies":"Small Slimes","floor":1,"turns":6},{"damage":0,"enemies":"Jaw Worm","floor":7,"turns":4},{"damage":0,"enemies":"Cultist","floor":8,"turns":4},{"damage":6,"enemies":"Lots of Slimes","floor":10,"turns":2},{"damage":0,"enemies":"Red Slaver","floor":11,"turns":4},{"damage":7,"enemies":"Gremlin Gang","floor":12,"turns":3},{"damage":4,"enemies":"Looter","floor":13,"turns":3},{"damage":11,"enemies":"Exordium Thugs","floor":14,"turns":4},{"damage":26,"enemies":"Slime Boss","floor":16,"turns":5},{"damage":30,"enemies":"2 Thieves","floor":18,"turns":4},{"damage":10,"enemies":"3 Byrds","floor":20,"turns":4},{"damage":4,"enemies":"Centurion and Healer","floor":21,"turns":6},{"damage":12,"enemies":"3 Cultists","floor":25,"turns":4},{"damage":29,"enemies":"Cultist and Chosen","floor":30,"turns":6}],"seed_played":"-4591247832288160076","potions_obtained":[{"floor":1,"key":"GamblersBrew"},{"floor":10,"key":"SteroidPotion"},{"floor":12,"key":"Strength Potion"},{"floor":16,"key":"Dexterity Potion"},{"floor":18,"key":"PowerPotion"},{"floor":21,"key":"Strength Potion"}],"is_trial":false,"path_per_floor":["M","$","?","?","$","R","M","M","T","M","M","M","M","M","R","B",null,"M","$","M","M","$","R","$","M","T","R","$","R"],"character_chosen":"THE_SILENT","items_purchased":["Infinite Blades","Accuracy","Deadly Poison","PiercingWail"],"campfire_rested":0,"item_purchase_floors":[2,19,22,28],"current_hp_per_floor":[70,70,70,75,75,75,75,75,75,69,69,62,58,47,47,21,75,45,45,35,31,31,31,31,19,19,19,19,19,0],"gold":98,"neow_bonus":"","is_prod":false,"is_daily":false,"chose_seed":false,"campfire_upgraded":5,"win_rate":0,"timestamp":1532564585,"path_taken":["M","$","?","?","$","R","M","?","T","M","M","?","M","M","R","BOSS","M","$","M","?","$","R","?","M","T","R","$","R","?"],"build_version":"2018-07-19v2","purchased_purges":2,"victory":false,"max_hp_per_floor":[70,70,70,75,75,75,75,75,75,75,75,75,75,75,75,75,75,75,75,75,75,75,75,75,75,75,75,75,75,75],"card_choices":[{"not_picked":["Setup","Prepared"],"picked":"Cloak And Dagger","floor":1},{"not_picked":["Outmaneuver","Slice"],"picked":"Distraction","floor":7},{"not_picked":["Dash","Flechettes"],"picked":"Endless Agony","floor":8},{"not_picked":["Tactician","Masterful Stab"],"picked":"Setup","floor":10},{"not_picked":["Noxious Fumes","Quick Slash"],"picked":"Distraction","floor":11},{"not_picked":["Acrobatics","Unload"],"picked":"Catalyst","floor":12},{"not_picked":["Predator","Outmaneuver"],"picked":"Infinite Blades","floor":13},{"not_picked":["Terror","Sucker Punch"],"picked":"Accuracy","floor":14},{"not_picked":["Phantasmal Killer","Die Die Die"],"picked":"Adrenaline","floor":16},{"not_picked":["Heel Hook+1","Catalyst"],"picked":"Cloak And Dagger","floor":18},{"not_picked":["Caltrops+1","Prepared"],"picked":"PiercingWail","floor":20},{"not_picked":["Calculated Gamble+1","Dagger Throw"],"picked":"Cloak And Dagger","floor":21},{"not_picked":["Dodge and Roll","Deflect","Caltrops"],"picked":"SKIP","floor":25}],"player_experience":209272,"relics_obtained":[{"floor":9,"key":"Mercury Hourglass"},{"floor":26,"key":"Lantern"}],"event_choices":[{"event_name":"Living Wall","player_choice":"Forget","floor":3,"damage_taken":0},{"event_name":"Big Fish","player_choice":"Donut","floor":4,"damage_taken":0}],"is_beta":false,"boss_relics":[{"not_picked":["Lizard Tail","Orrery"],"picked":"WristBlade"}],"items_purged_floors":[2,19],"is_endless":false,"potions_floor_spawned":[1,10,12,16,18,21],"killed_by":"Cultist and Chosen","ascension_level":1}