{"gold_per_floor":[115,115,135,150,160,160,193,193,193,222,240,240,240,46,46,145,145,111,111,123,45,45,45,45,45],"floor_reached":25,"playtime":1297,"items_purged":["Defend_R"],"score":252,"play_id":"efcbb353-22b1-4701-91e1-918642dcb287","local_time":"20181110025627","is_ascension_mode":true,"campfire_choices":[{"data":"Perfected Strike","floor":6,"key":"SMITH"},{"data":"Shrug It Off","floor":8,"key":"SMITH"},{"floor":13,"key":"REST"},{"floor":15,"key":"REST"},{"floor":23,"key":"REST"}],"neow_cost":"NONE","seed_source_timestamp":20902868789598,"circlet_count":0,"master_deck":["Strike_R","Strike_R","Strike_R","Strike_R","Defend_R","Defend_R","Bash","Impervious","Perfected Strike","Shrug It Off","Burning Pact","Perfected Strike+1","Shrug It Off+1","Thunderclap","Twin Strike","Feel No Pain+1","Sentinel+1","Impervious+1","Body Slam","Shrug It Off+1","Feel No Pain+1","Flex+1","Necronomicurse"],"relics":["Burning Blood","Bottled Flame","Frozen Egg 2","Odd Mushroom","Toxic Egg 2","Empty Cage","Necronomicon"],"potions_floor_usage":[5,11,20,24],"damage_taken":[{"damage":6,"enemies":"Jaw Worm","floor":1,"turns":5},{"damage":1,"enemies":"Cultist","floor":3,"turns":4},{"damage":1,"enemies":"2 Louse","floor":4,"turns":2},{"damage":0,"enemies":"Exordium Wildlife","floor":5,"turns":3},{"damage":38,"enemies":"Lagavulin","floor":7,"turns":7},{"damage":16,"enemies":"The Mushroom Lair","floor":10,"turns":5},{"damage":24,"enemies":"Large Slime","floor":11,"turns":7},{"damage":47,"enemies":"The Guardian","floor":16,"turns":13},{"damage":32,"enemies":"2 Thieves","floor":18,"turns":5},{"damage":29,"enemies":"3 Byrds","floor":20,"turns":7},{"damage":38,"enemies":"Gremlin Leader","floor":24,"turns":2},{"damage":9,"enemies":"Centurion and Healer","floor":25,"turns":1}],"seed_played":"4464571628922680452","potions_obtained":[{"floor":1,"key":"Fire Potion"},{"floor":10,"key":"Strength Potion"},{"floor":16,"key":"SpeedPotion"},{"floor":18,"key":"SmokeBomb"},{"floor":20,"key":"Ancient Potion"}],"is_trial":false,"path_per_floor":["M","?","M","M","M","R","E","R","T","?","M","?","R","$","R","B",null,"M","?","M","$","?","R","E","M"],"character_chosen":"IRONCLAD","items_purchased":["Feel No Pain+1","Sentinel+1","Feel No Pain+1","Flex+1"],"campfire_rested":3,"item_purchase_floors":[14,14,21,21],"current_hp_per_floor":[80,80,80,80,80,80,48,48,48,38,20,13,37,37,61,20,80,54,54,31,31,15,39,7,0],"gold":45,"neow_bonus":"ONE_RANDOM_RARE_CARD","is_prod":false,"is_daily":false,"chose_seed":false,"campfire_upgraded":2,"win_rate":0,"timestamp":1541814987,"path_taken":["M","?","?","M","M","R","E","R","T","?","M","?","R","$","R","BOSS","M","?","M","$","?","R","E","M"],"build_version":"2018-11-08","purchased_purges":1,"victory":false,"max_hp_per_floor":[80,80,80,80,80,80,80,80,80,80,80,80,80,80,80,80,80,80,80,80,80,80,80,80,80],"card_choices":[{"not_picked":["Clothesline","Headbutt"],"picked":"Perfected Strike","floor":1},{"not_picked":["Body Slam","Battle Trance"],"picked":"Shrug It Off","floor":3},{"not_picked":["Reckless Charge","Power Through"],"picked":"Burning Pact","floor":4},{"not_picked":["Headbutt","Iron Wave"],"picked":"Perfected Strike","floor":5},{"not_picked":["Wild Strike","Second Wind"],"picked":"Shrug It Off","floor":7},{"not_picked":["Dark Embrace+1","Second Wind"],"picked":"Thunderclap","floor":10},{"not_picked":["Hemokinesis","Clothesline"],"picked":"Twin Strike","floor":11},{"not_picked":["Juggernaut+1","Reaper"],"picked":"Impervious+1","floor":16},{"not_picked":["Armaments+1","Clash"],"picked":"Body Slam","floor":18},{"not_picked":["Bloodletting+1","Wild Strike+1"],"picked":"Shrug It Off+1","floor":20}],"player_experience":383777,"relics_obtained":[{"floor":7,"key":"Bottled Flame"},{"floor":9,"key":"Frozen Egg 2"},{"floor":10,"key":"Odd Mushroom"},{"floor":22,"key":"Necronomicon"}],"event_choices":[{"damage_healed":0,"gold_gain":0,"player_choice":"Bought 0 Potions","damage_taken":0,"max_hp_gain":0,"max_hp_loss":0,"event_name":"The Woman in Blue","floor":2,"gold_loss":0},{"damage_healed":0,"gold_gain":0,"player_choice":"Fought Mushrooms","damage_taken":0,"max_hp_gain":0,"max_hp_loss":0,"event_name":"Mushrooms","floor":10,"gold_loss":0},{"damage_healed":0,"gold_gain":0,"player_choice":"Success","damage_taken":7,"relics_obtained":["Toxic Egg 2"],"max_hp_gain":0,"max_hp_loss":0,"event_name":"Scrap Ooze","floor":12,"gold_loss":0},{"damage_healed":0,"gold_gain":0,"player_choice":"Ignored","damage_taken":0,"max_hp_gain":0,"max_hp_loss":0,"event_name":"Vampires","floor":19,"gold_loss":0},{"damage_healed":0,"gold_gain":0,"player_choice":"Obtained Book","damage_taken":16,"max_hp_gain":0,"max_hp_loss":0,"event_name":"Cursed Tome","floor":22,"gold_loss":0}],"is_beta":false,"boss_relics":[{"not_picked":["White Beast Statue","Busted Crown"],"picked":"Empty Cage"}],"items_purged_floors":[14],"is_endless":false,"potions_floor_spawned":[1,10,16,18,20],"killed_by":"Centurion and Healer","ascension_level":3}