{"gold_per_floor":[118,118,43,54,14,14,30,30,30,30,58,74,74,74,74,169,169,181,201,85,45,63,94,94,120,120,120,20,40,40,40,40,40],"floor_reached":33,"playtime":1368,"items_purged":["Strike_B","Strike_B","Defend_B"],"score":337,"play_id":"05f5ae37-5df8-4782-9cd7-ae172e8e9661","local_time":"20181111021752","is_ascension_mode":true,"campfire_choices":[{"data":"Gash","floor":6,"key":"SMITH"},{"data":"Dualcast","floor":10,"key":"SMITH"},{"data":"Zap","floor":13,"key":"SMITH"},{"data":"Reinforced Body","floor":15,"key":"SMITH"},{"data":"Electrodynamics","floor":24,"key":"SMITH"},{"floor":27,"key":"REST"},{"floor":30,"key":"REST"},{"data":"Echo Form","floor":32,"key":"SMITH"}],"neow_cost":"CURSE","seed_source_timestamp":50018322669997,"circlet_count":0,"master_deck":["Defend_B","Defend_B","Defend_B","Zap+1","Dualcast+1","Parasite","Gash+1","Storm","Gash+1","Reinforced Body+1","Electrodynamics+1","Conserve Battery","Auto Shields+1","Gash","Echo Form+1","Electrodynamics+1","Conserve Battery"],"relics":["Cracked Core","StoneCalendar","Centennial Puzzle","The Courier","PreservedInsect","Empty Cage","Art of War","Potion Belt","Question Card"],"potions_floor_usage":[16,16,16,16,16,16,25,25,33],"damage_taken":[{"damage":12,"enemies":"Small Slimes","floor":1,"turns":2},{"damage":1,"enemies":"Cultist","floor":4,"turns":3},{"damage":6,"enemies":"2 Louse","floor":7,"turns":2},{"damage":20,"enemies":"3 Sentries","floor":11,"turns":6},{"damage":6,"enemies":"Exordium Thugs","floor":12,"turns":4},{"damage":26,"enemies":"The Guardian","floor":16,"turns":9},{"damage":12,"enemies":"3 Byrds","floor":18,"turns":2},{"damage":5,"enemies":"Spheric Guardian","floor":19,"turns":4},{"damage":3,"enemies":"3 Cultists","floor":22,"turns":4},{"damage":15,"enemies":"Gremlin Leader","floor":23,"turns":6},{"damage":13,"enemies":"Slavers","floor":25,"turns":2},{"damage":19,"enemies":"Sentry and Sphere","floor":29,"turns":4},{"damage":75,"enemies":"Champ","floor":33,"turns":9}],"seed_played":"-5252815671560431969","potions_obtained":[{"floor":4,"key":"LiquidBronze"},{"floor":7,"key":"Dexterity Potion"},{"floor":11,"key":"EntropicBrew"},{"floor":18,"key":"FocusPotion"},{"floor":19,"key":"EssenceOfSteel"},{"floor":29,"key":"Block Potion"}],"is_trial":false,"path_per_floor":["M","?","$","M","$","R","M","?","T","R","E","M","R","?","R","B",null,"M","M","$","?","M","E","R","E","T","R","$","M","R","$","R","B"],"character_chosen":"DEFECT","items_purchased":["Storm","Gash"],"campfire_rested":2,"item_purchase_floors":[5,20],"current_hp_per_floor":[63,63,63,62,62,62,56,56,56,56,36,30,30,30,30,4,75,63,58,58,58,55,40,40,27,27,49,49,30,52,52,52,0],"gold":40,"neow_bonus":"ONE_RARE_RELIC","is_prod":false,"is_daily":false,"chose_seed":false,"campfire_upgraded":6,"win_rate":0,"timestamp":1541899072,"path_taken":["M","?","$","?","$","R","M","?","T","R","E","?","R","?","R","BOSS","M","M","$","?","M","E","R","E","T","R","?","M","R","$","R","BOSS"],"build_version":"2018-11-08","purchased_purges":3,"victory":false,"max_hp_per_floor":[75,75,75,75,75,75,75,75,75,75,75,75,75,75,75,75,75,75,75,75,75,75,75,75,75,75,75,75,75,75,75,75,75],"card_choices":[{"not_picked":["Steam","Heatsinks"],"picked":"Streamline","floor":1},{"not_picked":["Tempest","Steam"],"picked":"Gash","floor":4},{"not_picked":["Lockon","Ball Lightning"],"picked":"Gash","floor":7},{"not_picked":["Barrage","Rip and Tear","Turbo"],"picked":"SKIP","floor":11},{"not_picked":["Cold Snap","Stack"],"picked":"Reinforced Body","floor":12},{"not_picked":["Fission","Core Surge"],"picked":"Electrodynamics","floor":16},{"not_picked":["Redo","Sweeping Beam+1"],"picked":"Conserve Battery","floor":18},{"not_picked":["Cold Snap","Melter"],"picked":"Auto Shields","floor":19},{"not_picked":["Beam Cell","Recycle"],"picked":"Echo Form","floor":22},{"not_picked":["Machine Learning","Ball Lightning"],"picked":"Electrodynamics","floor":23},{"not_picked":["Stack","Go for the Eyes","Cold Snap"],"picked":"SKIP","floor":25},{"not_picked":["Barrage+1","Turbo","Multi-Cast"],"picked":"Conserve Battery","floor":29}],"player_experience":387031,"relics_obtained":[{"floor":9,"key":"The Courier"},{"floor":11,"key":"PreservedInsect"},{"floor":23,"key":"Art of War"},{"floor":25,"key":"Potion Belt"},{"floor":26,"key":"Question Card"}],"event_choices":[{"cards_removed":["Streamline"],"damage_healed":0,"gold_gain":0,"player_choice":"Gave Card","damage_taken":0,"relics_obtained":["Centennial Puzzle"],"max_hp_gain":0,"max_hp_loss":0,"event_name":"WeMeetAgain","floor":2,"gold_loss":0},{"damage_healed":0,"gold_gain":0,"player_choice":"Forge","damage_taken":0,"max_hp_gain":0,"max_hp_loss":0,"event_name":"Accursed Blacksmith","floor":8,"gold_loss":0,"cards_upgraded":["Gash"]},{"damage_healed":0,"gold_gain":0,"player_choice":"Ignored","damage_taken":0,"max_hp_gain":0,"max_hp_loss":0,"event_name":"Liars Game","floor":14,"gold_loss":0},{"damage_healed":0,"gold_gain":0,"player_choice":"Upgraded Two","damage_taken":0,"max_hp_gain":0,"max_hp_loss":0,"event_name":"Designer","floor":21,"gold_loss":40,"cards_upgraded":["Auto Shields","Electrodynamics"]}],"is_beta":false,"boss_relics":[{"not_picked":["Inserter","Pandora\u0027s Box"],"picked":"Empty Cage"}],"items_purged_floors":[3,20,28],"is_endless":false,"potions_floor_spawned":[4,7,11,18,19,29],"killed_by":"Champ","ascension_level":4}