{"gold_per_floor":[115,129,29,104,124,124,299,311,311,77,77,97,115,135,135,232,232,248,248],"floor_reached":19,"playtime":1646,"items_purged":["Strike_G","Strike_G"],"score":217,"play_id":"97e24ea8-faa1-42eb-8865-7296093acfa2","local_time":"20190520224152","is_ascension_mode":true,"campfire_choices":[{"data":"Cloak And Dagger","floor":6,"key":"SMITH"},{"floor":11,"key":"REST"},{"floor":15,"key":"REST"}],"neow_cost":"NONE","seed_source_timestamp":4324457929500,"circlet_count":0,"master_deck":["Defend_G","Defend_G+1","Defend_G+1","Defend_G","Defend_G","Strike_G","Strike_G","Strike_G","Survivor","Neutralize","Blade Dance","Dodge and Roll","Cloak And Dagger+1","Catalyst","Doubt","Adrenaline","Crippling Poison","Blur","Caltrops","Choke","Caltrops","Finisher","Envenom","Doubt","Pain","Writhe","Blur+1"],"relics":["Ring of the Snake","Smiling Mask","Bottled Flame","Calling Bell","War Paint","Toxic Egg 2","Dead Branch"],"potions_floor_usage":[13,16,16],"damage_taken":[{"damage":4,"enemies":"Small Slimes","floor":1,"turns":3},{"damage":0,"enemies":"Jaw Worm","floor":2,"turns":5},{"damage":1,"enemies":"2 Louse","floor":5,"turns":4},{"damage":27,"enemies":"Exordium Wildlife","floor":8,"turns":11},{"damage":2,"enemies":"Large Slime","floor":12,"turns":10},{"damage":0,"enemies":"Looter","floor":13,"turns":4},{"damage":14,"enemies":"Lots of Slimes","floor":14,"turns":4},{"damage":29,"enemies":"The Guardian","floor":16,"turns":13},{"damage":21,"enemies":"Shell Parasite","floor":18,"turns":8},{"damage":44,"enemies":"Chosen","floor":19,"turns":6}],"seed_played":"6092450430699540717","potions_obtained":[{"floor":8,"key":"Block Potion"},{"floor":12,"key":"SkillPotion"},{"floor":14,"key":"EssenceOfSteel"}],"is_trial":false,"path_per_floor":["M","M","$","?","M","R","?","M","T","$","R","M","M","M","R","B",null,"M","M"],"character_chosen":"THE_SILENT","items_purchased":["Cloak And Dagger","Crippling Poison","Blur","Caltrops"],"campfire_rested":2,"item_purchase_floors":[3,10,10,10],"current_hp_per_floor":[59,59,59,48,47,47,47,20,20,20,41,39,39,25,46,17,57,36,0],"gold":248,"neow_bonus":"RANDOM_COMMON_RELIC","is_prod":false,"is_daily":false,"chose_seed":false,"campfire_upgraded":1,"win_rate":0,"timestamp":1558384912,"path_taken":["M","M","$","?","M","R","?","M","T","$","R","M","M","M","R","BOSS","M","M"],"build_version":"2019-01-23","purchased_purges":2,"victory":false,"max_hp_per_floor":[70,70,70,70,70,70,70,70,70,70,70,70,70,70,70,70,70,70,70],"card_choices":[{"not_picked":["Escape Plan","Footwork"],"picked":"Blade Dance","floor":1},{"not_picked":["Outmaneuver","Well Laid Plans"],"picked":"Dodge and Roll","floor":2},{"not_picked":["Predator","Dodge and Roll"],"picked":"Catalyst","floor":5},{"not_picked":["Outmaneuver","Acrobatics"],"picked":"Adrenaline","floor":8},{"not_picked":["Riddle With Holes","Bouncing Flask"],"picked":"Choke","floor":12},{"not_picked":["Bane","Deadly Poison"],"picked":"Caltrops","floor":13},{"not_picked":["Reflex","Acrobatics"],"picked":"Finisher","floor":14},{"not_picked":["Glass Knife","Venomology"],"picked":"Envenom","floor":16},{"not_picked":["Quick Slash","Bouncing Flask+1"],"picked":"Blur+1","floor":18}],"player_experience":548824,"relics_obtained":[{"floor":9,"key":"Bottled Flame"},{"floor":17,"key":"War Paint"},{"floor":17,"key":"Toxic Egg 2"},{"floor":17,"key":"Dead Branch"}],"event_choices":[{"damage_healed":0,"gold_gain":75,"player_choice":"Gather Gold","damage_taken":11,"max_hp_gain":0,"max_hp_loss":0,"event_name":"World of Goop","floor":4,"gold_loss":0},{"damage_healed":0,"gold_gain":175,"player_choice":"AGREE","damage_taken":0,"max_hp_gain":0,"max_hp_loss":0,"event_name":"Liars Game","floor":7,"gold_loss":0,"cards_obtained":["Doubt"]}],"is_beta":false,"boss_relics":[{"not_picked":["Runic Pyramid","Ectoplasm"],"picked":"Calling Bell"}],"items_purged_floors":[3,10],"is_endless":false,"potions_floor_spawned":[8,12,14],"killed_by":"Chosen","ascension_level":7}