{"gold_per_floor":[118,134,309,70,70,70,70,70,123,139,139,139,139,164,164,268,268,281,281,291,291],"floor_reached":21,"playtime":1264,"items_purged":["Strike_G"],"score":201,"play_id":"862b5196-1360-483d-b278-4d8d29abf01a","local_time":"20181215032905","is_ascension_mode":true,"campfire_choices":[{"data":"Skewer","floor":6,"key":"SMITH"},{"data":"Deadly Poison","floor":8,"key":"SMITH"},{"data":"Cloak And Dagger","floor":12,"key":"SMITH"},{"floor":15,"key":"REST"}],"neow_cost":"NONE","seed_source_timestamp":24440315874141,"circlet_count":0,"master_deck":["Defend_G","Defend_G","Defend_G","Defend_G","Strike_G","Survivor","Neutralize","Caltrops+1","Deadly Poison+1","Doubt","Blur","Skewer+1","Cloak And Dagger+1","Deadly Poison","Caltrops","Envenom","Tools of the Trade+1","Backstab+1","Finisher+1","Noxious Fumes","Noxious Fumes","PiercingWail"],"relics":["Ring of the Snake","Vajra","Dream Catcher","Astrolabe"],"potions_floor_usage":[14,20,20],"damage_taken":[{"damage":3,"enemies":"2 Louse","floor":1,"turns":5},{"damage":9,"enemies":"Small Slimes","floor":2,"turns":3},{"damage":1,"enemies":"Cultist","floor":10,"turns":3},{"damage":21,"enemies":"Lagavulin","floor":14,"turns":7},{"damage":26,"enemies":"The Guardian","floor":16,"turns":9},{"damage":21,"enemies":"Spheric Guardian","floor":18,"turns":4},{"damage":10,"enemies":"Chosen","floor":20,"turns":5},{"damage":55,"enemies":"Sentry and Sphere","floor":21,"turns":5}],"seed_played":"-3228411349689310171","potions_obtained":[{"floor":2,"key":"EssenceOfSteel"},{"floor":14,"key":"GhostInAJar"},{"floor":18,"key":"Explosive Potion"}],"is_trial":false,"path_per_floor":["M","M","?","$","?","R","$","R","T","M","?","R","?","E","R","B",null,"M","?","M","M"],"character_chosen":"THE_SILENT","items_purchased":["Blur","Skewer","Cloak And Dagger"],"campfire_rested":1,"item_purchase_floors":[4,4,4],"current_hp_per_floor":[74,65,65,65,65,65,65,65,65,64,57,57,57,36,59,33,77,56,56,46,0],"gold":291,"neow_bonus":"TEN_PERCENT_HP_BONUS","is_prod":false,"is_daily":false,"chose_seed":false,"campfire_upgraded":3,"win_rate":0,"timestamp":1544840945,"path_taken":["M","M","?","$","?","R","$","R","T","?","?","R","?","E","R","BOSS","M","?","M","M"],"build_version":"2018-12-13","purchased_purges":1,"victory":false,"max_hp_per_floor":[77,77,77,77,77,77,77,77,77,77,77,77,77,77,77,77,77,77,77,77,77],"card_choices":[{"not_picked":["Acrobatics","Dagger Spray"],"picked":"Caltrops","floor":1},{"not_picked":["Choke","Backflip"],"picked":"Deadly Poison","floor":2},{"not_picked":["Eviscerate","Wraith Form v2","Dagger Spray"],"picked":"SKIP","floor":10},{"not_picked":["Escape Plan","Outmaneuver"],"picked":"Deadly Poison","floor":14},{"not_picked":["Acrobatics","Backstab"],"picked":"Caltrops","floor":15},{"not_picked":["Unload","Burst"],"picked":"Envenom","floor":16},{"not_picked":["Prepared","Backstab"],"picked":"Noxious Fumes","floor":18},{"not_picked":["Underhanded Strike","Dagger Spray"],"picked":"PiercingWail","floor":20}],"player_experience":420646,"relics_obtained":[{"floor":9,"key":"Vajra"},{"floor":14,"key":"Dream Catcher"}],"event_choices":[{"damage_healed":0,"gold_gain":175,"player_choice":"AGREE","damage_taken":0,"max_hp_gain":0,"max_hp_loss":0,"event_name":"Liars Game","floor":3,"gold_loss":0,"cards_obtained":["Doubt"]},{"damage_healed":0,"gold_gain":0,"player_choice":"Bought 0 Potions","damage_taken":0,"max_hp_gain":0,"max_hp_loss":0,"event_name":"The Woman in Blue","floor":5,"gold_loss":0},{"cards_removed":["Strike_G"],"damage_healed":0,"gold_gain":0,"player_choice":"Card Removal","damage_taken":7,"max_hp_gain":0,"max_hp_loss":0,"event_name":"Golden Wing","floor":11,"gold_loss":0},{"damage_healed":0,"gold_gain":0,"player_choice":"Grow","damage_taken":0,"max_hp_gain":0,"max_hp_loss":0,"event_name":"Living Wall","floor":13,"gold_loss":0,"cards_upgraded":["Caltrops"]},{"damage_healed":0,"gold_gain":0,"player_choice":"Read","damage_taken":0,"max_hp_gain":0,"max_hp_loss":0,"event_name":"The Library","floor":19,"gold_loss":0,"cards_obtained":["Noxious Fumes"]}],"is_beta":false,"boss_relics":[{"not_picked":["Empty Cage","Velvet Choker"],"picked":"Astrolabe"}],"items_purged_floors":[4],"is_endless":false,"potions_floor_spawned":[2,14,18],"killed_by":"Sentry and Sphere","ascension_level":3}