{"gold_per_floor":[111,128,1,1,15,44,44,44,44,44,63,79,110,110,110,212,212,223,241,166,22,35,35,63,83,110,10,10,43,43,57,57,162,212,222,222,234,234,234,234,253,253,253,279,299,299,334,350,350,350],"floor_reached":50,"playtime":7800,"items_purged":["Strike_B","Defend_B"],"score":688,"play_id":"ae098c5e-4f7c-4bcf-882e-d826769c2c72","local_time":"20180828214531","is_ascension_mode":true,"campfire_choices":[{"data":"Darkness","floor":7,"key":"SMITH"},{"data":"Redo","floor":10,"key":"SMITH"},{"floor":15,"key":"REST"},{"floor":23,"key":"REST"},{"data":"FTL","floor":28,"key":"SMITH"},{"floor":32,"key":"REST"},{"floor":40,"key":"REST"},{"data":"Capacitor","floor":42,"key":"SMITH"},{"floor":49,"key":"REST"}],"neow_cost":"NONE","seed_source_timestamp":383786729226,"circlet_count":0,"master_deck":["Strike_B","Defend_B+1","Defend_B+1","Dualcast","Ball Lightning","FTL+1","Leap","Redo+1","Darkness+1","Sweeping Beam","White Noise+1","Seek+1","Storm","Auto Shields+1","Force Field+1","Fission+1","White Noise+1","Loop","Compile Driver+1","Amplify+1","Capacitor+1","Redo+1","Conserve Battery+1","Skim+1","Compile Driver+1","Conserve Battery+1","Hologram+1"],"relics":["Cracked Core","Kunai","Toxic Egg 2","Mummified Hand","Bronze Scales","Symbiotic Virus","Nuclear Battery","DataDisk","War Paint","Omamori","Mercury Hourglass","The Courier","Tiny House","Thread and Needle","Dodecahedron","Lantern","Cables"],"potions_floor_usage":[16,22,29,33,33,44,44,44],"damage_taken":[{"damage":0,"enemies":"Small Slimes","floor":1,"turns":2},{"damage":2,"enemies":"Jaw Worm","floor":2,"turns":3},{"damage":1,"enemies":"Cultist","floor":5,"turns":3},{"damage":22,"enemies":"Gremlin Nob","floor":6,"turns":4},{"damage":0,"enemies":"Blue Slaver","floor":11,"turns":3},{"damage":16,"enemies":"Gremlin Gang","floor":12,"turns":4},{"damage":18,"enemies":"Lagavulin","floor":13,"turns":4},{"damage":12,"enemies":"The Guardian","floor":16,"turns":8},{"damage":14,"enemies":"2 Thieves","floor":18,"turns":3},{"damage":0,"enemies":"Spheric Guardian","floor":19,"turns":2},{"damage":28,"enemies":"Shelled Parasite and Fungi","floor":22,"turns":3},{"damage":0,"enemies":"Book of Stabbing","floor":24,"turns":4},{"damage":12,"enemies":"Snake Plant","floor":25,"turns":3},{"damage":10,"enemies":"Gremlin Leader","floor":29,"turns":5},{"damage":0,"enemies":"Sentry and Sphere","floor":31,"turns":2},{"damage":13,"enemies":"Collector","floor":33,"turns":9},{"damage":14,"enemies":"3 Darklings","floor":35,"turns":4},{"damage":16,"enemies":"3 Shapes","floor":37,"turns":3},{"damage":9,"enemies":"Mind Bloom Boss Battle","floor":39,"turns":4},{"damage":2,"enemies":"Maw","floor":41,"turns":5},{"damage":0,"enemies":"Giant Head","floor":44,"turns":8},{"damage":10,"enemies":"4 Shapes","floor":45,"turns":2},{"damage":0,"enemies":"2 Orb Walkers","floor":47,"turns":3},{"damage":0,"enemies":"3 Darklings","floor":48,"turns":4},{"damage":85,"enemies":"Time Eater","floor":50,"turns":8}],"seed_played":"4707581894132262695","potions_obtained":[{"floor":2,"key":"LiquidBronze"},{"floor":6,"key":"Poison Potion"},{"floor":13,"key":"Dexterity Potion"},{"floor":18,"key":"Dexterity Potion"},{"floor":19,"key":"EssenceOfSteel"},{"floor":25,"key":"PowerPotion"},{"floor":29,"key":"SteroidPotion"},{"floor":34,"key":"Poison Potion"},{"floor":35,"key":"Ancient Potion"},{"floor":39,"key":"Regen Potion"},{"floor":41,"key":"Weak Potion"}],"is_trial":false,"path_per_floor":["M","M","$","?","M","E","R","?","T","R","M","M","E","T","R","B",null,"M","M","?","$","M","R","E","M","T","$","R","E","?","M","R","B",null,"M","?","M","?","?","R","M","R","T","E","M","?","E","M","R"],"character_chosen":"DEFECT","items_purchased":["Leap","DataDisk"],"campfire_rested":5,"item_purchase_floors":[3,21],"current_hp_per_floor":[75,73,73,78,77,55,55,55,55,55,55,39,21,21,45,33,80,66,66,66,66,38,62,62,50,50,50,50,40,40,40,64,58,85,71,71,55,55,46,71,69,69,69,83,73,73,73,73,85,0],"gold":350,"neow_bonus":"REMOVE_CARD","is_prod":false,"is_daily":false,"chose_seed":false,"campfire_upgraded":4,"win_rate":0,"timestamp":1535485531,"path_taken":["M","M","$","?","M","E","R","?","T","R","M","M","E","?","R","BOSS","M","?","?","$","M","R","E","M","T","$","R","E","?","M","R","BOSS","M","?","M","?","?","R","M","R","T","E","M","?","E","?","R","BOSS"],"build_version":"2018-08-23v2","purchased_purges":2,"victory":false,"max_hp_per_floor":[75,75,75,80,80,80,80,80,80,80,80,80,80,80,80,80,80,80,80,80,80,80,80,80,80,80,80,80,80,80,80,80,80,85,85,85,85,85,85,85,85,85,85,85,85,85,85,85,85,85],"card_choices":[{"not_picked":["Hologram","Coolheaded"],"picked":"Ball Lightning","floor":1},{"not_picked":["Turbo","Streamline"],"picked":"FTL","floor":2},{"not_picked":["Steam Power","Gash"],"picked":"Redo","floor":5},{"not_picked":["Cold Snap","Go for the Eyes"],"picked":"Darkness","floor":6},{"not_picked":["Go for the Eyes","Hyperbeam","Barrage"],"picked":"SKIP","floor":11},{"not_picked":["Fusion+1","Steam+1"],"picked":"Sweeping Beam","floor":12},{"not_picked":["Heatsinks","Compile Driver"],"picked":"White Noise+1","floor":13},{"not_picked":["Meteor Strike","Thunder Strike"],"picked":"Seek+1","floor":16},{"not_picked":["Compile Driver","Turbo+1"],"picked":"Storm","floor":18},{"not_picked":["Coolheaded+1","Gash"],"picked":"Auto Shields+1","floor":19},{"not_picked":["Rebound+1","Turbo+1"],"picked":"Force Field+1","floor":22},{"not_picked":["Rebound+1","Double Energy+1"],"picked":"Fission+1","floor":24},{"not_picked":["Auto Shields+1","Hologram+1"],"picked":"White Noise+1","floor":25},{"not_picked":["Go for the Eyes","Fission+1"],"picked":"Loop","floor":29},{"not_picked":["Turbo+1","Blizzard"],"picked":"Compile Driver","floor":31},{"not_picked":["Core Surge","Rainbow+1"],"picked":"Amplify+1","floor":33},{"not_picked":["Barrage","Beam Cell"],"picked":"Capacitor","floor":34},{"not_picked":["Steam+1","Ball Lightning"],"picked":"Redo+1","floor":35},{"not_picked":["Steam+1","Rebound"],"picked":"Conserve Battery+1","floor":37},{"not_picked":["Chill+1","Hyperbeam"],"picked":"Skim+1","floor":39},{"not_picked":["Beam Cell+1","Gash+1"],"picked":"Compile Driver+1","floor":41},{"not_picked":["Beam Cell+1","Go for the Eyes"],"picked":"Conserve Battery+1","floor":44},{"not_picked":["Compile Driver","Go for the Eyes+1","Stack+1"],"picked":"SKIP","floor":45},{"not_picked":["Aggregate+1","Leap+1"],"picked":"Hologram+1","floor":47},{"not_picked":["Stack+1","Turbo+1","Steam+1"],"picked":"SKIP","floor":48}],"player_experience":273060,"relics_obtained":[{"floor":6,"key":"Kunai"},{"floor":9,"key":"Mummified Hand"},{"floor":13,"key":"Bronze Scales"},{"floor":14,"key":"Symbiotic Virus"},{"floor":24,"key":"War Paint"},{"floor":26,"key":"Omamori"},{"floor":29,"key":"Mercury Hourglass"},{"floor":39,"key":"Thread and Needle"},{"floor":43,"key":"Dodecahedron"},{"floor":44,"key":"Lantern"},{"floor":47,"key":"Cables"}],"event_choices":[{"event_name":"Big Fish","player_choice":"Donut","floor":4,"damage_taken":0},{"event_name":"WeMeetAgain","player_choice":"Potion","floor":8,"damage_taken":0},{"event_name":"Beggar","player_choice":"Gave Gold","floor":20,"damage_taken":0},{"event_name":"Addict","player_choice":"Stole Relic","floor":30,"damage_taken":0},{"event_name":"SecretPortal","player_choice":"Rejected Portal.","floor":36,"damage_taken":0},{"event_name":"Falling","player_choice":"Removed Skill","floor":38,"damage_taken":0},{"event_name":"MindBloom","player_choice":"Fight","floor":39,"damage_taken":0},{"event_name":"Bonfire Elementals","player_choice":"BASIC","floor":46,"damage_taken":0}],"is_beta":false,"boss_relics":[{"not_picked":["White Beast Statue","Coffee Dripper"],"picked":"Nuclear Battery"},{"not_picked":["Pandora\u0027s Box","Sozu"],"picked":"Tiny House"}],"items_purged_floors":[3,27],"is_endless":false,"potions_floor_spawned":[2,6,13,18,19,25,29,35,39,41],"killed_by":"Time Eater","ascension_level":2}