{"gold_per_floor":[16,35,35,10,28,28,28,28,28,28,42,42,42,71,71,168,168,178,178,178,178,190,190,219,219,219,219],"floor_reached":27,"playtime":1630,"items_purged":[],"score":275,"play_id":"6f2812fe-1adc-4c7b-b2ef-86a2fe975411","local_time":"20180813234531","is_ascension_mode":true,"campfire_choices":[{"data":"Anger","floor":6,"key":"SMITH"},{"data":"Flex","floor":8,"key":"SMITH"},{"data":"Bash","floor":13,"key":"SMITH"},{"data":"Shrug It Off","floor":15,"key":"SMITH"},{"floor":23,"key":"REST"}],"neow_cost":"NO_GOLD","seed_source_timestamp":111248498470170,"circlet_count":0,"master_deck":["Strike_R","Strike_R","Strike_R","Strike_R+1","Strike_R+1","Defend_R","Bash+1","Anger+1","Flex+1","Flex+1","Shrug It Off+1","Rampage","True Grit","Demon Form","Shrug It Off","Havoc","Ghostly","Ghostly","Ghostly","Ghostly","Ghostly","Seeing Red","Anger+1"],"relics":["Burning Blood","Dodecahedron","Art of War","Runic Pyramid","Nilry\u0027s Codex","Boot","Whetstone","Mango"],"potions_floor_usage":[18,24],"damage_taken":[{"damage":6,"enemies":"2 Louse","floor":1,"turns":3},{"damage":10,"enemies":"Small Slimes","floor":2,"turns":3},{"damage":7,"enemies":"Jaw Worm","floor":5,"turns":3},{"damage":11,"enemies":"Large Slime","floor":11,"turns":5},{"damage":28,"enemies":"3 Sentries","floor":14,"turns":6},{"damage":41,"enemies":"Hexaghost","floor":16,"turns":9},{"damage":38,"enemies":"3 Byrds","floor":18,"turns":4},{"damage":29,"enemies":"Shell Parasite","floor":22,"turns":7},{"damage":27,"enemies":"Slavers","floor":24,"turns":8},{"damage":28,"enemies":"Gremlin Leader","floor":27,"turns":4}],"seed_played":"-6052855330912877537","potions_obtained":[{"floor":14,"key":"Energy Potion"},{"floor":16,"key":"PowerPotion"},{"floor":24,"key":"GamblersBrew"}],"is_trial":false,"path_per_floor":["M","M","?","$","M","R","$","R","T","?","M","$","R","E","R","B",null,"M","?","?","?","M","R","E","T","T"],"character_chosen":"IRONCLAD","items_purchased":["Flex"],"campfire_rested":1,"item_purchase_floors":[4],"current_hp_per_floor":[80,76,76,76,75,75,75,75,75,75,70,70,70,48,48,13,80,48,32,32,32,9,21,8,8,22,0],"gold":219,"neow_bonus":"REMOVE_TWO","is_prod":false,"is_daily":false,"chose_seed":false,"campfire_upgraded":4,"win_rate":0,"timestamp":1534196731,"path_taken":["M","M","?","$","M","R","$","R","T","?","M","?","R","E","R","BOSS","M","?","?","?","M","R","E","?","T","E"],"build_version":"2018-08-09","purchased_purges":0,"victory":false,"max_hp_per_floor":[80,80,80,80,80,80,80,80,80,80,80,80,80,80,80,80,80,80,80,80,40,40,40,40,40,54,54],"card_choices":[{"not_picked":["Headbutt","Twin Strike"],"picked":"Anger","floor":1},{"not_picked":["Armaments","Shrug It Off"],"picked":"Flex","floor":2},{"not_picked":["Pommel Strike","Perfected Strike"],"picked":"Shrug It Off","floor":5},{"not_picked":["Shrug It Off","Flex"],"picked":"Rampage","floor":11},{"not_picked":["Wild Strike","Headbutt"],"picked":"True Grit","floor":14},{"not_picked":["Bludgeon","Exhume"],"picked":"Demon Form","floor":16},{"not_picked":["Havoc","Headbutt+1"],"picked":"Shrug It Off","floor":18},{"not_picked":["Rupture","Uppercut"],"picked":"Seeing Red","floor":22},{"not_picked":["Inflame","Hemokinesis"],"picked":"Anger+1","floor":24}],"player_experience":232966,"relics_obtained":[{"floor":9,"key":"Dodecahedron"},{"floor":14,"key":"Art of War"},{"floor":19,"key":"Nilry\u0027s Codex"},{"floor":24,"key":"Boot"},{"floor":25,"key":"Whetstone"},{"floor":26,"key":"Mango"}],"event_choices":[{"event_name":"The Cleric","player_choice":"Leave","floor":3,"damage_taken":0},{"event_name":"Upgrade Shrine","player_choice":"Upgraded","floor":10,"damage_taken":0},{"event_name":"Cursed Tome","player_choice":"Obtained Book","floor":19,"damage_taken":0},{"event_name":"Transmorgrifier","player_choice":"Transform","floor":20,"damage_taken":0},{"event_name":"Ghosts","player_choice":"Became a Ghost","floor":21,"damage_taken":0}],"is_beta":false,"boss_relics":[{"not_picked":["Snecko Eye","Ectoplasm"],"picked":"Runic Pyramid"}],"items_purged_floors":[],"is_endless":false,"potions_floor_spawned":[14,16,24],"killed_by":"Gremlin Leader","ascension_level":2}