{"path_per_floor":["M","M","M","$","M","R","M","?","T","?","R","M","$","M","R","B",null,"M","T","?","M","$","E","M","R","T","R","M","R","M","M","R","B",null,"M","?","?","$","M","R","?","M","T","M","R","M","T","M","R"],"character_chosen":"IRONCLAD","items_purchased":["Heavy Blade","Metallicize","War Paint","Limit Break","Enlightenment"],"gold_per_floor":[110,130,145,24,43,43,61,61,88,88,88,103,69,89,89,217,217,240,240,165,190,41,85,99,99,145,145,159,159,178,194,194,318,318,341,341,404,79,94,94,94,115,195,216,216,240,288,311,311],"floor_reached":50,"campfire_rested":7,"playtime":4712,"current_hp_per_floor":[72,72,68,68,52,52,58,55,55,55,55,53,53,46,70,56,80,60,60,60,66,66,28,27,51,51,51,39,63,56,42,66,42,80,53,53,33,33,27,51,71,47,47,7,31,26,26,9,33],"items_purged":["Strike_R"],"gold":311,"score":459,"play_id":"b1e291dc-fc44-4dbf-8b64-3a61f73714bc","is_prod":false,"is_daily":false,"is_ascension_mode":false,"campfire_upgraded":3,"path_taken":["M","M","M","$","M","R","M","?","T","?","R","M","$","?","R","BOSS","M","?","?","M","$","E","M","R","T","R","M","R","M","M","R","BOSS","M","?","?","$","?","R","?","M","T","?","R","M","?","M","R","BOSS"],"build_version":"2018-02-12-PROD1","purchased_purges":2,"victory":false,"master_deck":["Strike_R","Strike_R","Strike_R","Strike_R","Defend_R","Defend_R+1","Bash","Demon Form","Whirlwind+1","Spot Weakness","Seeing Red+1","Heavy Blade","Cleave","Inflame+1","Injury","Iron Wave","Metallicize","Shrug It Off","Shrug It Off+1","Juggernaut","Shrug It Off+1","Body Slam+1","Warcry","Flex","Shrug It Off","Havoc+1","Double Tap","Twin Strike+1","Spot Weakness","Infernal Blade","Shrug It Off","Limit Break","Enlightenment","Shockwave","Flex","Writhe","Anger+1","Shrug It Off+1","Shrug It Off+1","Warcry+1","Cleave+1","Pommel Strike","Heavy Blade","Pommel Strike+1"],"max_hp_per_floor":[80,80,80,80,80,80,80,80,80,80,80,80,80,80,80,80,80,80,80,80,80,80,80,80,80,80,80,80,80,80,80,80,80,80,80,80,80,80,80,80,80,80,80,80,80,80,80,80,80],"relics":["Burning Blood","Dream Catcher","Prayer Wheel","Golden Idol","Lizard Tail","Du-Vu Doll","War Paint","Unceasing Top","Pen Nib","Sozu","Sundial","Gremlin Horn","Oddly Smooth Stone"],"card_choices":[{"not_picked":["Cleave","Clash"],"picked":"Whirlwind"},{"not_picked":["Uppercut","Metallicize"],"picked":"Spot Weakness"},{"not_picked":["Spot Weakness","Havoc"],"picked":"Seeing Red"},{"not_picked":["Armaments","Thunderclap"],"picked":"Cleave"},{"not_picked":["Dark Embrace","Heavy Blade"],"picked":"Inflame"},{"not_picked":["Havoc","Perfected Strike"],"picked":"Iron Wave"},{"not_picked":["Disarm","Warcry"],"picked":"Shrug It Off"},{"not_picked":["Double Tap","Rupture"],"picked":"Shrug It Off"},{"not_picked":["Fiend Fire","Barricade"],"picked":"Juggernaut"},{"not_picked":["Wild Strike","Anger"],"picked":"Shrug It Off"},{"not_picked":["Searing Blow","Uppercut"],"picked":"Body Slam"},{"not_picked":["Twin Strike","Rupture"],"picked":"Body Slam"},{"not_picked":["Corruption","True Grit"],"picked":"Warcry"},{"not_picked":["Evolve","Perfected Strike"],"picked":"Flex"},{"not_picked":["Clash","Hemokinesis"],"picked":"Shrug It Off"},{"not_picked":["Body Slam","Perfected Strike"],"picked":"Havoc"},{"not_picked":["Shrug It Off","Body Slam"],"picked":"Double Tap"},{"not_picked":["Perfected Strike","Fire Breathing"],"picked":"Twin Strike"},{"not_picked":["Thunderclap","Sword Boomerang"],"picked":"Spot Weakness"},{"not_picked":["Dual Wield","Reckless Charge"],"picked":"Infernal Blade"},{"not_picked":["Warcry","Wild Strike"],"picked":"Shrug It Off"},{"not_picked":["Feel No Pain","Warcry"],"picked":"Shockwave"},{"not_picked":["Clothesline","Perfected Strike"],"picked":"Flex"},{"not_picked":["Feel No Pain","Juggernaut"],"picked":"Anger"},{"not_picked":["Clash","Sever Soul"],"picked":"Shrug It Off"},{"not_picked":["Body Slam","Blood for Blood"],"picked":"Shrug It Off"},{"not_picked":["Sword Boomerang","Disarm"],"picked":"Warcry"},{"not_picked":["Spot Weakness","Uppercut"],"picked":"Cleave"},{"not_picked":["Thunderclap","Shrug It Off"],"picked":"Pommel Strike"},{"not_picked":["Rage","Dark Embrace"],"picked":"Heavy Blade"},{"not_picked":["Inflame","Havoc"],"picked":"Pommel Strike"}],"player_experience":90372,"potions_floor_usage":[23,23,23,24,33],"damage_taken":[{"damage":14.0,"enemies":"Blue Slaver","floor":1.0,"turns":5.0},{"damage":6.0,"enemies":"Cultist","floor":2.0,"turns":3.0},{"damage":10.0,"enemies":"Jaw Worm","floor":3.0,"turns":4.0},{"damage":22.0,"enemies":"2 Fungi Beasts","floor":5.0,"turns":4.0},{"damage":0.0,"enemies":"3 Louse","floor":7.0,"turns":1.0},{"damage":8.0,"enemies":"Lots of Slimes","floor":12.0,"turns":3.0},{"damage":13.0,"enemies":"Red Slaver","floor":14.0,"turns":4.0},{"damage":32.0,"enemies":"Slime Boss","floor":16.0,"turns":7.0},{"damage":26.0,"enemies":"Chosen","floor":18.0,"turns":7.0},{"damage":0,"enemies":"3 Byrds","floor":21,"turns":4},{"damage":59,"enemies":"Slavers","floor":23,"turns":6},{"damage":7,"enemies":"Snecko","floor":24,"turns":4},{"damage":58,"enemies":"Slaver and Parasite","floor":28,"turns":7},{"damage":13,"enemies":"Snake Plant","floor":30,"turns":3},{"damage":20,"enemies":"Snecko","floor":31,"turns":5},{"damage":45,"enemies":"Collector","floor":33,"turns":10},{"damage":33,"enemies":"3 Darklings","floor":35,"turns":3},{"damage":26,"enemies":"Mysterious Sphere","floor":37,"turns":3},{"damage":12,"enemies":"Orb Walker","floor":39,"turns":3},{"damage":30,"enemies":"3 Darklings","floor":42,"turns":8},{"damage":46,"enemies":"Maw","floor":44,"turns":8},{"damage":11,"enemies":"4 Shapes","floor":46,"turns":4},{"damage":23,"enemies":"Sphere and 2 Shapes","floor":48,"turns":5},{"damage":39,"enemies":"Time Eater","floor":50,"turns":3}],"event_choices":[{"event_name":"Scrap Ooze","player_choice":"success","floor":8.0,"damage_taken":3.0},{"event_name":"Golden Idol","player_choice":"Take Wound","floor":10.0,"damage_taken":0.0},{"event_name":"Beggar","player_choice":"Gave Gold","floor":20,"damage_taken":0},{"event_name":"Mysterious Sphere","player_choice":"Fight","floor":37,"damage_taken":0},{"event_name":"Winding Halls","player_choice":"Writhe","floor":41,"damage_taken":0}],"boss_relics":[{"not_picked":["Calling Bell","Snecko Eye"],"picked":"Sozu"}],"potions_floor_spawned":[1,5,7,16,18,23,28,37,44,48],"seed_played":"8296075005741597360","killed_by":"Time Eater","ascension_level":0,"is_trial":false}