{"gold_per_floor":[109,123,48,65,81,81,81,81,104,4,4,20,20,36,36,36],"floor_reached":16,"playtime":621,"items_purged":["Defend_R","Defend_R"],"score":106,"play_id":"e3d98bf9-02de-42e4-8284-e495dd44788a","local_time":"20181115011145","is_ascension_mode":true,"campfire_choices":[{"data":"Disarm","floor":6,"key":"SMITH"},{"data":"Rage","floor":8,"key":"SMITH"},{"data":"Fire Breathing","floor":15,"key":"SMITH"}],"neow_cost":"NONE","seed_source_timestamp":24883771185215,"circlet_count":0,"master_deck":["Strike_R","Strike_R","Strike_R","Strike_R","Strike_R","Bash","Dual Wield","Disarm+1","Pommel Strike","Rage+1","Fire Breathing+1"],"relics":["Burning Blood","Art of War"],"potions_floor_usage":[5,16],"damage_taken":[{"damage":1,"enemies":"Cultist","floor":1,"turns":4},{"damage":5,"enemies":"Small Slimes","floor":2,"turns":3},{"damage":1,"enemies":"2 Louse","floor":4,"turns":3},{"damage":11,"enemies":"Blue Slaver","floor":5,"turns":3},{"damage":10,"enemies":"Red Slaver","floor":12,"turns":3},{"damage":27,"enemies":"Exordium Thugs","floor":14,"turns":5},{"damage":56,"enemies":"The Guardian","floor":16,"turns":9}],"seed_played":"8066470397265816735","potions_obtained":[{"floor":4,"key":"Fire Potion"},{"floor":14,"key":"Energy Potion"}],"is_trial":false,"path_per_floor":["M","M","$","M","M","R","?","R","T","$","?","M","?","M","R","B"],"character_chosen":"IRONCLAD","items_purchased":[],"campfire_rested":0,"item_purchase_floors":[],"current_hp_per_floor":[80,80,80,80,75,75,75,75,75,75,80,76,76,55,55,0],"gold":36,"neow_bonus":"REMOVE_CARD","is_prod":false,"is_daily":false,"chose_seed":false,"campfire_upgraded":3,"win_rate":0,"timestamp":1542240705,"path_taken":["M","M","$","M","M","R","?","R","T","$","?","M","?","M","R","BOSS"],"build_version":"2018-11-08","purchased_purges":2,"victory":false,"max_hp_per_floor":[80,80,80,80,80,80,80,80,80,80,85,85,85,85,85,85],"card_choices":[{"not_picked":["Pommel Strike","Anger"],"picked":"Dual Wield","floor":1},{"not_picked":["Reckless Charge","Warcry"],"picked":"Disarm","floor":2},{"not_picked":["Havoc","Twin Strike"],"picked":"Pommel Strike","floor":4},{"not_picked":["Pommel Strike","Carnage"],"picked":"Rage","floor":5},{"not_picked":["Ghostly Armor","Spot Weakness"],"picked":"Fire Breathing","floor":12},{"not_picked":["Exhume","Carnage","Body Slam"],"picked":"SKIP","floor":14}],"player_experience":388399,"relics_obtained":[{"floor":9,"key":"Art of War"}],"event_choices":[{"cards_removed":["Defend_R"],"damage_healed":0,"gold_gain":0,"player_choice":"Forget","damage_taken":0,"max_hp_gain":0,"max_hp_loss":0,"event_name":"Living Wall","floor":7,"gold_loss":0},{"damage_healed":0,"gold_gain":0,"player_choice":"Donut","damage_taken":0,"max_hp_gain":5,"max_hp_loss":0,"event_name":"Big Fish","floor":11,"gold_loss":0},{"damage_healed":0,"gold_gain":0,"player_choice":"Ignored","damage_taken":0,"max_hp_gain":0,"max_hp_loss":0,"event_name":"Liars Game","floor":13,"gold_loss":0}],"is_beta":false,"boss_relics":[],"items_purged_floors":[3,10],"is_endless":false,"potions_floor_spawned":[4,14],"killed_by":"The Guardian","ascension_level":3}