{"gold_per_floor":[116,37,51,68,18,18,51,62,62,119,119,119,119,146,146,241,241,256,256,271,285,296,296,326,354,366,378,30,30,30,47,47,148,148,165,185,185,205,205,205,220,220],"floor_reached":42,"playtime":3443,"items_purged":["Strike_G"],"score":684,"play_id":"5d55b4d7-212d-4c42-8063-ba9514e263cb","local_time":"20180727012341","is_ascension_mode":true,"campfire_choices":[{"data":"Accuracy","floor":6,"key":"SMITH"},{"data":"Cloak And Dagger","floor":11,"key":"SMITH"},{"data":"Deadly Poison","floor":15,"key":"SMITH"},{"data":"Catalyst","floor":23,"key":"SMITH"},{"floor":27,"key":"REST"},{"data":"Envenom","floor":29,"key":"SMITH"},{"data":"Cloak And Dagger","floor":32,"key":"SMITH"},{"data":"Infinite Blades","floor":40,"key":"SMITH"}],"neow_cost":"NONE","seed_source_timestamp":1673332532689,"circlet_count":0,"master_deck":["Defend_G","Defend_G","Defend_G+1","Defend_G+1","Strike_G","Strike_G","Strike_G","Survivor","Neutralize","Poisoned Stab","Accuracy+1","Cloak And Dagger+1","Poisoned Stab","Deadly Poison+1","Infinite Blades+1","Outmaneuver","Envenom+1","Cloak And Dagger+1","PiercingWail+1","Catalyst+1","Prepared+1","Distraction+1","Cloak And Dagger","Accuracy+1","Poisoned Stab+1","Catalyst+1","Noxious Fumes+1"],"relics":["Ring of the Snake","War Paint","Mercury Hourglass","Mummified Hand","Gremlin Horn","Ninja Scroll","Pear","MawBank","Orichalcum","Singing Bowl","Ornamental Fan","Cursed Key","Du-Vu Doll"],"potions_floor_usage":[10,16,21,22,33,35,38,38],"damage_taken":[{"damage":4,"enemies":"Cultist","floor":1,"turns":4},{"damage":0,"enemies":"Small Slimes","floor":3,"turns":3},{"damage":2,"enemies":"Jaw Worm","floor":4,"turns":4},{"damage":23,"enemies":"3 Sentries","floor":7,"turns":11},{"damage":0,"enemies":"3 Louse","floor":8,"turns":2},{"damage":16,"enemies":"Gremlin Nob","floor":10,"turns":3},{"damage":7,"enemies":"Lagavulin","floor":14,"turns":4},{"damage":0,"enemies":"Slime Boss","floor":16,"turns":5},{"damage":5,"enemies":"3 Byrds","floor":18,"turns":4},{"damage":12,"enemies":"Spheric Guardian","floor":20,"turns":4},{"damage":13,"enemies":"Centurion and Healer","floor":21,"turns":5},{"damage":17,"enemies":"Snake Plant","floor":22,"turns":3},{"damage":4,"enemies":"Gremlin Leader","floor":24,"turns":4},{"damage":11,"enemies":"Cultist and Chosen","floor":25,"turns":5},{"damage":1,"enemies":"Slaver and Parasite","floor":31,"turns":4},{"damage":38,"enemies":"Collector","floor":33,"turns":5},{"damage":0,"enemies":"Orb Walker","floor":35,"turns":2},{"damage":7,"enemies":"3 Shapes","floor":36,"turns":3},{"damage":4,"floor":37,"turns":4},{"damage":18,"enemies":"Flame Bruiser 2 Orb","floor":38,"turns":3},{"damage":21,"enemies":"3 Darklings","floor":41,"turns":4},{"damage":40,"enemies":"Sphere and 2 Shapes","floor":42,"turns":3}],"seed_played":"2482331576390122965","potions_obtained":[{"floor":3,"key":"SteroidPotion"},{"floor":8,"key":"Fire Potion"},{"floor":16,"key":"EssenceOfSteel"},{"floor":20,"key":"Explosive Potion"},{"floor":21,"key":"SteroidPotion"},{"floor":31,"key":"Dexterity Potion"},{"floor":36,"key":"Block Potion"},{"floor":37,"key":"AttackPotion"}],"is_trial":false,"path_per_floor":["M","$","M","M","?","R","E","M","T","?","R","T","?","E","R","B",null,"M","?","M","M","M","R","E","M","T","R","$","R","T","M","R","B",null,"M","M","?","M","?","R","M"],"character_chosen":"THE_SILENT","items_purchased":["Accuracy","Singing Bowl","Cloak And Dagger"],"campfire_rested":1,"item_purchase_floors":[2,28,28],"current_hp_per_floor":[66,66,66,64,64,64,41,41,41,25,25,25,48,51,51,51,80,75,75,63,50,33,33,29,18,18,42,42,42,42,43,43,7,84,84,77,73,55,55,55,36,0],"gold":220,"neow_bonus":"RANDOM_COMMON_RELIC","is_prod":false,"is_daily":false,"chose_seed":false,"campfire_upgraded":7,"win_rate":0,"timestamp":1532647421,"path_taken":["M","$","M","M","?","R","E","M","T","?","R","?","?","E","R","BOSS","M","?","M","M","M","R","E","M","T","R","$","R","?","?","R","BOSS","M","M","?","?","?","R","M","M"],"build_version":"2018-07-19v2","purchased_purges":1,"victory":false,"max_hp_per_floor":[70,70,70,70,70,70,70,70,70,70,70,70,70,80,80,80,80,80,80,80,80,80,80,80,80,80,80,80,80,80,82,82,84,84,84,84,84,84,84,84,86,86],"card_choices":[{"not_picked":["Dodge and Roll","Expertise"],"picked":"Poisoned Stab","floor":1},{"not_picked":["Dagger Spray","PiercingWail"],"picked":"Cloak And Dagger","floor":3},{"not_picked":["Dodge and Roll","Deadly Poison"],"picked":"Poisoned Stab","floor":4},{"not_picked":["Flying Knee","Quick Slash"],"picked":"Deadly Poison","floor":7},{"not_picked":["Crippling Poison","Well Laid Plans"],"picked":"Infinite Blades","floor":8},{"not_picked":["Deflect","Heel Hook"],"picked":"Outmaneuver","floor":14},{"not_picked":["Night Terror","Grand Finale"],"picked":"Envenom","floor":16},{"not_picked":["Acrobatics+1","Slice+1"],"picked":"Cloak And Dagger","floor":18},{"not_picked":["Eviscerate+1","Dagger Throw","Flechettes"],"picked":"SKIP","floor":20},{"not_picked":["Sucker Punch+1","Quick Slash"],"picked":"PiercingWail+1","floor":21},{"not_picked":["Dagger Throw+1","Deadly Poison"],"picked":"Catalyst","floor":22},{"not_picked":["Predator","Bouncing Flask"],"picked":"Prepared+1","floor":24},{"not_picked":["Blur","Sucker Punch"],"picked":"Distraction+1","floor":25},{"not_picked":["Die Die Die","PiercingWail","Deflect"],"picked":"Singing Bowl","floor":31},{"not_picked":["Unload","Phantasmal Killer","Doppelganger"],"picked":"Singing Bowl","floor":33},{"not_picked":["Cloak And Dagger","Flying Knee+1"],"picked":"Accuracy+1","floor":35},{"not_picked":["Bouncing Flask+1","Terror"],"picked":"Poisoned Stab+1","floor":36},{"not_picked":["Slice+1","Blur+1"],"picked":"Catalyst+1","floor":37},{"not_picked":["Dagger Spray","Backflip+1"],"picked":"Noxious Fumes+1","floor":38},{"not_picked":["Deflect+1","Acrobatics","Dodge and Roll"],"picked":"Singing Bowl","floor":41}],"player_experience":211206,"relics_obtained":[{"floor":7,"key":"Mercury Hourglass"},{"floor":9,"key":"Mummified Hand"},{"floor":10,"key":"Gremlin Horn"},{"floor":12,"key":"Ninja Scroll"},{"floor":14,"key":"Pear"},{"floor":24,"key":"MawBank"},{"floor":26,"key":"Orichalcum"},{"floor":30,"key":"Ornamental Fan"},{"floor":37,"key":"Du-Vu Doll"}],"event_choices":[{"event_name":"The Cleric","player_choice":"Card Removal","floor":5,"damage_taken":0},{"event_name":"Dead Adventurer","player_choice":"Searched \u00272\u0027 times","floor":10,"damage_taken":0},{"event_name":"Big Fish","player_choice":"Banana","floor":13,"damage_taken":0},{"event_name":"Back to Basics","player_choice":"Elegance","floor":19,"damage_taken":0},{"event_name":"MindBloom","player_choice":"Fight","floor":37,"damage_taken":0},{"event_name":"Tomb of Lord Red Mask","player_choice":"Ignored","floor":39,"damage_taken":0}],"is_beta":false,"boss_relics":[{"not_picked":["HoveringKite","Velvet Choker","Coffee Dripper"]},{"not_picked":["Busted Crown","Runic Dome"],"picked":"Cursed Key"}],"items_purged_floors":[28],"is_endless":false,"potions_floor_spawned":[3,8,16,20,21,31,36,37],"killed_by":"Sphere and 2 Shapes","ascension_level":1}