{"gold_per_floor":[109,109,124,49,49,49,49,49,49,49,81,81,98,131,131,229,229,249,249,264,0,0,0,26,26,52,52,65,80,80,95,95,95],"floor_reached":33,"playtime":1573,"items_purged":["Defend_R","Defend_R+1"],"score":355,"play_id":"7df4dcda-0852-4e6d-acb5-9d4b7a849ad2","local_time":"20181128011643","is_ascension_mode":true,"campfire_choices":[{"data":"Seeing Red","floor":6,"key":"SMITH"},{"data":"Bash","floor":8,"key":"SMITH"},{"data":"Strike_R","floor":10,"key":"SMITH"},{"data":"Clash","floor":12,"key":"SMITH"},{"data":"Flame Barrier","floor":15,"key":"SMITH"},{"data":"Limit Break","floor":23,"key":"SMITH"},{"floor":30,"key":"REST"},{"data":"Demon Form","floor":32,"key":"SMITH"}],"neow_cost":"NONE","seed_source_timestamp":15917108654598,"circlet_count":0,"master_deck":["Strike_R+1","Strike_R+1","Strike_R+1","Strike_R+1","Strike_R+1","Bash+1","Perfected Strike+1","Seeing Red+1","Clash+1","Flame Barrier+1","Perfected Strike","Demon Form+1","Flex","Spot Weakness","Limit Break+1","Shockwave","Decay","Shame","Heavy Blade","Wild Strike","Infernal Blade"],"relics":["Burning Blood","NeowsBlessing","Shuriken","Bag of Marbles","Bronze Scales","Lizard Tail","Boot","Juzu Bracelet","Pen Nib"],"potions_floor_usage":[18,24,24,31,33],"damage_taken":[{"damage":0,"enemies":"Small Slimes","floor":1,"turns":1},{"damage":0,"enemies":"Jaw Worm","floor":3,"turns":1},{"damage":0,"enemies":"3 Sentries","floor":11,"turns":1},{"damage":0,"enemies":"Cultist","floor":13,"turns":2},{"damage":15,"enemies":"Lagavulin","floor":14,"turns":3},{"damage":21,"enemies":"Slime Boss","floor":16,"turns":5},{"damage":14,"enemies":"Shell Parasite","floor":18,"turns":3},{"damage":11,"enemies":"2 Thieves","floor":20,"turns":2},{"damage":36,"enemies":"Slavers","floor":24,"turns":3},{"damage":12,"enemies":"Centurion and Healer","floor":28,"turns":3},{"damage":46,"enemies":"Shelled Parasite and Fungi","floor":29,"turns":4},{"damage":22,"enemies":"Cultist and Chosen","floor":31,"turns":4},{"damage":32,"enemies":"Automaton","floor":33,"turns":6}],"seed_played":"3458559258800804816","potions_obtained":[{"floor":3,"key":"Regen Potion"},{"floor":14,"key":"LiquidBronze"},{"floor":20,"key":"EssenceOfSteel"},{"floor":28,"key":"Regen Potion"},{"floor":29,"key":"GamblersBrew"}],"is_trial":false,"path_per_floor":["M","?","M","$","?","R","?","R","T","R","E","R","M","E","R","B",null,"M","?","M","$","?","R","E","?","T","?","M","M","R","M","R","B"],"character_chosen":"IRONCLAD","items_purchased":["Limit Break"],"campfire_rested":1,"item_purchase_floors":[21],"current_hp_per_floor":[80,73,79,79,63,63,63,63,63,63,69,69,75,66,66,51,80,72,72,67,67,67,67,37,37,37,37,31,32,56,52,52,20],"gold":95,"neow_bonus":"THREE_ENEMY_KILL","is_prod":false,"is_daily":false,"chose_seed":false,"campfire_upgraded":7,"win_rate":0,"timestamp":1543364203,"path_taken":["M","?","M","$","?","R","?","R","T","R","E","R","?","E","R","BOSS","M","?","M","$","?","R","E","?","T","?","M","M","R","M","R","BOSS"],"build_version":"2018-11-15","purchased_purges":2,"victory":false,"max_hp_per_floor":[80,80,80,80,80,80,80,80,80,80,80,80,80,80,80,80,80,80,80,80,80,80,80,80,80,80,80,80,80,80,80,80,80],"card_choices":[{"not_picked":["Clash","Shrug It Off"],"picked":"Perfected Strike","floor":1},{"not_picked":["Warcry","Heavy Blade"],"picked":"Seeing Red","floor":3},{"not_picked":["Headbutt","Havoc"],"picked":"Clash","floor":11},{"not_picked":["Immolate","Heavy Blade"],"picked":"Flame Barrier","floor":13},{"not_picked":["Juggernaut","Wild Strike"],"picked":"Perfected Strike","floor":14},{"not_picked":["Reaper","Brutality"],"picked":"Demon Form","floor":16},{"not_picked":["Thunderclap","Sword Boomerang"],"picked":"Flex","floor":18},{"not_picked":["Burning Pact","True Grit"],"picked":"Spot Weakness","floor":20},{"not_picked":["Barricade","Sentinel+1"],"picked":"Shockwave","floor":24},{"not_picked":["Havoc","Armaments"],"picked":"Heavy Blade","floor":28},{"not_picked":["True Grit","Reckless Charge"],"picked":"Wild Strike","floor":29},{"not_picked":["Dropkick","Warcry"],"picked":"Infernal Blade","floor":31}],"player_experience":406205,"relics_obtained":[{"floor":9,"key":"Shuriken"},{"floor":11,"key":"Bag of Marbles"},{"floor":14,"key":"Bronze Scales"},{"floor":24,"key":"Boot"},{"floor":26,"key":"Juzu Bracelet"}],"event_choices":[{"cards_removed":["Defend_R"],"damage_healed":0,"gold_gain":0,"player_choice":"Card Removal","damage_taken":7,"max_hp_gain":0,"max_hp_loss":0,"event_name":"Golden Wing","floor":2,"gold_loss":0},{"damage_healed":0,"gold_gain":0,"player_choice":"Entered Light","damage_taken":16,"max_hp_gain":0,"max_hp_loss":0,"event_name":"Shining Light","floor":5,"gold_loss":0,"cards_upgraded":["Strike_R","Perfected Strike"]},{"cards_removed":["Defend_R"],"damage_healed":0,"gold_gain":0,"player_choice":"Offered Basic","damage_taken":0,"max_hp_gain":0,"max_hp_loss":0,"event_name":"Bonfire Elementals","floor":7,"gold_loss":0},{"damage_healed":0,"gold_gain":0,"player_choice":"Simplicity","damage_taken":0,"max_hp_gain":0,"max_hp_loss":0,"event_name":"Back to Basics","floor":19,"gold_loss":0,"cards_upgraded":["Strike_R","Strike_R","Strike_R","Defend_R"]},{"damage_healed":0,"gold_gain":0,"player_choice":"Ignored","damage_taken":0,"max_hp_gain":0,"max_hp_loss":0,"event_name":"Ghosts","floor":22,"gold_loss":0},{"damage_healed":0,"gold_gain":0,"player_choice":"Smashed Altar","damage_taken":0,"max_hp_gain":0,"max_hp_loss":0,"event_name":"Forgotten Altar","floor":25,"gold_loss":0,"cards_obtained":["Decay"]},{"damage_healed":0,"gold_gain":0,"player_choice":"Stole Relic","damage_taken":0,"relics_obtained":["Pen Nib"],"max_hp_gain":0,"max_hp_loss":0,"event_name":"Addict","floor":27,"gold_loss":0,"cards_obtained":["Shame"]}],"is_beta":false,"boss_relics":[{"not_picked":["Runic Cube","Ectoplasm"],"picked":"Lizard Tail"}],"items_purged_floors":[4,21],"is_endless":false,"potions_floor_spawned":[3,14,20,28,29],"killed_by":"Automaton","ascension_level":4}