{"gold_per_floor":[18,30,30,47,7,7,37,37,62,62,72,34,49,63,63,168,168,183,108,124,224,224,224,11,11,11,45,60,60,88,88,88,88],"floor_reached":33,"playtime":2791,"items_purged":["Strike_R"],"score":385,"play_id":"02e3a717-b2d4-4dec-b099-b73b3077b6ff","local_time":"20190526014002","is_ascension_mode":true,"campfire_choices":[{"data":"Entrench","floor":6.0,"key":"SMITH"},{"data":"Barricade","floor":15.0,"key":"SMITH"},{"floor":23.0,"key":"REST"},{"data":"Impervious","floor":25.0,"key":"SMITH"},{"floor":29.0,"key":"REST"},{"floor":32,"key":"REST"}],"neow_cost":"NO_GOLD","seed_source_timestamp":0,"circlet_count":0,"master_deck":["Defend_R","Defend_R","Bash","Impervious+1","Body Slam","Entrench+1","Whirlwind","Barricade+1","Ghostly Armor","Whirlwind","Berserk","Iron Wave+1","Headbutt+1","Shrug It Off","Flash of Steel","Iron Wave+1","Rage"],"special_seed":0,"relics":["Burning Blood","Lantern","Centennial Puzzle","Empty Cage","Prayer Wheel","Shuriken","Matryoshka","Juzu Bracelet","Bag of Preparation","Blood Vial","StoneCalendar"],"potions_floor_usage":[33,33],"damage_taken":[{"damage":0.0,"enemies":"Small Slimes","floor":1.0,"turns":3.0},{"damage":2.0,"enemies":"Jaw Worm","floor":2.0,"turns":3.0},{"damage":0.0,"enemies":"2 Louse","floor":4.0,"turns":3.0},{"damage":60.0,"enemies":"Lagavulin","floor":7.0,"turns":9.0},{"damage":17.0,"enemies":"Lots of Slimes","floor":11.0,"turns":8.0},{"damage":0.0,"enemies":"3 Louse","floor":13.0,"turns":1.0},{"damage":3.0,"enemies":"Blue Slaver","floor":14.0,"turns":3.0},{"damage":22.0,"enemies":"The Guardian","floor":16.0,"turns":8.0},{"damage":0.0,"enemies":"3 Byrds","floor":18.0,"turns":6.0},{"damage":18.0,"enemies":"Spheric Guardian","floor":20.0,"turns":6.0},{"damage":0.0,"enemies":"Colosseum Slavers","floor":21.0,"turns":6.0},{"damage":33.0,"enemies":"Colosseum Nobs","floor":21.0,"turns":5.0},{"damage":45.0,"enemies":"Book of Stabbing","floor":27.0,"turns":7.0},{"damage":22.0,"enemies":"3 Cultists","floor":28.0,"turns":5.0},{"damage":2,"enemies":"Gremlin Leader","floor":30,"turns":8},{"damage":63,"enemies":"Automaton","floor":33,"turns":6}],"seed_played":"-7458575068234128954","potions_obtained":[{"floor":1.0,"key":"Ancient Potion"},{"floor":2.0,"key":"SpeedPotion"},{"floor":11.0,"key":"SkillPotion"},{"floor":14.0,"key":"Swift Potion"},{"floor":16.0,"key":"SpeedPotion"},{"floor":20.0,"key":"Block Potion"},{"floor":28.0,"key":"Strength Potion"},{"floor":30,"key":"SkillPotion"}],"is_trial":false,"path_per_floor":["M","M","?","M","$","R","E","?","T","?","M","$","M","M","R","B",null,"M","?","M","?","T","R","$","R","T","E","M","R","E","?","R","B"],"character_chosen":"IRONCLAD","items_purchased":["Feel No Pain","Whirlwind","Shrug It Off","Flash of Steel"],"campfire_rested":3,"item_purchase_floors":[5,12,24,24],"current_hp_per_floor":[80,80,80,80,80,80,26,19,19,80,69,69,75,78,78,62,76,80,80,68,47,47,71,71,71,71,32,18,42,48,33,58,0],"gold":88,"neow_bonus":"TRANSFORM_TWO_CARDS","is_prod":false,"is_daily":false,"chose_seed":false,"campfire_upgraded":3,"win_rate":0,"timestamp":1558827602,"path_taken":["M","M","?","M","$","R","E","?","T","?","M","$","?","M","R","BOSS","M","?","M","?","?","R","$","R","T","E","M","R","E","?","R","BOSS"],"build_version":"2019-01-23","purchased_purges":1,"victory":false,"max_hp_per_floor":[80,80,80,80,80,80,80,80,80,80,80,80,80,80,80,80,80,80,80,80,80,80,80,80,80,80,80,80,80,80,85,85,85],"card_choices":[{"not_picked":["Pummel","Rupture"],"picked":"Body Slam","floor":1.0},{"not_picked":["Iron Wave","Armaments"],"picked":"Entrench","floor":2.0},{"not_picked":["Armaments","Power Through"],"picked":"Whirlwind","floor":4.0},{"not_picked":["Perfected Strike","Dropkick"],"picked":"Barricade","floor":7.0},{"not_picked":["Armaments","Bloodletting"],"picked":"Ghostly Armor","floor":11.0},{"not_picked":["Heavy Blade","Uppercut","Pommel Strike"],"picked":"SKIP","floor":13.0},{"not_picked":["Sword Boomerang","Disarm","Pommel Strike"],"picked":"SKIP","floor":14.0},{"not_picked":["Barricade","Exhume"],"picked":"Berserk","floor":16.0},{"not_picked":["Dropkick","Anger"],"picked":"Iron Wave+1","floor":18.0},{"not_picked":["Havoc","Searing Blow","Shockwave"],"picked":"SKIP","floor":20.0},{"not_picked":["Cleave","Feel No Pain"],"picked":"Headbutt+1","floor":21.0},{"not_picked":["Dropkick","Heavy Blade"],"picked":"Iron Wave+1","floor":27.0},{"not_picked":["Clothesline+1","Sword Boomerang"],"picked":"Rage","floor":28.0},{"not_picked":["Heavy Blade","Feel No Pain","Offering"],"picked":"SKIP","floor":28.0},{"not_picked":["Sword Boomerang+1","Flame Barrier","True Grit"],"picked":"SKIP","floor":30}],"player_experience":572311,"relics_obtained":[{"floor":7.0,"key":"Lantern"},{"floor":9.0,"key":"Centennial Puzzle"},{"floor":21.0,"key":"Prayer Wheel"},{"floor":21.0,"key":"Shuriken"},{"floor":22.0,"key":"Matryoshka"},{"floor":26.0,"key":"Juzu Bracelet"},{"floor":26.0,"key":"Bag of Preparation"},{"floor":27.0,"key":"Blood Vial"},{"floor":30,"key":"StoneCalendar"}],"event_choices":[{"cards_removed":["Strike_R"],"damage_healed":0.0,"max_hp_gain":0.0,"max_hp_loss":0.0,"gold_gain":0.0,"event_name":"Living Wall","player_choice":"Forget","floor":3.0,"gold_loss":0.0,"damage_taken":0.0},{"cards_removed":["Strike_R"],"damage_healed":0.0,"max_hp_gain":0.0,"max_hp_loss":0.0,"gold_gain":0.0,"event_name":"Golden Wing","player_choice":"Card Removal","floor":8.0,"gold_loss":0.0,"damage_taken":7.0},{"cards_removed":["Feel No Pain"],"damage_healed":61.0,"max_hp_gain":0.0,"max_hp_loss":0.0,"gold_gain":0.0,"event_name":"Bonfire Elementals","player_choice":"Offered Uncommon","floor":10.0,"gold_loss":0.0,"damage_taken":0.0},{"cards_removed":["Strike_R"],"damage_healed":0.0,"max_hp_gain":0.0,"max_hp_loss":0.0,"gold_gain":0.0,"event_name":"Beggar","player_choice":"Gave Gold","floor":19.0,"gold_loss":75.0,"damage_taken":0.0},{"damage_healed":0.0,"max_hp_gain":0.0,"max_hp_loss":0.0,"gold_gain":0.0,"event_name":"Colosseum","player_choice":"Fight","floor":21.0,"gold_loss":0.0,"damage_taken":0.0},{"damage_healed":0.0,"max_hp_gain":0.0,"max_hp_loss":0.0,"gold_gain":0.0,"event_name":"Colosseum","player_choice":"Fought Nobs","floor":21.0,"gold_loss":0.0,"damage_taken":0.0},{"damage_healed":0,"gold_gain":0,"player_choice":"Shed Blood","damage_taken":20,"max_hp_gain":5,"max_hp_loss":0,"event_name":"Forgotten Altar","floor":31,"gold_loss":0}],"is_beta":false,"boss_relics":[{"not_picked":["Calling Bell","Snecko Eye"],"picked":"Empty Cage"}],"items_purged_floors":[24],"is_endless":false,"potions_floor_spawned":[1,2,11,14,16,20,21,28,30],"killed_by":"Automaton","ascension_level":5}