{"gold_per_floor":[110,185,200,34,51,51,83,83,83,83,96,116,147,1,1,1],"floor_reached":16,"playtime":927,"items_purged":["Strike_G"],"score":138,"play_id":"da8f18f0-de7b-425f-a7b6-c5318965265f","local_time":"20190429012531","is_ascension_mode":true,"campfire_choices":[{"data":"The Bomb","floor":6,"key":"SMITH"},{"floor":10,"key":"REST"},{"floor":15,"key":"REST"}],"neow_cost":"NONE","seed_source_timestamp":48744845978500,"circlet_count":0,"master_deck":["Defend_G","Defend_G","Defend_G","Defend_G","Defend_G","Strike_G","Strike_G","Strike_G","Survivor","Neutralize","Deadly Poison","Blur","The Bomb+1","Cloak And Dagger","Bouncing Flask","Predator","Flying Knee","Outmaneuver","Catalyst"],"relics":["Ring of the Snake","Incense Burner","Golden Idol","Gremlin Horn","Orichalcum"],"potions_floor_usage":[11,11,13],"damage_taken":[{"damage":0,"enemies":"2 Louse","floor":1,"turns":3},{"damage":0,"enemies":"Cultist","floor":3,"turns":4},{"damage":2,"enemies":"Jaw Worm","floor":5,"turns":5},{"damage":17,"enemies":"Lagavulin","floor":7,"turns":6},{"damage":25,"enemies":"Gremlin Gang","floor":11,"turns":5},{"damage":3,"enemies":"Large Slime","floor":12,"turns":3},{"damage":15,"enemies":"Gremlin Nob","floor":13,"turns":4},{"damage":26,"enemies":"The Guardian","floor":16,"turns":4}],"seed_played":"-832276348275711857","potions_obtained":[{"floor":1,"key":"AttackPotion"},{"floor":3,"key":"SpeedPotion"},{"floor":12,"key":"EssenceOfSteel"}],"is_trial":false,"path_per_floor":["M","?","M","$","M","R","E","?","T","R","M","M","E","$","R","B"],"character_chosen":"THE_SILENT","items_purchased":["The Bomb","Catalyst"],"campfire_rested":2,"item_purchase_floors":[4,14],"current_hp_per_floor":[70,63,63,63,61,61,44,27,27,48,23,20,5,5,26,0],"gold":1,"neow_bonus":"REMOVE_CARD","is_prod":false,"is_daily":false,"chose_seed":false,"campfire_upgraded":1,"win_rate":0,"timestamp":1556493931,"path_taken":["M","?","M","$","?","R","E","?","T","R","M","M","E","?","R","BOSS"],"build_version":"2019-01-23","purchased_purges":1,"victory":false,"max_hp_per_floor":[70,70,70,70,70,70,70,70,70,70,70,70,70,70,70,70],"card_choices":[{"not_picked":["Masterful Stab","Acrobatics"],"picked":"Deadly Poison","floor":1},{"not_picked":["Deflect","Acrobatics"],"picked":"Blur","floor":3},{"not_picked":["Underhanded Strike","Dagger Throw"],"picked":"Cloak And Dagger","floor":5},{"not_picked":["Poisoned Stab","Blade Dance"],"picked":"Bouncing Flask","floor":7},{"not_picked":["Masterful Stab","Sucker Punch"],"picked":"Predator","floor":11},{"not_picked":["Skewer","Unload"],"picked":"Flying Knee","floor":12},{"not_picked":["Blade Dance","Quick Slash"],"picked":"Outmaneuver","floor":13}],"player_experience":510308,"relics_obtained":[{"floor":7,"key":"Incense Burner"},{"floor":9,"key":"Gremlin Horn"},{"floor":13,"key":"Orichalcum"}],"event_choices":[{"damage_healed":0,"gold_gain":75,"player_choice":"Touch","damage_taken":7,"max_hp_gain":0,"max_hp_loss":0,"event_name":"FaceTrader","floor":2,"gold_loss":0},{"damage_healed":0,"gold_gain":0,"player_choice":"Take Damage","damage_taken":17,"relics_obtained":["Golden Idol"],"max_hp_gain":0,"max_hp_loss":0,"event_name":"Golden Idol","floor":8,"gold_loss":0}],"is_beta":false,"boss_relics":[],"items_purged_floors":[14],"is_endless":false,"potions_floor_spawned":[1,3,12],"killed_by":"The Guardian","ascension_level":5}