{"gold_per_floor":[109,109,125,200,216,245,245,257,257,257,277,277,277,294,294,399,399,414,433,453,470,470],"floor_reached":22,"playtime":913,"items_purged":[],"score":228,"play_id":"1db0f407-f891-4ecd-8aad-4c9447c3649d","local_time":"20190508020117","is_ascension_mode":true,"campfire_choices":[{"data":"Dualcast","floor":7,"key":"SMITH"},{"data":"Streamline","floor":10,"key":"SMITH"},{"data":"Streamline","floor":13,"key":"SMITH"},{"data":"Conserve Battery","floor":15,"key":"SMITH"}],"neow_cost":"NONE","seed_source_timestamp":9782658347100,"circlet_count":0,"master_deck":["Zap","Dualcast+1","Sweeping Beam","Chill","FTL","Coolheaded","Streamline+1","Streamline+1","Conserve Battery+1","All For One","Melter","Hello World","Capacitor","Meteor Strike","Electrodynamics","Sunder","White Noise","Stack","Double Energy","Gash","Gash","Storm+1"],"relics":["Cracked Core","Kunai","Dream Catcher","Bottled Lightning","The Courier","Pandora\u0027s Box"],"potions_floor_usage":[19],"damage_taken":[{"damage":1,"enemies":"Cultist","floor":1,"turns":3},{"damage":2,"enemies":"2 Louse","floor":3,"turns":2},{"damage":5,"enemies":"Jaw Worm","floor":5,"turns":2},{"damage":18,"enemies":"3 Sentries","floor":6,"turns":7},{"damage":0,"enemies":"Large Slime","floor":8,"turns":4},{"damage":0,"enemies":"Exordium Wildlife","floor":11,"turns":3},{"damage":0,"enemies":"3 Louse","floor":14,"turns":1},{"damage":38,"enemies":"Hexaghost","floor":16,"turns":10},{"damage":31,"enemies":"2 Thieves","floor":18,"turns":4},{"damage":15,"enemies":"Shell Parasite","floor":19,"turns":5},{"damage":10,"enemies":"Snecko","floor":20,"turns":3},{"damage":17,"enemies":"Centurion and Healer","floor":21,"turns":5},{"damage":12,"enemies":"Cultist and Chosen","floor":22,"turns":1}],"seed_played":"1405463830864598141","potions_obtained":[{"floor":5,"key":"Ancient Potion"},{"floor":6,"key":"SpeedPotion"},{"floor":11,"key":"Strength Potion"},{"floor":21,"key":"FocusPotion"}],"is_trial":false,"path_per_floor":["M","T","M","?","M","E","R","M","T","R","M","?","R","M","R","B",null,"M","M","M","M","M"],"character_chosen":"DEFECT","items_purchased":[],"campfire_rested":0,"item_purchase_floors":[],"current_hp_per_floor":[81,81,79,68,63,45,45,45,45,45,45,45,45,45,45,7,82,51,36,26,9,0],"gold":470,"neow_bonus":"TEN_PERCENT_HP_BONUS","is_prod":false,"is_daily":false,"chose_seed":false,"campfire_upgraded":4,"win_rate":0,"timestamp":1557273677,"path_taken":["M","?","M","?","M","E","R","M","T","R","M","?","R","M","R","BOSS","M","?","M","?","?"],"build_version":"2019-01-23","purchased_purges":0,"victory":false,"max_hp_per_floor":[82,82,82,82,82,82,82,82,82,82,82,82,82,82,82,82,82,82,82,82,82,82],"card_choices":[{"not_picked":["Hologram","Turbo"],"picked":"Sweeping Beam","floor":1},{"not_picked":["Blizzard","Barrage"],"picked":"Chill","floor":3},{"not_picked":["Blizzard","Go for the Eyes"],"picked":"FTL","floor":5},{"not_picked":["Turbo","Steam Power"],"picked":"Coolheaded","floor":6},{"not_picked":["Rebound","Loop"],"picked":"Streamline","floor":8},{"not_picked":["Compile Driver","Turbo"],"picked":"Streamline","floor":11},{"not_picked":["Sunder","Leap"],"picked":"Conserve Battery","floor":14},{"not_picked":["Biased Cognition","Rainbow"],"picked":"All For One","floor":16},{"not_picked":["Barrage","Sunder"],"picked":"Double Energy","floor":18},{"not_picked":["Blizzard","Compile Driver"],"picked":"Gash","floor":19},{"not_picked":["Steam Power","Fusion"],"picked":"Gash","floor":20},{"not_picked":["Leap","Rebound+1"],"picked":"Storm+1","floor":21}],"player_experience":524281,"relics_obtained":[{"floor":2,"key":"Kunai"},{"floor":6,"key":"Dream Catcher"},{"floor":9,"key":"Bottled Lightning"},{"floor":12,"key":"The Courier"}],"event_choices":[{"damage_healed":0,"gold_gain":75,"player_choice":"Gather Gold","damage_taken":11,"max_hp_gain":0,"max_hp_loss":0,"event_name":"World of Goop","floor":4,"gold_loss":0},{"damage_healed":0,"gold_gain":0,"player_choice":"Relic","damage_taken":0,"max_hp_gain":0,"max_hp_loss":0,"event_name":"Wheel of Change","floor":12,"gold_loss":0}],"is_beta":false,"boss_relics":[{"not_picked":["Eternal Feather","Fusion Hammer"],"picked":"Pandora\u0027s Box"}],"items_purged_floors":[],"is_endless":false,"potions_floor_spawned":[5,6,11,21],"killed_by":"Cultist and Chosen","ascension_level":4}