{"gold_per_floor":[117,67,78,253,253,253,271,271,294,294,146,162,162,180,180,283,283,299,312,312],"floor_reached":20,"playtime":1313,"items_purged":["Decay"],"score":221,"play_id":"a12e0d7b-c1a9-4fec-9766-25f0ea0f38d6","local_time":"20190830012950","is_ascension_mode":true,"campfire_choices":[{"data":"Envenom","floor":6,"key":"SMITH"},{"data":"Bouncing Flask","floor":8,"key":"SMITH"},{"data":"Riddle With Holes","floor":10,"key":"SMITH"},{"data":"Dagger Spray","floor":13,"key":"SMITH"},{"data":"Survivor","floor":15,"key":"SMITH"}],"neow_cost":"NONE","seed_source_timestamp":23447610432800,"circlet_count":0,"master_deck":["Strike_G","Strike_G","Strike_G","Strike_G","Defend_G","Defend_G","Defend_G","Defend_G","Defend_G","Survivor+1","Neutralize","Envenom+1","Bouncing Flask+1","Dagger Spray+1","Riddle With Holes+1","Finisher","Terror","Corpse Explosion","Bane","Cloak And Dagger+1"],"relics":["Ring of the Serpent","Oddly Smooth Stone"],"potions_floor_usage":[14,18,18,20],"damage_taken":[{"damage":3,"enemies":"Jaw Worm","floor":1,"turns":6},{"damage":2,"enemies":"Small Slimes","floor":3,"turns":4},{"damage":0,"enemies":"Cultist","floor":7,"turns":4},{"damage":3,"enemies":"Blue Slaver","floor":12,"turns":4},{"damage":7,"enemies":"Lots of Slimes","floor":14,"turns":4},{"damage":37,"enemies":"Slime Boss","floor":16,"turns":12},{"damage":21,"enemies":"Shell Parasite","floor":18,"turns":7},{"damage":37,"enemies":"2 Thieves","floor":19,"turns":4},{"damage":20,"enemies":"Shelled Parasite and Fungi","floor":20,"turns":3}],"seed_played":"8365191663408053080","potions_obtained":[{"floor":1,"key":"Regen Potion"},{"floor":3,"key":"Poison Potion"},{"floor":12,"key":"Dexterity Potion"},{"floor":16,"key":"Ancient Potion"},{"floor":19,"key":"SteroidPotion"}],"is_trial":false,"path_per_floor":["M","?","M","?","?","R","M","R","T","R","$","M","R","M","R","B",null,"M","M","M"],"character_chosen":"THE_SILENT","items_purchased":["Finisher"],"campfire_rested":0,"item_purchase_floors":[11],"current_hp_per_floor":[60,60,58,58,58,58,58,58,58,58,58,55,55,48,48,11,55,49,12,0],"gold":312,"neow_bonus":"ONE_RANDOM_RARE_CARD","is_prod":false,"is_daily":false,"chose_seed":false,"campfire_upgraded":5,"win_rate":0,"timestamp":1567121390,"path_taken":["M","?","M","?","?","R","M","R","T","R","$","M","R","M","R","BOSS","M","M","M"],"build_version":"2019-07-17","purchased_purges":1,"victory":false,"max_hp_per_floor":[70,70,70,70,70,70,70,70,70,70,70,70,70,70,70,70,70,70,70,70],"card_choices":[{"not_picked":["Leg Sweep","Bane"],"picked":"Bouncing Flask","floor":1},{"not_picked":["Underhanded Strike","Finisher"],"picked":"Dagger Spray","floor":3},{"not_picked":["Dagger Throw","Deflect"],"picked":"Riddle With Holes","floor":7},{"not_picked":["Eviscerate","Dodge and Roll","Unload"],"picked":"SKIP","floor":12},{"not_picked":["Escape Plan","Well Laid Plans"],"picked":"Terror","floor":14},{"not_picked":["Venomology","Die Die Die"],"picked":"Corpse Explosion","floor":16},{"not_picked":["Deflect+1","Outmaneuver"],"picked":"Bane","floor":18},{"not_picked":["Infinite Blades+1","Dagger Spray"],"picked":"Cloak And Dagger+1","floor":19}],"player_experience":600830,"relics_obtained":[{"floor":9,"key":"Oddly Smooth Stone"}],"event_choices":[{"cards_removed":["Strike_G"],"damage_healed":0,"gold_gain":0,"player_choice":"Card Removal","damage_taken":0,"max_hp_gain":0,"max_hp_loss":0,"event_name":"The Cleric","floor":2,"gold_loss":50},{"damage_healed":0,"gold_gain":175,"player_choice":"AGREE","damage_taken":0,"max_hp_gain":0,"max_hp_loss":0,"event_name":"Liars Game","floor":4,"gold_loss":0,"cards_obtained":["Doubt"]},{"damage_healed":0,"gold_gain":0,"cards_transformed":["Doubt"],"player_choice":"Transformed","damage_taken":0,"max_hp_gain":0,"max_hp_loss":0,"event_name":"Transmorgrifier","floor":5,"gold_loss":0,"cards_obtained":["Decay"]}],"is_beta":false,"boss_relics":[{"not_picked":["Pandora\u0027s Box","Lizard Tail"],"picked":"Ring of the Serpent"}],"items_purged_floors":[11],"is_endless":false,"potions_floor_spawned":[1,3,12,16,19],"killed_by":"Shelled Parasite and Fungi","ascension_level":7}