{"gold_per_floor":[117,127,138,63,76,76,41,41,41,41,16,31,31,51,51,155,155,173,173,173,187,207,207,221,232,279,194,125,125,56,67,67,67],"floor_reached":33,"playtime":1669,"items_purged":["Strike_B"],"score":287,"play_id":"b4f92f4d-6571-4cd7-8109-c1ef923cf2b9","local_time":"20190508014005","is_ascension_mode":true,"campfire_choices":[{"data":"Chill","floor":6,"key":"SMITH"},{"data":"Electrodynamics","floor":8,"key":"SMITH"},{"data":"Zap","floor":10,"key":"SMITH"},{"data":"Conserve Battery","floor":13,"key":"SMITH"},{"data":"Barrage","floor":15,"key":"SMITH"},{"data":"Dualcast","floor":23,"key":"SMITH"},{"floor":32,"key":"REST"}],"neow_cost":"NONE","seed_source_timestamp":7754150538200,"circlet_count":0,"master_deck":["Strike_B","Strike_B","Strike_B","Defend_B","Defend_B","Defend_B","Defend_B","Zap+1","Dualcast+1","Electrodynamics+1","Barrage+1","Barrage","Barrage","Chill+1","Gash","Conserve Battery+1","Leap","Electrodynamics+1","FTL","Compile Driver+1","Conserve Battery+1","Thunder Strike","Static Discharge+1","Tempest","Hello World","Genetic Algorithm"],"relics":["Cracked Core","Thread and Needle","Nuclear Battery","Regal Pillow","FossilizedHelix"],"potions_floor_usage":[16,16,22,33,33,33],"damage_taken":[{"damage":6,"enemies":"2 Louse","floor":1,"turns":3},{"damage":12,"enemies":"Small Slimes","floor":2,"turns":3},{"damage":10,"enemies":"Cultist","floor":3,"turns":4},{"damage":12,"enemies":"Looter","floor":5,"turns":3},{"damage":0,"enemies":"2 Fungi Beasts","floor":12,"turns":3},{"damage":1,"enemies":"Large Slime","floor":14,"turns":3},{"damage":33,"enemies":"The Guardian","floor":16,"turns":11},{"damage":5,"enemies":"2 Thieves","floor":18,"turns":4},{"damage":0,"enemies":"3 Byrds","floor":21,"turns":4},{"damage":9,"enemies":"Snake Plant","floor":22,"turns":4},{"damage":0,"enemies":"Cultist and Chosen","floor":24,"turns":5},{"damage":6,"enemies":"3 Cultists","floor":25,"turns":4},{"damage":15,"enemies":"Snake Plant","floor":31,"turns":2},{"damage":71,"enemies":"Champ","floor":33,"turns":9}],"seed_played":"727815888751834805","potions_obtained":[{"floor":5,"key":"Swift Potion"},{"floor":12,"key":"FocusPotion"},{"floor":16,"key":"Ancient Potion"},{"floor":21,"key":"Block Potion"},{"floor":25,"key":"SteroidPotion"},{"floor":31,"key":"Block Potion"}],"is_trial":false,"path_per_floor":["M","M","M","$","M","R","?","R","T","R","$","M","R","M","R","B",null,"M","?","?","M","M","R","M","M","T","?","$","?","$","M","R","B"],"character_chosen":"DEFECT","items_purchased":["Gash","Tempest","Hello World"],"campfire_rested":1,"item_purchase_floors":[11,28,30],"current_hp_per_floor":[69,57,47,47,35,35,53,53,53,53,53,53,53,52,52,19,75,70,56,56,56,47,47,47,41,41,41,41,41,41,26,65,0],"gold":67,"neow_bonus":"ONE_RANDOM_RARE_CARD","is_prod":false,"is_daily":false,"chose_seed":false,"campfire_upgraded":6,"win_rate":0,"timestamp":1557272405,"path_taken":["M","M","M","$","M","R","?","R","T","R","$","M","R","M","R","BOSS","M","?","?","M","?","R","M","M","T","?","$","?","$","M","R","BOSS"],"build_version":"2019-01-23","purchased_purges":1,"victory":false,"max_hp_per_floor":[75,75,75,75,75,75,75,75,75,75,75,75,75,75,75,75,75,75,80,80,80,80,80,80,80,80,80,80,80,80,80,80,80],"card_choices":[{"not_picked":["Ball Lightning","Streamline"],"picked":"Barrage","floor":1},{"not_picked":["Doom and Gloom","Conserve Battery"],"picked":"Barrage","floor":2},{"not_picked":["Streamline","Turbo"],"picked":"Barrage","floor":3},{"not_picked":["Rebound","Loop"],"picked":"Chill","floor":5},{"not_picked":["Force Field","Blizzard"],"picked":"Conserve Battery","floor":12},{"not_picked":["Recycle","Rip and Tear"],"picked":"Leap","floor":14},{"not_picked":["Rainbow","Multi-Cast"],"picked":"Electrodynamics","floor":16},{"not_picked":["Cold Snap","Rebound"],"picked":"FTL","floor":18},{"not_picked":["Coolheaded","Beam Cell"],"picked":"Compile Driver+1","floor":21},{"not_picked":["Recycle","Rip and Tear"],"picked":"Conserve Battery+1","floor":22},{"not_picked":["Loop","Streamline+1"],"picked":"Thunder Strike","floor":24},{"not_picked":["Gash","Beam Cell"],"picked":"Static Discharge+1","floor":25},{"not_picked":["Redo+1","Turbo"],"picked":"Genetic Algorithm","floor":31}],"player_experience":522284,"relics_obtained":[{"floor":9,"key":"Thread and Needle"},{"floor":26,"key":"Regal Pillow"}],"event_choices":[{"damage_healed":18,"gold_gain":0,"player_choice":"Healed","damage_taken":0,"max_hp_gain":0,"max_hp_loss":0,"event_name":"The Cleric","floor":7,"gold_loss":35},{"damage_healed":0,"gold_gain":0,"player_choice":"Shed Blood","damage_taken":19,"max_hp_gain":5,"max_hp_loss":0,"event_name":"Forgotten Altar","floor":19,"gold_loss":0},{"damage_healed":0,"gold_gain":0,"player_choice":"Upgraded","damage_taken":0,"max_hp_gain":0,"max_hp_loss":0,"event_name":"Upgrade Shrine","floor":20,"gold_loss":0,"cards_upgraded":["Electrodynamics"]},{"damage_healed":0,"gold_gain":0,"player_choice":"Obtained Relic","damage_taken":0,"relics_obtained":["FossilizedHelix"],"max_hp_gain":0,"max_hp_loss":0,"event_name":"Addict","floor":27,"gold_loss":85},{"damage_healed":0,"gold_gain":0,"player_choice":"Ignored","damage_taken":0,"max_hp_gain":0,"max_hp_loss":0,"event_name":"Vampires","floor":29,"gold_loss":0}],"is_beta":false,"boss_relics":[{"not_picked":["White Beast Statue","Tiny House"],"picked":"Nuclear Battery"}],"items_purged_floors":[4],"is_endless":false,"potions_floor_spawned":[5,12,16,21,25,31],"killed_by":"Champ","ascension_level":4}