{"gold_per_floor":[115,115,0,0,13,41,41,41,41,41,41,59,89,164,164,261,261,271,271],"floor_reached":19,"playtime":851,"items_purged":["Defend_R"],"score":208,"play_id":"3387bc63-a280-44bb-8944-462edd0433d7","local_time":"20190313004357","is_ascension_mode":true,"campfire_choices":[{"data":"Inflame","floor":7,"key":"SMITH"},{"data":"Twin Strike","floor":11,"key":"SMITH"},{"data":"Anger","floor":15,"key":"SMITH"}],"neow_cost":"NONE","seed_source_timestamp":106143904847200,"circlet_count":0,"master_deck":["Strike_R","Strike_R","Strike_R","Strike_R","Strike_R","Defend_R","Bash","Twin Strike+1","Inflame+1","Sword Boomerang+1","Bludgeon","Anger+1","Limit Break","Bludgeon","Injury","Injury","Doubt","Whirlwind+1"],"relics":["Burning Blood","Kunai","Turnip","Unceasing Top","Ginger","Calling Bell","Oddly Smooth Stone","The Courier","Calipers"],"potions_floor_usage":[13,13,16,19],"damage_taken":[{"damage":10,"enemies":"Cultist","floor":1,"turns":5},{"damage":0,"enemies":"Small Slimes","floor":5,"turns":3},{"damage":24,"enemies":"Gremlin Nob","floor":6,"turns":4},{"damage":3,"enemies":"2 Louse","floor":12,"turns":2},{"damage":20,"enemies":"3 Sentries","floor":13,"turns":4},{"damage":42,"enemies":"Hexaghost","floor":16,"turns":5},{"damage":51,"enemies":"2 Thieves","floor":18,"turns":4},{"damage":42,"enemies":"Masked Bandits","floor":19,"turns":3}],"seed_played":"1328602084388147224","potions_obtained":[{"floor":1,"key":"Regen Potion"},{"floor":6,"key":"Strength Potion"},{"floor":13,"key":"Ancient Potion"},{"floor":18,"key":"Strength Potion"}],"is_trial":false,"path_per_floor":["M","T","$","?","M","E","R","$","T","?","R","M","E","?","R","B",null,"M","?"],"character_chosen":"IRONCLAD","items_purchased":["Inflame"],"campfire_rested":0,"item_purchase_floors":[3],"current_hp_per_floor":[76,76,76,76,80,62,62,62,62,62,62,65,60,49,49,13,80,35,0],"gold":271,"neow_bonus":"REMOVE_CARD","is_prod":false,"is_daily":false,"chose_seed":false,"campfire_upgraded":3,"win_rate":0,"timestamp":1552434237,"path_taken":["M","?","$","?","?","E","R","?","T","?","R","?","E","?","R","BOSS","M","?"],"build_version":"2019-01-23","purchased_purges":1,"victory":false,"max_hp_per_floor":[80,80,80,80,80,80,80,80,80,80,80,80,80,80,80,80,80,80,80],"card_choices":[{"not_picked":["Headbutt","Entrench"],"picked":"Twin Strike","floor":1},{"not_picked":["Sentinel","Armaments"],"picked":"Sword Boomerang","floor":5},{"not_picked":["Rampage","Armaments"],"picked":"Bludgeon","floor":6},{"not_picked":["Second Wind","Pommel Strike"],"picked":"Anger","floor":12},{"not_picked":["Warcry","Iron Wave"],"picked":"Limit Break","floor":13},{"not_picked":["Berserk","Immolate"],"picked":"Bludgeon","floor":16},{"not_picked":["Shrug It Off","Havoc"],"picked":"Whirlwind+1","floor":18}],"player_experience":468745,"relics_obtained":[{"floor":2,"key":"Kunai"},{"floor":6,"key":"Turnip"},{"floor":9,"key":"Unceasing Top"},{"floor":13,"key":"Ginger"},{"floor":17,"key":"Oddly Smooth Stone"},{"floor":17,"key":"The Courier"},{"floor":17,"key":"Calipers"}],"event_choices":[{"cards_removed":["Defend_R"],"damage_healed":0,"gold_gain":0,"player_choice":"Purged","damage_taken":0,"max_hp_gain":0,"max_hp_loss":0,"event_name":"Purifier","floor":4,"gold_loss":0},{"damage_healed":0,"gold_gain":0,"player_choice":"Forge","damage_taken":0,"max_hp_gain":0,"max_hp_loss":0,"event_name":"Accursed Blacksmith","floor":10,"gold_loss":0,"cards_upgraded":["Sword Boomerang"]},{"damage_healed":0,"gold_gain":75,"player_choice":"Gather Gold","damage_taken":11,"max_hp_gain":0,"max_hp_loss":0,"event_name":"World of Goop","floor":14,"gold_loss":0},{"damage_healed":0,"gold_gain":0,"player_choice":"Fought Bandits","damage_taken":0,"max_hp_gain":0,"max_hp_loss":0,"event_name":"Masked Bandits","floor":19,"gold_loss":0}],"is_beta":false,"boss_relics":[{"not_picked":["Busted Crown","Fusion Hammer"],"picked":"Calling Bell"}],"items_purged_floors":[3],"is_endless":false,"potions_floor_spawned":[1,6,13,18],"killed_by":"Masked Bandits","ascension_level":4}