{"path_per_floor":["M","$","?","M","M","R","?","M","T","R","M","E","M","$","R","B",null,"M","$","M","?","M","R","?","R","T","R","$","M","M"],"character_chosen":"IRONCLAD","items_purchased":["Flex","Blood Vial","Shrug It Off","Blind"],"gold_per_floor":[115,40,140,150,169,169,169,185,238,238,258,288,305,24,24,123,153,172,47,59,59,75,75,75,75,123,123,2,17,34],"floor_reached":31,"campfire_rested":2,"playtime":2186,"current_hp_per_floor":[79,79,79,80,80,80,64,66,66,66,67,58,28,28,52,32,85,63,63,44,44,22,22,22,47,47,47,47,44,34],"items_purged":["Defend_R","Defend_R","Strike_R"],"gold":34,"score":237,"play_id":"fb1ebc75-c1f0-430e-8c9d-9eec71d14405","is_prod":false,"is_daily":false,"is_ascension_mode":false,"campfire_upgraded":4,"path_taken":["M","?","?","M","?","R","?","M","T","R","?","E","?","$","R","BOSS","M","$","M","?","M","R","?","R","T","R","$","M","M","M"],"build_version":"2018-02-15-PROD1","purchased_purges":3,"victory":false,"master_deck":["Strike_R","Strike_R","Strike_R+1","Strike_R","Defend_R+1","Defend_R+1","Bash","Impervious","Headbutt+1","Thunderclap","Heavy Blade+1","Barricade+1","Armaments","Thunderclap","Spot Weakness+1","Flex","Double Tap","Sword Boomerang","Flame Barrier+1","Shrug It Off","Flex","Writhe","Shrug It Off","Blind","Flex+1","Twin Strike+1"],"max_hp_per_floor":[80,80,80,80,80,80,80,80,80,80,80,80,80,80,80,80,85,85,85,85,85,85,85,85,85,85,85,85,85,85],"relics":["Burning Blood","Ancient Tea Set","Letter Opener","Blood Vial","Tiny House","Toolbox","Regal Pillow"],"card_choices":[{"not_picked":["Armaments","Clothesline"],"picked":"Headbutt"},{"not_picked":["True Grit","Feel No Pain"],"picked":"Thunderclap"},{"not_picked":["Twin Strike","Perfected Strike"],"picked":"Heavy Blade"},{"not_picked":["Blood for Blood","Twin Strike"],"picked":"Barricade"},{"not_picked":["Havoc","Perfected Strike"],"picked":"Armaments"},{"not_picked":["Headbutt","Bloodletting"],"picked":"Thunderclap"},{"not_picked":["Burning Pact","Clothesline"],"picked":"Spot Weakness"},{"not_picked":["Berserk","Offering"],"picked":"Double Tap"},{"not_picked":["Fire Breathing","Havoc"],"picked":"Sword Boomerang"},{"not_picked":["Hemokinesis","Anger"],"picked":"Flame Barrier"},{"not_picked":["Twin Strike","Wild Strike"],"picked":"Shrug It Off"},{"not_picked":["Hemokinesis","Headbutt"],"picked":"Flex"},{"not_picked":["Reckless Charge","Pommel Strike"],"picked":"Flex"},{"not_picked":["Flame Barrier","Rupture"],"picked":"Twin Strike"}],"player_experience":96960,"potions_floor_usage":[30,30],"damage_taken":[{"damage":7.0,"enemies":"Cultist","floor":1.0,"turns":6.0},{"damage":4.0,"enemies":"Small Slimes","floor":4.0,"turns":4.0},{"damage":6.0,"enemies":"Jaw Worm","floor":5.0,"turns":5.0},{"damage":4.0,"enemies":"2 Fungi Beasts","floor":8.0,"turns":3.0},{"damage":5.0,"enemies":"Red Slaver","floor":11.0,"turns":5.0},{"damage":15.0,"enemies":"Gremlin Nob","floor":12.0,"turns":6.0},{"damage":36.0,"enemies":"Gremlin Gang","floor":13.0,"turns":7.0},{"damage":28.0,"enemies":"Slime Boss","floor":16.0,"turns":9.0},{"damage":28.0,"enemies":"Spheric Guardian","floor":18.0,"turns":5.0},{"damage":27.0,"enemies":"Shell Parasite","floor":20.0,"turns":6.0},{"damage":30.0,"enemies":"Snecko","floor":22.0,"turns":5.0},{"damage":11.0,"enemies":"Centurion and Healer","floor":29.0,"turns":7.0},{"damage":18,"enemies":"3 Cultists","floor":30,"turns":3},{"damage":36,"enemies":"Chosen and Byrds","floor":31,"turns":7}],"event_choices":[{"event_name":"Golden Shrine","player_choice":"Pray","floor":3.0,"damage_taken":0.0},{"event_name":"Shining Light","player_choice":"Entered Light","floor":7.0,"damage_taken":0.0},{"event_name":"Addict","player_choice":"Ignored","floor":21.0,"damage_taken":0.0},{"event_name":"The Mausoleum","player_choice":"Yes","floor":24.0,"damage_taken":0.0}],"boss_relics":[],"potions_floor_spawned":[5,8,11,13,22,30],"seed_played":"7424512560276623965","killed_by":"Chosen and Byrds","ascension_level":0,"is_trial":false}