{"gold_per_floor":[367,367,125,144,144,144,164,164,164,203,203,232,232,251,251,251],"floor_reached":16,"playtime":1043,"items_purged":["Defend_R"],"score":113,"play_id":"ab40311d-859a-4c42-8d41-f687c8e533a6","local_time":"20181118001641","is_ascension_mode":true,"campfire_choices":[{"data":"Transmutation","floor":6,"key":"SMITH"},{"data":"Dual Wield","floor":8,"key":"SMITH"},{"floor":13,"key":"REST"},{"floor":15,"key":"REST"}],"neow_cost":"PERCENT_DAMAGE","seed_source_timestamp":46693661700026,"circlet_count":0,"master_deck":["Strike_R","Strike_R","Strike_R","Strike_R","Strike_R","Defend_R","Defend_R","Bash","Corruption","Transmutation+1","Heavy Blade","Dual Wield+1","Thunderclap","Pommel Strike","Shockwave"],"relics":["Burning Blood","Golden Idol","Paper Frog","Bottled Tornado","Odd Mushroom"],"potions_floor_usage":[12,12],"damage_taken":[{"damage":5,"enemies":"Small Slimes","floor":1,"turns":5},{"damage":0,"enemies":"Cultist","floor":4,"turns":4},{"damage":8,"enemies":"Jaw Worm","floor":7,"turns":5},{"damage":25,"enemies":"Lagavulin","floor":10,"turns":6},{"damage":17,"enemies":"The Mushroom Lair","floor":12,"turns":5},{"damage":23,"enemies":"Large Slime","floor":14,"turns":5},{"damage":45,"enemies":"Hexaghost","floor":16,"turns":9}],"seed_played":"-8393059012000359391","potions_obtained":[{"floor":4,"key":"AttackPotion"},{"floor":10,"key":"Weak Potion"}],"is_trial":false,"path_per_floor":["M","?","$","M","?","R","M","R","T","E","?","?","R","M","R","B"],"character_chosen":"IRONCLAD","items_purchased":["Transmutation"],"campfire_rested":2,"item_purchase_floors":[3],"current_hp_per_floor":[57,57,57,63,43,43,41,41,41,22,22,11,35,18,42,0],"gold":251,"neow_bonus":"TWO_FIFTY_GOLD","is_prod":false,"is_daily":false,"chose_seed":false,"campfire_upgraded":2,"win_rate":0,"timestamp":1542496601,"path_taken":["M","?","$","?","?","R","M","R","T","E","?","?","R","M","R","BOSS"],"build_version":"2018-11-15","purchased_purges":1,"victory":false,"max_hp_per_floor":[80,80,80,80,80,80,80,80,80,80,80,80,80,80,80,80],"card_choices":[{"not_picked":["True Grit","Wild Strike"],"picked":"Corruption","floor":1},{"not_picked":["Shrug It Off","Iron Wave"],"picked":"Heavy Blade","floor":4},{"not_picked":["Uppercut","Perfected Strike"],"picked":"Dual Wield","floor":7},{"not_picked":["Armaments","Dual Wield"],"picked":"Thunderclap","floor":10},{"not_picked":["Entrench","Heavy Blade"],"picked":"Pommel Strike","floor":12},{"not_picked":["Pommel Strike","Flame Barrier"],"picked":"Shockwave","floor":14}],"player_experience":394925,"relics_obtained":[{"floor":9,"key":"Paper Frog"},{"floor":10,"key":"Bottled Tornado"},{"floor":12,"key":"Odd Mushroom"}],"event_choices":[{"damage_healed":0,"gold_gain":0,"player_choice":"Bought 0 Potions","damage_taken":0,"max_hp_gain":0,"max_hp_loss":0,"event_name":"The Woman in Blue","floor":2,"gold_loss":0},{"damage_healed":0,"gold_gain":0,"player_choice":"Take Damage","damage_taken":20,"relics_obtained":["Golden Idol"],"max_hp_gain":0,"max_hp_loss":0,"event_name":"Golden Idol","floor":5,"gold_loss":0},{"cards_removed":["Defend_R"],"damage_healed":0,"gold_gain":0,"player_choice":"Forget","damage_taken":0,"max_hp_gain":0,"max_hp_loss":0,"event_name":"Living Wall","floor":11,"gold_loss":0},{"damage_healed":0,"gold_gain":0,"player_choice":"Fought Mushrooms","damage_taken":0,"max_hp_gain":0,"max_hp_loss":0,"event_name":"Mushrooms","floor":12,"gold_loss":0}],"is_beta":false,"boss_relics":[],"items_purged_floors":[3],"is_endless":false,"potions_floor_spawned":[4,10],"killed_by":"Hexaghost","ascension_level":3}