{"gold_per_floor":[117,130,142,159,169,202,202,212,212,212,212,212,237,253,253,253],"floor_reached":16,"playtime":1204,"items_purged":[],"score":125,"play_id":"c3f536af-7439-4f7e-998c-70c26e5fd31c","local_time":"20180816015153","is_ascension_mode":true,"campfire_choices":[{"data":"Entrench","floor":7,"key":"SMITH"},{"data":"Iron Wave","floor":10,"key":"SMITH"},{"data":"Dropkick","floor":15,"key":"SMITH"}],"neow_cost":"NONE","seed_source_timestamp":15009051825252,"circlet_count":0,"master_deck":["Strike_R","Strike_R","Strike_R","Strike_R","Strike_R","Defend_R","Defend_R","Defend_R","Bash+1","Dual Wield","Body Slam","Dropkick+1","Entrench+1","Iron Wave+1","Flex+1","Uppercut"],"relics":["Burning Blood","Blood Vial","Toxic Egg 2","Ornamental Fan"],"potions_floor_usage":[6,13,13,14,16],"damage_taken":[{"damage":1,"enemies":"Cultist","floor":1,"turns":4},{"damage":8,"enemies":"Small Slimes","floor":2,"turns":5},{"damage":13,"enemies":"2 Louse","floor":3,"turns":3},{"damage":8,"enemies":"2 Fungi Beasts","floor":4,"turns":4},{"damage":13,"enemies":"Red Slaver","floor":5,"turns":3},{"damage":6,"enemies":"Gremlin Nob","floor":6,"turns":3},{"damage":25,"enemies":"Lots of Slimes","floor":8,"turns":6},{"damage":21,"enemies":"3 Sentries","floor":13,"turns":9},{"damage":9,"enemies":"Exordium Thugs","floor":14,"turns":3},{"damage":22,"enemies":"The Guardian","floor":16,"turns":6}],"seed_played":"3835312473632952027","potions_obtained":[{"floor":2,"key":"SkillPotion"},{"floor":3,"key":"AttackPotion"},{"floor":6,"key":"SkillPotion"},{"floor":8,"key":"GamblersBrew"},{"floor":13,"key":"Explosive Potion"}],"is_trial":false,"path_per_floor":["M","M","M","M","M","E","R","M","T","R","?","?","E","M","R"],"character_chosen":"IRONCLAD","items_purchased":[],"campfire_rested":0,"item_purchase_floors":[],"current_hp_per_floor":[80,78,71,69,62,62,62,45,45,45,45,45,32,31,31,11],"gold":253,"neow_bonus":"UPGRADE_CARD","is_prod":false,"is_daily":false,"chose_seed":false,"campfire_upgraded":3,"win_rate":0,"timestamp":1534377113,"path_taken":["M","M","M","M","?","E","R","M","T","R","?","?","E","?","R","BOSS"],"build_version":"2018-08-09","purchased_purges":0,"victory":false,"max_hp_per_floor":[80,80,80,80,80,80,80,80,80,80,80,80,80,80,80,80],"card_choices":[{"not_picked":["Anger","Corruption"],"picked":"Dual Wield","floor":1},{"not_picked":["Sever Soul","Bloodletting","Clothesline"],"picked":"SKIP","floor":2},{"not_picked":["Pommel Strike","Warcry"],"picked":"Body Slam","floor":3},{"not_picked":["Perfected Strike","Rampage"],"picked":"Dropkick","floor":4},{"not_picked":["Sword Boomerang","Twin Strike","Berserk"],"picked":"SKIP","floor":5},{"not_picked":["Disarm","Carnage"],"picked":"Entrench","floor":6},{"not_picked":["Armaments","Anger"],"picked":"Iron Wave","floor":8},{"not_picked":["Thunderclap","Combust"],"picked":"Flex+1","floor":13},{"not_picked":["Heavy Blade","Havoc+1"],"picked":"Uppercut","floor":14}],"player_experience":235708,"relics_obtained":[{"floor":6,"key":"Blood Vial"},{"floor":9,"key":"Toxic Egg 2"},{"floor":13,"key":"Ornamental Fan"}],"event_choices":[{"event_name":"Living Wall","player_choice":"Forget","floor":11,"damage_taken":0},{"event_name":"Liars Game","player_choice":"disagreed","floor":12,"damage_taken":0}],"is_beta":false,"boss_relics":[],"items_purged_floors":[],"is_endless":false,"potions_floor_spawned":[2,3,6,8,13],"killed_by":"The Guardian","ascension_level":2}