{"gold_per_floor":[110,128,203,5,23,23,36,36,60,60,73,97,67],"floor_reached":13,"playtime":634,"items_purged":["Strike_G"],"score":108,"play_id":"c0393764-2e3e-47a8-848e-4402f54ddb04","local_time":"20190904014603","is_ascension_mode":true,"campfire_choices":[{"data":"Noxious Fumes","floor":6,"key":"SMITH"},{"floor":10,"key":"REST"}],"neow_cost":"NONE","seed_source_timestamp":16665688361699,"circlet_count":0,"master_deck":["Strike_G","Strike_G","Strike_G","Strike_G","Defend_G","Defend_G","Defend_G","Defend_G","Defend_G","Survivor","Neutralize","Corpse Explosion","Concentrate","Blur","Noxious Fumes+1","Flying Knee","Backflip","Bouncing Flask","Injury","Caltrops","Skewer"],"relics":["Ring of the Snake","Golden Idol","Boot"],"potions_floor_usage":[5,13],"damage_taken":[{"damage":3,"enemies":"Cultist","floor":1,"turns":4},{"damage":17,"enemies":"Small Slimes","floor":2,"turns":4},{"damage":5,"enemies":"2 Louse","floor":5,"turns":2},{"damage":0,"enemies":"Blue Slaver","floor":7,"turns":4},{"damage":26,"enemies":"Exordium Thugs","floor":11,"turns":5},{"damage":0,"enemies":"Lots of Slimes","floor":12,"turns":1},{"damage":6,"enemies":"Looter","floor":13,"turns":3}],"seed_played":"8214632911304995676","potions_obtained":[{"floor":1,"key":"Dexterity Potion"},{"floor":2,"key":"Dexterity Potion"},{"floor":12,"key":"SkillPotion"}],"is_trial":false,"path_per_floor":["M","M","?","$","M","R","M","?","T","R","M","M","M"],"character_chosen":"THE_SILENT","items_purchased":["Noxious Fumes","Flying Knee"],"campfire_rested":1,"item_purchase_floors":[4,4],"current_hp_per_floor":[60,43,32,32,27,27,27,27,27,48,22,22,16],"gold":67,"neow_bonus":"ONE_RANDOM_RARE_CARD","is_prod":false,"is_daily":false,"chose_seed":false,"campfire_upgraded":1,"win_rate":0,"timestamp":1567554363,"path_taken":["M","?","?","$","M","R","M","?","T","R","M","M","M"],"build_version":"2019-07-17","purchased_purges":1,"victory":false,"max_hp_per_floor":[70,70,70,70,70,70,70,70,70,70,70,70,70],"card_choices":[{"not_picked":["Infinite Blades","All Out Attack"],"picked":"Concentrate","floor":1},{"not_picked":["Underhanded Strike","Footwork"],"picked":"Blur","floor":2},{"not_picked":["PiercingWail","Endless Agony"],"picked":"Backflip","floor":5},{"not_picked":["Escape Plan","Dagger Throw"],"picked":"Bouncing Flask","floor":7},{"not_picked":["Finisher","Dagger Spray"],"picked":"Caltrops","floor":11},{"not_picked":["Well Laid Plans","Backflip"],"picked":"Skewer","floor":12}],"player_experience":611599,"relics_obtained":[{"floor":9,"key":"Boot"}],"event_choices":[{"damage_healed":0,"gold_gain":75,"player_choice":"Gather Gold","damage_taken":11,"max_hp_gain":0,"max_hp_loss":0,"event_name":"World of Goop","floor":3,"gold_loss":0},{"damage_healed":0,"gold_gain":0,"player_choice":"Take Wound","damage_taken":0,"relics_obtained":["Golden Idol"],"max_hp_gain":0,"max_hp_loss":0,"event_name":"Golden Idol","floor":8,"gold_loss":0,"cards_obtained":["Injury"]}],"is_beta":false,"boss_relics":[],"items_purged_floors":[4],"is_endless":false,"potions_floor_spawned":[1,2,12],"killed_by":"Looter","ascension_level":8}