{"gold_per_floor":[109,109,127,302,50,50,84,84,84,84,184,201,201,211,211,314,314,327,402,14,30,30,30,46,59,114,2,2,22,22,36,36,36],"floor_reached":33,"playtime":2181,"items_purged":["Defend_B"],"score":294,"play_id":"d7af76d0-e1bc-4c5d-83f8-32751033ac31","local_time":"20190517221225","is_ascension_mode":true,"campfire_choices":[{"data":"Gash","floor":6,"key":"SMITH"},{"floor":15,"key":"REST"},{"data":"Genetic Algorithm","floor":23,"key":"SMITH"},{"floor":28,"key":"REST"},{"floor":32,"key":"REST"}],"neow_cost":"PERCENT_DAMAGE","seed_source_timestamp":92665326380400,"circlet_count":0,"master_deck":["Strike_B+1","Defend_B","Defend_B","Defend_B","Zap","Dualcast","Gash+1","Scrape","Doubt","Gash+1","Hologram","All For One","Scrape","Reboot","Genetic Algorithm+1","Reprogram","Deep Breath","Hologram","Genetic Algorithm+1","FTL","Conserve Battery","Doom and Gloom","Conserve Battery+1","Writhe","Leap"],"relics":["Cracked Core","Sling","Potion Belt","Bottled Flame","Thread and Needle","Empty Cage","Bag of Preparation","Tiny Chest","Meat on the Bone"],"potions_floor_usage":[14,16,24,25,31,33],"damage_taken":[{"damage":7,"enemies":"Jaw Worm","floor":1,"turns":3},{"damage":4,"enemies":"Small Slimes","floor":3,"turns":3},{"damage":20,"enemies":"3 Sentries","floor":7,"turns":7},{"damage":0,"enemies":"Cultist","floor":12,"turns":3},{"damage":0,"enemies":"Blue Slaver","floor":14,"turns":2},{"damage":1,"enemies":"Slime Boss","floor":16,"turns":7},{"damage":4,"enemies":"Spheric Guardian","floor":18,"turns":3},{"damage":11,"enemies":"Shell Parasite","floor":21,"turns":5},{"damage":8,"enemies":"Chosen and Byrds","floor":24,"turns":3},{"damage":28,"enemies":"Centurion and Healer","floor":25,"turns":5},{"damage":16,"enemies":"3 Cultists","floor":29,"turns":4},{"damage":30,"enemies":"Sentry and Sphere","floor":31,"turns":6},{"damage":76,"enemies":"Automaton","floor":33,"turns":6}],"seed_played":"5506668884297820257","potions_obtained":[{"floor":7,"key":"Swift Potion"},{"floor":12,"key":"Poison Potion"},{"floor":16,"key":"Swift Potion"},{"floor":21,"key":"PowerPotion"},{"floor":24,"key":"FocusPotion"},{"floor":25,"key":"SkillPotion"}],"is_trial":false,"path_per_floor":["M","?","M","?","$","R","E","?","T","?","?","M","T","M","R","B",null,"M","?","$","M","?","R","M","M","T","$","R","M","?","M","R","B"],"character_chosen":"DEFECT","items_purchased":["Gash","Sling","Bag of Preparation","Reprogram","Deep Breath","Conserve Battery","Doom and Gloom"],"campfire_rested":3,"item_purchase_floors":[5,5,20,20,20,27,27],"current_hp_per_floor":[61,54,50,50,50,50,30,12,12,12,12,12,12,12,38,37,89,85,77,77,66,66,66,58,30,30,30,56,40,40,22,48,0],"gold":36,"neow_bonus":"TWENTY_PERCENT_HP_BONUS","is_prod":false,"is_daily":false,"chose_seed":false,"campfire_upgraded":2,"win_rate":0,"timestamp":1558123945,"path_taken":["M","?","M","?","$","R","E","?","T","?","?","?","?","?","R","BOSS","M","?","?","M","?","R","M","M","T","$","R","M","?","M","R","BOSS"],"build_version":"2019-01-23","purchased_purges":1,"victory":false,"max_hp_per_floor":[89,89,89,89,89,89,89,89,89,89,89,89,89,89,89,89,89,89,89,89,89,89,89,89,89,89,89,89,89,89,89,89,89],"card_choices":[{"not_picked":["Beam Cell","Steam"],"picked":"Gash","floor":1},{"not_picked":["Turbo","Consume"],"picked":"Scrape","floor":3},{"not_picked":["Cold Snap","Heatsinks"],"picked":"Hologram","floor":7},{"not_picked":["Compile Driver","Stack"],"picked":"All For One","floor":12},{"not_picked":["Lockon","Hologram"],"picked":"Scrape","floor":14},{"not_picked":["Buffer","Meteor Strike"],"picked":"Reboot","floor":16},{"not_picked":["Lockon","Loop"],"picked":"Genetic Algorithm","floor":18},{"not_picked":["Rebound","Hello World"],"picked":"Hologram","floor":21},{"not_picked":["Ball Lightning+1","Storm"],"picked":"Genetic Algorithm+1","floor":24},{"not_picked":["Sweeping Beam","Redo"],"picked":"FTL","floor":25},{"not_picked":["Sunder+1","Leap"],"picked":"Conserve Battery+1","floor":29},{"not_picked":["Hello World","Hologram"],"picked":"Leap","floor":31}],"player_experience":533072,"relics_obtained":[{"floor":7,"key":"Potion Belt"},{"floor":9,"key":"Bottled Flame"},{"floor":13,"key":"Thread and Needle"},{"floor":26,"key":"Tiny Chest"}],"event_choices":[{"cards_removed":["Strike_B"],"damage_healed":0,"gold_gain":0,"player_choice":"Card Removal","damage_taken":7,"max_hp_gain":0,"max_hp_loss":0,"event_name":"Golden Wing","floor":2,"gold_loss":0},{"damage_healed":0,"gold_gain":175,"player_choice":"AGREE","damage_taken":0,"max_hp_gain":0,"max_hp_loss":0,"event_name":"Liars Game","floor":4,"gold_loss":0,"cards_obtained":["Doubt"]},{"damage_healed":0,"gold_gain":0,"player_choice":"Entered Light","damage_taken":18,"max_hp_gain":0,"max_hp_loss":0,"event_name":"Shining Light","floor":8,"gold_loss":0,"cards_upgraded":["Gash","Strike_B"]},{"damage_healed":0,"gold_gain":0,"player_choice":"Ignored","damage_taken":0,"max_hp_gain":0,"max_hp_loss":0,"event_name":"Golden Idol","floor":10,"gold_loss":0},{"damage_healed":0,"gold_gain":100,"player_choice":"Pray","damage_taken":0,"max_hp_gain":0,"max_hp_loss":0,"event_name":"Golden Shrine","floor":11,"gold_loss":0},{"damage_healed":0,"gold_gain":75,"player_choice":"Touch","damage_taken":8,"max_hp_gain":0,"max_hp_loss":0,"event_name":"FaceTrader","floor":19,"gold_loss":0},{"damage_healed":0,"gold_gain":0,"player_choice":"Ignored","damage_taken":0,"max_hp_gain":0,"max_hp_loss":0,"event_name":"Ghosts","floor":22,"gold_loss":0},{"damage_healed":0,"gold_gain":0,"player_choice":"Opened","damage_taken":0,"relics_obtained":["Meat on the Bone"],"max_hp_gain":0,"max_hp_loss":0,"event_name":"The Mausoleum","floor":30,"gold_loss":0,"cards_obtained":["Writhe"]}],"is_beta":false,"boss_relics":[{"not_picked":["Fusion Hammer","Pandora\u0027s Box"],"picked":"Empty Cage"}],"items_purged_floors":[20],"is_endless":false,"potions_floor_spawned":[7,12,16,21,24,25],"killed_by":"Automaton","ascension_level":4}