{"gold_per_floor":[18,18,28,28,28,46,61,61,61,74,249,261,28,40,40,40],"floor_reached":16,"playtime":1425,"items_purged":["Doubt"],"score":122,"play_id":"9ffd4b1f-ded5-47c4-822c-d4d611610f4d","local_time":"20190501224728","is_ascension_mode":true,"campfire_choices":[{"data":"Envenom","floor":8,"key":"SMITH"},{"data":"Bullet Time","floor":15,"key":"SMITH"}],"neow_cost":"NO_GOLD","seed_source_timestamp":92512758953200,"circlet_count":0,"master_deck":["Defend_G","Defend_G","Defend_G","Defend_G","Defend_G","Strike_G","Strike_G","Strike_G","Survivor","Neutralize","Unload","Envenom+1","Choke+1","Masterful Stab","Expertise","Blade Dance","Bullet Time+1","Storm of Steel","Heel Hook"],"relics":["Ring of the Snake","Incense Burner","Sundial","Kunai"],"potions_floor_usage":[16,16],"damage_taken":[{"damage":0,"enemies":"2 Louse","floor":1,"turns":2},{"damage":0,"enemies":"Small Slimes","floor":3,"turns":3},{"damage":0,"enemies":"Cultist","floor":6,"turns":2},{"damage":2,"enemies":"3 Louse","floor":7,"turns":3},{"damage":3,"enemies":"Large Slime","floor":10,"turns":4},{"damage":4,"enemies":"Red Slaver","floor":12,"turns":5},{"damage":1,"enemies":"3 Louse","floor":14,"turns":3},{"damage":63,"enemies":"The Guardian","floor":16,"turns":12}],"seed_played":"-3471931434824411868","potions_obtained":[{"floor":3,"key":"SneckoOil"},{"floor":7,"key":"Ancient Potion"},{"floor":12,"key":"SpeedPotion"},{"floor":14,"key":"GhostInAJar"}],"is_trial":false,"path_per_floor":["M","?","M","?","?","M","M","R","T","M","?","M","$","M","R","B"],"character_chosen":"THE_SILENT","items_purchased":["Storm of Steel"],"campfire_rested":0,"item_purchase_floors":[13],"current_hp_per_floor":[63,56,56,56,56,56,54,54,54,51,51,47,47,46,46,0],"gold":40,"neow_bonus":"TRANSFORM_TWO_CARDS","is_prod":false,"is_daily":false,"chose_seed":false,"campfire_upgraded":2,"win_rate":0,"timestamp":1556743648,"path_taken":["M","?","M","?","?","M","M","R","T","?","?","M","$","M","R","BOSS"],"build_version":"2019-01-23","purchased_purges":1,"victory":false,"max_hp_per_floor":[70,70,70,70,70,70,70,70,70,70,70,70,70,70,70,70],"card_choices":[{"not_picked":["PiercingWail","Heel Hook"],"picked":"Backflip","floor":1},{"not_picked":["Bane","Dagger Spray"],"picked":"Choke","floor":3},{"not_picked":["Deflect","Prepared"],"picked":"Masterful Stab","floor":6},{"not_picked":["Footwork","Distraction"],"picked":"Expertise","floor":7},{"not_picked":["Dagger Throw","Poisoned Stab"],"picked":"Blade Dance","floor":10},{"not_picked":["Crippling Poison","Dodge and Roll"],"picked":"Bullet Time","floor":12},{"not_picked":["Deflect","Acrobatics"],"picked":"Heel Hook","floor":14}],"player_experience":515558,"relics_obtained":[{"floor":9,"key":"Kunai"}],"event_choices":[{"damage_healed":0,"gold_gain":0,"player_choice":"Success","damage_taken":7,"relics_obtained":["Incense Burner"],"max_hp_gain":0,"max_hp_loss":0,"event_name":"Scrap Ooze","floor":2,"gold_loss":0},{"damage_healed":0,"gold_gain":0,"player_choice":"Grow","damage_taken":0,"max_hp_gain":0,"max_hp_loss":0,"event_name":"Living Wall","floor":4,"gold_loss":0,"cards_upgraded":["Choke"]},{"cards_removed":["Backflip"],"damage_healed":0,"gold_gain":0,"player_choice":"Gave Card","damage_taken":0,"relics_obtained":["Sundial"],"max_hp_gain":0,"max_hp_loss":0,"event_name":"WeMeetAgain","floor":5,"gold_loss":0},{"damage_healed":0,"gold_gain":175,"player_choice":"AGREE","damage_taken":0,"max_hp_gain":0,"max_hp_loss":0,"event_name":"Liars Game","floor":11,"gold_loss":0,"cards_obtained":["Doubt"]}],"is_beta":false,"boss_relics":[],"items_purged_floors":[13],"is_endless":false,"potions_floor_spawned":[3,7,12,14],"killed_by":"The Guardian","ascension_level":6}