{"gold_per_floor":[110,35,35,35,60,60,78,78,78,97,97,115,138,138,138,138],"floor_reached":16,"playtime":535,"items_purged":["Strike_R"],"score":101,"play_id":"3db2b416-e163-4e9a-9249-0968ff39d04d","local_time":"20180704023420","is_ascension_mode":true,"campfire_choices":[{"floor":6,"key":"REST"},{"floor":8,"key":"REST"},{"data":"Searing Blow","floor":15,"key":"SMITH"}],"neow_cost":"FIFTY_PERCENT_DAMAGE","seed_source_timestamp":17072765042511,"circlet_count":0,"master_deck":["Strike_R+1","Strike_R","Strike_R","Defend_R","Defend_R+1","Bash","Searing Blow+1","Inflame","Spot Weakness+1","Disarm+1"],"relics":["Burning Blood","Golden Idol","Toxic Egg 2"],"potions_floor_usage":[],"damage_taken":[{"damage":9,"enemies":"2 Louse","floor":1,"turns":2},{"damage":7,"enemies":"Jaw Worm","floor":5,"turns":3},{"damage":1,"enemies":"Cultist","floor":7,"turns":4},{"damage":16,"enemies":"Exordium Wildlife","floor":10,"turns":5},{"damage":11,"enemies":"Looter","floor":12,"turns":3},{"damage":9,"enemies":"Red Slaver","floor":13,"turns":4},{"damage":35,"enemies":"Hexaghost","floor":16,"turns":7}],"seed_played":"-317070835548212890","potions_obtained":[{"floor":1,"key":"Ancient Potion"},{"floor":5,"key":"SpeedPotion"}],"is_trial":false,"path_per_floor":["M","$","?","$","M","R","M","R","T","M","?","M","M","?","R"],"character_chosen":"IRONCLAD","items_purchased":[],"campfire_rested":2,"item_purchase_floors":[],"current_hp_per_floor":[37,37,17,17,16,40,45,69,69,59,43,38,35,35,35,0],"gold":138,"neow_bonus":"REMOVE_TWO","is_prod":false,"is_daily":false,"chose_seed":false,"campfire_upgraded":1,"win_rate":0,"timestamp":1530664460,"path_taken":["M","$","?","$","?","R","M","R","T","M","?","?","M","?","R","BOSS"],"build_version":"2018-06-28","purchased_purges":1,"victory":false,"max_hp_per_floor":[80,80,80,80,80,80,80,80,80,80,80,80,80,80,80,80],"card_choices":[{"not_picked":["Bloodletting","Clothesline","True Grit"],"picked":"SKIP","floor":1},{"not_picked":["True Grit","Havoc","Anger"],"picked":"SKIP","floor":5},{"not_picked":["Iron Wave","Perfected Strike","Wild Strike"],"picked":"SKIP","floor":7},{"not_picked":["Berserk","Anger"],"picked":"Searing Blow","floor":10},{"not_picked":["Rupture","Twin Strike"],"picked":"Inflame","floor":12},{"not_picked":["Cleave","Heavy Blade"],"picked":"Spot Weakness+1","floor":13}],"player_experience":152444,"relics_obtained":[{"floor":9,"key":"Toxic Egg 2"}],"event_choices":[{"event_name":"Golden Idol","player_choice":"Take Damage","floor":3,"damage_taken":0},{"event_name":"Shining Light","player_choice":"Entered Light","floor":11,"damage_taken":0},{"event_name":"Transmorgrifier","player_choice":"Transform","floor":14,"damage_taken":0}],"boss_relics":[],"items_purged_floors":[2],"is_endless":false,"potions_floor_spawned":[1,5],"killed_by":"Hexaghost","ascension_level":2}