{"gold_per_floor":[109,123,44,44,57,57,115,115,141,141],"floor_reached":10,"playtime":328,"items_purged":[],"score":67,"play_id":"05dc7c93-72bb-40b3-8450-fe622f484b06","local_time":"20190508014552","is_ascension_mode":true,"campfire_choices":[{"data":"Gash","floor":6,"key":"SMITH"}],"neow_cost":"NONE","seed_source_timestamp":9441727344000,"circlet_count":0,"master_deck":["Strike_B","Strike_B","Strike_B","Defend_B","Defend_B","Defend_B","Defend_B","Zap","Dualcast","Gash+1","White Noise","Thunder Strike","Scrape","Gash","Injury"],"relics":["Cracked Core","Juzu Bracelet","Lantern","Golden Idol","Potion Belt"],"potions_floor_usage":[7],"damage_taken":[{"damage":0,"enemies":"Small Slimes","floor":1,"turns":3},{"damage":0,"enemies":"Cultist","floor":2,"turns":4},{"damage":1,"enemies":"2 Louse","floor":5,"turns":2},{"damage":52,"enemies":"Lagavulin Event","floor":7,"turns":5},{"damage":30,"enemies":"Exordium Thugs","floor":10,"turns":3}],"seed_played":"-8989875135308071428","potions_obtained":[{"floor":1,"key":"Strength Potion"},{"floor":5,"key":"LiquidBronze"}],"is_trial":false,"path_per_floor":["M","M","$","?","M","R","?","?","T","M"],"character_chosen":"DEFECT","items_purchased":["Thunder Strike"],"campfire_rested":0,"item_purchase_floors":[3],"current_hp_per_floor":[75,75,75,75,74,74,22,22,22,0],"gold":141,"neow_bonus":"RANDOM_COMMON_RELIC","is_prod":false,"is_daily":false,"chose_seed":false,"campfire_upgraded":1,"win_rate":0,"timestamp":1557272752,"path_taken":["M","M","$","?","M","R","?","?","T","M"],"build_version":"2019-01-23","purchased_purges":0,"victory":false,"max_hp_per_floor":[75,75,75,75,75,75,75,75,75,75],"card_choices":[{"not_picked":["Melter","Chill"],"picked":"Gash","floor":1},{"not_picked":["Cold Snap","Turbo"],"picked":"White Noise","floor":2},{"not_picked":["Tempest","Streamline"],"picked":"Scrape","floor":5},{"not_picked":["Stack","Sweeping Beam"],"picked":"Gash","floor":7}],"player_experience":523953,"relics_obtained":[{"floor":7,"key":"Lantern"},{"floor":9,"key":"Potion Belt"}],"event_choices":[{"cards_removed":["Strike_B"],"damage_healed":0,"gold_gain":0,"player_choice":"Purged","damage_taken":0,"max_hp_gain":0,"max_hp_loss":0,"event_name":"Purifier","floor":4,"gold_loss":0},{"damage_healed":0,"gold_gain":0,"player_choice":"Searched \u00271\u0027 times","damage_taken":0,"max_hp_gain":0,"max_hp_loss":0,"event_name":"Dead Adventurer","floor":7,"gold_loss":0},{"damage_healed":0,"gold_gain":0,"player_choice":"Take Wound","damage_taken":0,"relics_obtained":["Golden Idol"],"max_hp_gain":0,"max_hp_loss":0,"event_name":"Golden Idol","floor":8,"gold_loss":0,"cards_obtained":["Injury"]}],"is_beta":false,"boss_relics":[],"items_purged_floors":[],"is_endless":false,"potions_floor_spawned":[1,5],"killed_by":"Exordium Thugs","ascension_level":4}