{"path_per_floor":["M","?","?","M","M","E","M","M","T","R","?","M","R","M","R","B",null,"M","$","$","M","?","R","E","R","T","M","M","M","M"],"character_chosen":"THE_SILENT","items_purchased":["Apotheosis"],"gold_per_floor":[119,119,119,135,147,180,199,213,213,213,213,227,227,246,246,344,344,359,102,2,14,14,14,47,47,47,63,78,94,105],"floor_reached":31,"campfire_rested":3,"playtime":3557,"current_hp_per_floor":[67,67,67,63,61,47,42,37,37,58,58,51,70,70,70,41,70,63,63,63,55,55,63,31,60,60,58,58,32,22],"items_purged":["Strike_G","Defend_G"],"gold":105,"score":261,"play_id":"55a47f51-637c-4570-9d47-2edf547752ad","is_prod":false,"is_daily":false,"is_ascension_mode":false,"campfire_upgraded":2,"path_taken":["M","?","?","M","?","E","M","M","T","R","?","M","R","M","R","BOSS","M","?","$","M","?","R","E","R","T","M","M","M","M","?"],"build_version":"2018-02-12-PROD1","purchased_purges":2,"victory":false,"master_deck":["Defend_G","Defend_G","Defend_G","Defend_G","Strike_G","Strike_G","Survivor","Neutralize","Crippling Poison","Deflect","Flying Knee","Backflip","Bouncing Flask+1","PiercingWail","Backstab","Poisoned Stab","Flying Knee","Poisoned Stab","Unload","Terror+1","Apotheosis+1","Heel Hook","Blade Dance+1","Well Laid Plans","Poisoned Stab","Dodge and Roll","Night Terror","Outmaneuver","Backflip"],"max_hp_per_floor":[70,70,70,70,70,70,70,70,70,70,70,70,70,70,70,70,70,70,70,70,70,70,70,70,70,70,70,70,70,70],"relics":["Ring of the Snake","Dream Catcher","Girya","Prayer Wheel","Eternal Feather","Letter Opener","Omamori","Du-Vu Doll"],"card_choices":[{"not_picked":["Well Laid Plans","Dash"],"picked":"Crippling Poison"},{"not_picked":["Dodge and Roll","Distraction"],"picked":"Deflect"},{"not_picked":["Prepared","Leg Sweep"],"picked":"Flying Knee"},{"not_picked":["Slice","Underhanded Strike"],"picked":"Backflip"},{"not_picked":["Malaise","Riddle With Holes"],"picked":"Bouncing Flask"},{"not_picked":["Underhanded Strike","Backflip"],"picked":"PiercingWail"},{"not_picked":["Acrobatics","Sucker Punch"],"picked":"Backstab"},{"not_picked":["Prepared","Deflect"],"picked":"Poisoned Stab"},{"not_picked":["Dagger Spray","Noxious Fumes"],"picked":"Flying Knee"},{"not_picked":["Prepared","Finisher"],"picked":"Poisoned Stab"},{"not_picked":["Phantasmal Killer","Die Die Die"],"picked":"Unload"},{"not_picked":["Catalyst","Quick Slash"],"picked":"Terror"},{"not_picked":["Eviscerate","Reflex"],"picked":"Heel Hook"},{"not_picked":["Heel Hook","Acrobatics"],"picked":"Blade Dance"},{"not_picked":["Dodge and Roll","Reflex"],"picked":"Well Laid Plans"},{"not_picked":["Choke","Skewer"],"picked":"Poisoned Stab"},{"not_picked":["Dagger Throw","Slice"],"picked":"Dodge and Roll"},{"not_picked":["PiercingWail","Dodge and Roll"],"picked":"Night Terror"},{"not_picked":["PiercingWail","Choke"],"picked":"Outmaneuver"},{"not_picked":["Crippling Poison","Prepared"],"picked":"Backflip"}],"player_experience":86815,"potions_floor_usage":[8,16,18,24,27,31,31],"damage_taken":[{"damage":3.0,"enemies":"Cultist","floor":1.0,"turns":6.0},{"damage":4.0,"enemies":"Blue Slaver","floor":4.0,"turns":6.0},{"damage":2.0,"enemies":"Jaw Worm","floor":5.0,"turns":5.0},{"damage":29.0,"enemies":"Lagavulin","floor":6.0,"turns":11.0},{"damage":5.0,"enemies":"3 Louse","floor":7.0,"turns":4.0},{"damage":5,"enemies":"Gremlin Gang","floor":8,"turns":8},{"damage":7,"enemies":"Looter","floor":12,"turns":3},{"damage":0,"enemies":"Red Slaver","floor":14,"turns":3},{"damage":29,"enemies":"The Guardian","floor":16,"turns":9},{"damage":7,"enemies":"Shell Parasite","floor":18,"turns":6},{"damage":8,"enemies":"2 Thieves","floor":21,"turns":5},{"damage":32,"enemies":"Gremlin Leader","floor":24,"turns":8},{"damage":2,"enemies":"Centurion and Healer","floor":27,"turns":5},{"damage":0,"enemies":"Snecko","floor":28,"turns":4},{"damage":26,"enemies":"3 Cultists","floor":29,"turns":7},{"damage":10,"enemies":"Sentry and Sphere","floor":30,"turns":5},{"damage":22,"enemies":"Slaver and Parasite","floor":31,"turns":2}],"event_choices":[{"event_name":"The Lab","player_choice":"Got Potions","floor":2.0,"damage_taken":0.0},{"event_name":"Wheel of Change","player_choice":"Card Removal","floor":3.0,"damage_taken":0.0},{"event_name":"Dead Adventurer","player_choice":"Searched \u00271\u0027 times","floor":11,"damage_taken":0},{"event_name":"The Mausoleum","player_choice":"Yes","floor":22,"damage_taken":0}],"boss_relics":[{"not_picked":["Velvet Choker","Tiny House"],"picked":"Eternal Feather"}],"potions_floor_spawned":[1,5,6,12,14,21,24,30],"seed_played":"-1961724802750358398","killed_by":"Slaver and Parasite","ascension_level":0,"is_trial":false}