{"gold_per_floor":[114,132,132,132,152,152,195,208,208,232,273,303,6,70,70,191,191,211,211,310,48,72,72,92,92,92,92,112,136,177,197,197,318,318,337,352,352,373,391,391,409,422,422,466,466,466,0,19,19,19],"floor_reached":51,"playtime":3442,"items_purged":["Defend_R","Writhe","Defend_R"],"score":1057,"play_id":"0c61175b-1559-464c-951c-d892b9366798","local_time":"20190906020106","is_ascension_mode":true,"campfire_choices":[{"data":"Twin Strike","floor":6,"key":"SMITH"},{"data":"Perfected Strike","floor":15,"key":"SMITH"},{"data":"Enlightenment","floor":23,"key":"SMITH"},{"data":"Dual Wield","floor":25,"key":"SMITH"},{"data":"Dramatic Entrance","floor":27,"key":"SMITH"},{"data":"Inflame","floor":32,"key":"SMITH"},{"data":"Inflame","floor":40,"key":"SMITH"},{"data":"Infernal Blade","floor":45,"key":"SMITH"},{"floor":49,"key":"REST"}],"neow_cost":"NONE","seed_source_timestamp":22080221715600,"circlet_count":0,"master_deck":["Strike_R","Strike_R","Strike_R","Strike_R","Strike_R","Defend_R","Bash","Twin Strike+1","Twin Strike","Twin Strike","Flame Barrier+1","Perfected Strike+1","Shrug It Off","Dual Wield+1","Inflame+1","Infernal Blade+1","Enlightenment+1","Dramatic Entrance+1","Perfected Strike+1","Impervious","Rage","Inflame+1","Flex","Reaper+1","Shrug It Off+1","Perfected Strike+1","Seeing Red+1","Shrug It Off+1","Bludgeon+1","Armaments+1","Perfected Strike+1","Sentinel+1","Pommel Strike+1","Wild Strike+1","Twin Strike+1","Perfected Strike+1","The Bomb","Burning Pact","The Bomb","Pommel Strike+1"],"relics":["Burning Blood","Boot","Golden Idol","The Courier","Meat on the Bone","Paper Frog","Odd Mushroom","Molten Egg 2","Runic Cube","Unceasing Top","Bag of Marbles","Self Forming Clay","Lizard Tail","Mummified Hand","Dodecahedron"],"potions_floor_usage":[7,12,33,36,38,39,42,50],"damage_taken":[{"damage":1,"enemies":"Cultist","floor":1,"turns":3},{"damage":7,"enemies":"Small Slimes","floor":2,"turns":3},{"damage":8,"enemies":"2 Louse","floor":5,"turns":3},{"damage":20,"enemies":"Lagavulin","floor":7,"turns":5},{"damage":19,"enemies":"Large Slime","floor":8,"turns":6},{"damage":11,"enemies":"Looter","floor":10,"turns":3},{"damage":8,"enemies":"Gremlin Nob","floor":11,"turns":3},{"damage":12,"enemies":"The Mushroom Lair","floor":12,"turns":4},{"damage":0,"enemies":"Gremlin Nob","floor":14,"turns":2},{"damage":0,"enemies":"Slime Boss","floor":16,"turns":4},{"damage":14,"enemies":"Shell Parasite","floor":18,"turns":3},{"damage":12,"enemies":"Chosen","floor":22,"turns":3},{"damage":21,"enemies":"Snake Plant","floor":24,"turns":5},{"damage":8,"enemies":"Shelled Parasite and Fungi","floor":28,"turns":3},{"damage":22,"enemies":"Centurion and Healer","floor":29,"turns":5},{"damage":18,"enemies":"Gremlin Leader","floor":30,"turns":3},{"damage":0,"enemies":"Snecko","floor":31,"turns":2},{"damage":51,"enemies":"Collector","floor":33,"turns":7},{"damage":6,"enemies":"3 Shapes","floor":35,"turns":4},{"damage":34,"enemies":"3 Darklings","floor":36,"turns":9},{"damage":7,"enemies":"4 Shapes","floor":38,"turns":4},{"damage":22,"enemies":"Sphere and 2 Shapes","floor":39,"turns":4},{"damage":0,"enemies":"Jaw Worm Horde","floor":41,"turns":2},{"damage":7,"enemies":"Writhing Mass","floor":42,"turns":3},{"damage":91,"enemies":"Reptomancer","floor":44,"turns":5},{"damage":21,"enemies":"Sphere and 2 Shapes","floor":48,"turns":3},{"damage":88,"enemies":"Donu and Deca","floor":50,"turns":8}],"seed_played":"1867091291378253586","potions_obtained":[{"floor":5,"key":"SpeedPotion"},{"floor":8,"key":"Ancient Potion"},{"floor":11,"key":"Block Potion"},{"floor":12,"key":"LiquidBronze"},{"floor":18,"key":"SteroidPotion"},{"floor":22,"key":"FairyPotion"},{"floor":33,"key":"SpeedPotion"},{"floor":38,"key":"Poison Potion"},{"floor":39,"key":"Block Potion"},{"floor":41,"key":"FearPotion"},{"floor":48,"key":"Dexterity Potion"}],"is_trial":false,"path_per_floor":["M","M","?","?","M","R","E","M","T","M","E","?","$","?","R","B",null,"M","?","?","$","M","R","M","R","T","R","M","M","E","M","R","B",null,"M","M","?","M","M","R","M","M","T","E","R","?","$","M","R","B",null],"character_chosen":"IRONCLAD","items_purchased":["Inflame","Infernal Blade","Enlightenment","Dramatic Entrance","Inflame","Flex","Reaper+1","Perfected Strike+1","The Bomb","Burning Pact","The Bomb"],"campfire_rested":1,"item_purchase_floors":[13,13,13,13,21,21,21,47,47,47,47],"current_hp_per_floor":[77,76,56,56,54,54,40,27,27,34,44,50,50,56,56,62,76,68,68,68,68,69,69,66,66,66,66,64,48,53,59,59,26,67,77,64,64,63,47,47,53,52,52,58,58,58,58,55,79,19],"gold":19,"neow_bonus":"RANDOM_COMMON_RELIC","is_prod":false,"is_daily":false,"chose_seed":false,"campfire_upgraded":8,"win_rate":0,"timestamp":1567728066,"path_taken":["M","?","?","?","M","R","E","M","T","M","E","?","$","?","R","BOSS","M","?","?","$","M","R","?","R","T","R","M","M","E","M","R","BOSS","M","M","?","M","M","R","M","M","T","E","R","?","$","?","R","BOSS"],"build_version":"2019-07-17","purchased_purges":3,"victory":true,"max_hp_per_floor":[80,80,80,80,80,80,80,80,80,80,80,80,80,80,80,80,80,80,80,80,80,80,80,80,80,80,80,80,80,80,80,80,80,80,80,80,80,80,80,80,80,80,80,80,80,80,80,80,80,80],"card_choices":[{"not_picked":["Power Through","Headbutt"],"picked":"Twin Strike","floor":1},{"not_picked":["Dropkick","Clothesline"],"picked":"Twin Strike","floor":2},{"not_picked":["Warcry","Sword Boomerang"],"picked":"Twin Strike","floor":5},{"not_picked":["Battle Trance","Flex"],"picked":"Flame Barrier","floor":7},{"not_picked":["Burning Pact","Combust","Havoc"],"picked":"SKIP","floor":8},{"not_picked":["Uppercut","Rage"],"picked":"Perfected Strike","floor":10},{"not_picked":["Corruption","Sword Boomerang"],"picked":"Shrug It Off","floor":11},{"not_picked":["Cleave","Rage"],"picked":"Dual Wield","floor":12},{"not_picked":["Thunderclap","Body Slam"],"picked":"Perfected Strike","floor":14},{"not_picked":["Juggernaut","Fiend Fire+1"],"picked":"Impervious","floor":16},{"not_picked":["Armaments","Warcry"],"picked":"Rage","floor":18},{"not_picked":["Blood for Blood+1","Thunderclap+1"],"picked":"Shrug It Off+1","floor":22},{"not_picked":["Heavy Blade+1","Entrench"],"picked":"Perfected Strike+1","floor":24},{"not_picked":["Heavy Blade+1","Hemokinesis+1","Headbutt+1"],"picked":"SKIP","floor":28},{"not_picked":["Feel No Pain","Heavy Blade+1"],"picked":"Seeing Red+1","floor":29},{"not_picked":["Entrench","Hemokinesis+1"],"picked":"Perfected Strike+1","floor":30},{"not_picked":["Pummel+1","Second Wind"],"picked":"Shrug It Off+1","floor":31},{"not_picked":["Immolate+1","Berserk"],"picked":"Bludgeon+1","floor":33},{"not_picked":["Heavy Blade+1","Body Slam+1"],"picked":"Armaments+1","floor":35},{"not_picked":["Body Slam+1","Battle Trance"],"picked":"Perfected Strike+1","floor":36},{"not_picked":["Cleave+1","Heavy Blade+1"],"picked":"Sentinel+1","floor":38},{"not_picked":["Heavy Blade+1","Anger+1"],"picked":"Pommel Strike+1","floor":39},{"not_picked":["Burning Pact+1","Iron Wave+1","Sword Boomerang+1"],"picked":"SKIP","floor":41},{"not_picked":["Corruption+1","Shrug It Off"],"picked":"Wild Strike+1","floor":42},{"not_picked":["Shrug It Off","Anger+1"],"picked":"Twin Strike+1","floor":44},{"not_picked":["Infernal Blade","Clash+1"],"picked":"Pommel Strike+1","floor":48}],"player_experience":621990,"relics_obtained":[{"floor":7,"key":"The Courier"},{"floor":9,"key":"Meat on the Bone"},{"floor":11,"key":"Paper Frog"},{"floor":12,"key":"Odd Mushroom"},{"floor":14,"key":"Molten Egg 2"},{"floor":26,"key":"Bag of Marbles"},{"floor":30,"key":"Self Forming Clay"},{"floor":43,"key":"Mummified Hand"},{"floor":44,"key":"Dodecahedron"}],"event_choices":[{"damage_healed":0,"gold_gain":0,"player_choice":"Take Damage","damage_taken":20,"relics_obtained":["Golden Idol"],"max_hp_gain":0,"max_hp_loss":0,"event_name":"Golden Idol","floor":3,"gold_loss":0},{"cards_removed":["Defend_R"],"damage_healed":0,"gold_gain":0,"player_choice":"Forget","damage_taken":0,"max_hp_gain":0,"max_hp_loss":0,"event_name":"Living Wall","floor":4,"gold_loss":0},{"damage_healed":0,"gold_gain":0,"player_choice":"Fought Mushrooms","damage_taken":0,"max_hp_gain":0,"max_hp_loss":0,"event_name":"Mushrooms","floor":12,"gold_loss":0},{"damage_healed":0,"gold_gain":30,"player_choice":"Searched \u00273\u0027 times","damage_taken":0,"max_hp_gain":0,"max_hp_loss":0,"event_name":"Dead Adventurer","floor":14,"gold_loss":0},{"damage_healed":0,"gold_gain":0,"player_choice":"Opened","damage_taken":0,"relics_obtained":["Unceasing Top"],"max_hp_gain":0,"max_hp_loss":0,"event_name":"The Mausoleum","floor":19,"gold_loss":0,"cards_obtained":["Writhe"]},{"damage_healed":0,"gold_gain":99,"player_choice":"Stole From Cult","damage_taken":0,"max_hp_gain":0,"max_hp_loss":0,"event_name":"Nest","floor":20,"gold_loss":0},{"cards_removed":["Perfected Strike"],"damage_healed":0,"gold_gain":0,"player_choice":"Removed Attack","damage_taken":0,"max_hp_gain":0,"max_hp_loss":0,"event_name":"Falling","floor":37,"gold_loss":0},{"damage_healed":0,"gold_gain":0,"player_choice":"Forge","damage_taken":0,"max_hp_gain":0,"max_hp_loss":0,"event_name":"Accursed Blacksmith","floor":46,"gold_loss":0,"cards_upgraded":["Flame Barrier"]}],"is_beta":false,"boss_relics":[{"not_picked":["Philosopher\u0027s Stone","White Beast Statue"],"picked":"Runic Cube"},{"not_picked":["Fusion Hammer","Black Star"],"picked":"Lizard Tail"}],"items_purged_floors":[13,21,47],"is_endless":false,"potions_floor_spawned":[5,8,11,12,18,22,33,38,39,41,48],"ascension_level":6}