{"gold_per_floor":[115,115,115,136,160,160,160,160,229,229,245,270,270,285,285,285],"floor_reached":16,"playtime":869,"items_purged":[],"score":97,"play_id":"bbc1a835-ae47-48e7-a0c9-dac530e73111","local_time":"20180715014425","is_ascension_mode":true,"campfire_choices":[{"data":"Zap","floor":6,"key":"SMITH"},{"data":"Double Energy","floor":8,"key":"SMITH"},{"floor":10,"key":"REST"},{"data":"Conserve Battery","floor":13,"key":"SMITH"},{"data":"Tempest","floor":15,"key":"SMITH"}],"neow_cost":"NONE","seed_source_timestamp":0,"circlet_count":0,"master_deck":["Strike_B","Strike_B","Strike_B","Defend_B","Defend_B","Defend_B","Defend_B","Zap+1","Dualcast","Double Energy+1","Conserve Battery+1","Conserve Battery","Tempest+1"],"special_seed":17726,"relics":["Cracked Core","Girya","Golden Idol","Dodecahedron"],"potions_floor_usage":[16],"damage_taken":[{"damage":5,"enemies":"2 Louse","floor":1,"turns":3},{"damage":2,"enemies":"Small Slimes","floor":4,"turns":3},{"damage":1,"enemies":"Cultist","floor":5,"turns":3},{"damage":0,"enemies":"Large Slime","floor":11,"turns":5},{"damage":0,"enemies":"2 Fungi Beasts","floor":12,"turns":3},{"damage":23,"enemies":"Gremlin Gang","floor":14,"turns":5},{"damage":40,"enemies":"The Guardian","floor":16,"turns":14}],"seed_played":"-1557900698408723444","potions_obtained":[{"floor":1,"key":"Strength Potion"},{"floor":5,"key":"SmokeBomb"}],"is_trial":false,"path_per_floor":["M","?","?","M","M","R","?","R","T","R","M","M","R","M","R"],"character_chosen":"DEFECT","items_purchased":[],"campfire_rested":1,"item_purchase_floors":[],"current_hp_per_floor":[70,58,40,38,37,37,37,37,37,59,59,59,59,36,36,0],"gold":285,"neow_bonus":"REMOVE_CARD","is_prod":false,"is_daily":false,"chose_seed":false,"campfire_upgraded":4,"win_rate":0,"timestamp":1531611865,"path_taken":["M","?","?","M","M","R","?","R","T","R","M","M","R","?","R","BOSS"],"build_version":"2018-07-12","purchased_purges":0,"victory":false,"max_hp_per_floor":[75,75,75,75,75,75,75,75,75,75,75,75,75,75,75,75],"card_choices":[{"not_picked":["Chaos","Steam Power"],"picked":"Double Energy","floor":1},{"not_picked":["Stack","Compile Driver","Cold Snap"],"picked":"SKIP","floor":4},{"not_picked":["Recycle","Gash"],"picked":"Conserve Battery","floor":5},{"not_picked":["Reinforced Body","Rebound","Stack"],"picked":"SKIP","floor":11},{"not_picked":["Leap","Reprogram"],"picked":"Conserve Battery","floor":12},{"not_picked":["Steam Power","White Noise"],"picked":"Tempest","floor":14}],"player_experience":182122,"relics_obtained":[{"floor":9,"key":"Dodecahedron"}],"event_choices":[{"event_name":"Scrap Ooze","player_choice":"success","floor":2,"damage_taken":12},{"event_name":"Golden Idol","player_choice":"Take Damage","floor":3,"damage_taken":0},{"event_name":"Liars Game","player_choice":"disagreed","floor":7,"damage_taken":0}],"boss_relics":[],"items_purged_floors":[],"is_endless":false,"potions_floor_spawned":[1,5],"killed_by":"The Guardian","ascension_level":1}