{"gold_per_floor":[117,130,130,146,10,10,42,42,42,58,58,74,100,100,100,203,203,215,215,215,69,79,79,109,121,156,200,228,267,297,338,350,467,479,509,521,546,576,53,83,136,168,214,232,332,348,348,9,9,9],"floor_reached":51,"playtime":4457,"items_purged":["Strike_R","Defend_R"],"score":1102,"play_id":"d19fcd98-e509-4159-9734-997871d36d2a","local_time":"20190420222316","is_ascension_mode":true,"campfire_choices":[{"data":"Corruption","floor":6,"key":"SMITH"},{"data":"Spot Weakness","floor":8,"key":"SMITH"},{"data":"Whirlwind","floor":11,"key":"SMITH"},{"data":"Seeing Red","floor":15,"key":"SMITH"},{"data":"Demon Form","floor":23,"key":"SMITH"},{"data":"Ghostly","floor":25,"key":"SMITH"},{"floor":32,"key":"REST"},{"data":"Ghostly","floor":49,"key":"SMITH"}],"neow_cost":"NONE","seed_source_timestamp":9249237049000,"circlet_count":0,"master_deck":["Strike_R","Strike_R","Strike_R","Defend_R+1","Bash+1","Thunderclap+1","Corruption+1","Impervious","Purity","Cleave+1","Spot Weakness+1","Whirlwind+1","Seeing Red+1","Anger","Dark Embrace","Warcry+1","Ghostly+1","Ghostly+1","Ghostly","Ghostly","Ghostly","Demon Form+1","Thunderclap+1","Thunderclap+1","Impervious+1","Intimidate+1","Anger+1","Clash","Spot Weakness+1","Feed","Intimidate+1","Good Instincts+1","Flex+1","Intimidate+1","Shrug It Off+1","Ghostly Armor+1","Thunderclap+1","Juggernaut","Iron Wave+1","Madness+1","Madness+1","Blind+1"],"relics":["Burning Blood","Pantograph","Pear","Bronze Scales","Black Star","Toxic Egg 2","MawBank","Happy Flower","Unceasing Top","Champion Belt","Du-Vu Doll","Bag of Marbles","Strawberry","Omamori","Empty Cage","Red Skull","Whetstone","Molten Egg 2","Ornamental Fan","Calipers","Oddly Smooth Stone","Juzu Bracelet","Boot","StoneCalendar","Kunai"],"potions_floor_usage":[13,18,22,24,28,33,40,50,50],"damage_taken":[{"damage":0,"enemies":"Small Slimes","floor":1,"turns":4},{"damage":2,"enemies":"2 Louse","floor":2,"turns":2},{"damage":6,"enemies":"Cultist","floor":4,"turns":4},{"damage":15,"enemies":"Lagavulin","floor":7,"turns":6},{"damage":21,"enemies":"Exordium Thugs","floor":10,"turns":3},{"damage":0,"enemies":"Exordium Wildlife","floor":12,"turns":2},{"damage":0,"enemies":"3 Sentries","floor":13,"turns":3},{"damage":42,"enemies":"Hexaghost","floor":16,"turns":8},{"damage":34,"enemies":"Shell Parasite","floor":18,"turns":6},{"damage":3,"enemies":"Spheric Guardian","floor":22,"turns":5},{"damage":35,"enemies":"Slavers","floor":24,"turns":6},{"damage":7,"enemies":"Gremlin Leader","floor":27,"turns":6},{"damage":0,"enemies":"3 Cultists","floor":28,"turns":4},{"damage":21,"enemies":"Book of Stabbing","floor":29,"turns":6},{"damage":3,"enemies":"Chosen and Byrds","floor":30,"turns":4},{"damage":1,"enemies":"Gremlin Leader","floor":31,"turns":4},{"damage":10,"enemies":"Collector","floor":33,"turns":7},{"damage":11,"enemies":"3 Shapes","floor":35,"turns":5},{"damage":18,"enemies":"Orb Walker","floor":37,"turns":6},{"damage":2,"enemies":"3 Darklings","floor":38,"turns":3},{"damage":5,"enemies":"Reptomancer","floor":40,"turns":5},{"damage":24,"enemies":"2 Orb Walkers","floor":41,"turns":4},{"damage":0,"enemies":"Giant Head","floor":42,"turns":7},{"damage":0,"enemies":"Maw","floor":44,"turns":6},{"damage":0,"enemies":"Mind Bloom Boss Battle","floor":45,"turns":5},{"damage":4,"enemies":"4 Shapes","floor":46,"turns":3},{"damage":43,"enemies":"Donu and Deca","floor":50,"turns":10}],"seed_played":"1592386193656279398","potions_obtained":[{"floor":2,"key":"Fire Potion"},{"floor":7,"key":"Fire Potion"},{"floor":10,"key":"Regen Potion"},{"floor":16,"key":"SkillPotion"},{"floor":18,"key":"SpeedPotion"},{"floor":24,"key":"GamblersBrew"},{"floor":27,"key":"SteroidPotion"},{"floor":30,"key":"GamblersBrew"},{"floor":35,"key":"Poison Potion"},{"floor":40,"key":"Dexterity Potion"},{"floor":46,"key":"Fire Potion"}],"is_trial":false,"path_per_floor":["M","M","?","M","$","R","E","R","T","M","R","M","E","?","R","B",null,"M","?","?","$","M","R","E","R","T","E","M","E","M","E","R","B",null,"M","?","M","M","$","E","?","E","T","M","?","M","?","$","R","B",null],"character_chosen":"IRONCLAD","items_purchased":["Purity","Cleave","Demon Form","Good Instincts+1","Red Skull","Whetstone","Flex+1","Kunai","Blind+1"],"campfire_rested":1,"item_purchase_floors":[5,5,21,39,39,39,39,48,48],"current_hp_per_floor":[80,80,80,80,80,80,71,71,81,66,66,72,78,60,60,49,90,62,45,45,45,45,45,25,25,25,24,30,15,18,30,45,48,52,47,47,35,39,39,40,22,31,31,37,55,55,48,48,48,18],"gold":9,"neow_bonus":"REMOVE_CARD","is_prod":false,"is_daily":false,"chose_seed":false,"campfire_upgraded":7,"win_rate":0,"timestamp":1555791796,"path_taken":["M","M","?","M","$","R","E","R","T","M","R","M","E","?","R","BOSS","M","?","?","$","?","R","E","R","T","E","M","E","M","E","R","BOSS","M","?","M","M","$","E","?","E","T","M","?","M","?","$","R","BOSS"],"build_version":"2019-01-23","purchased_purges":2,"victory":true,"max_hp_per_floor":[80,80,80,80,80,80,80,80,90,90,90,90,90,90,90,90,90,90,45,45,45,45,45,45,45,45,45,45,45,45,52,52,52,52,52,52,52,52,52,52,52,55,55,55,55,55,55,55,55,55],"card_choices":[{"not_picked":["Wild Strike","True Grit"],"picked":"Thunderclap","floor":1},{"not_picked":["Clothesline","Entrench"],"picked":"Corruption","floor":2},{"not_picked":["Pommel Strike","Ghostly Armor"],"picked":"Impervious","floor":4},{"not_picked":["Twin Strike","Sword Boomerang"],"picked":"Spot Weakness","floor":7},{"not_picked":["Wild Strike","Headbutt"],"picked":"Whirlwind","floor":10},{"not_picked":["Sword Boomerang","Perfected Strike"],"picked":"Seeing Red","floor":12},{"not_picked":["Perfected Strike","Rupture"],"picked":"Anger","floor":13},{"not_picked":["Reaper","Fiend Fire"],"picked":"Dark Embrace","floor":16},{"not_picked":["Shrug It Off","Body Slam"],"picked":"Warcry+1","floor":18},{"not_picked":["Perfected Strike","Sword Boomerang"],"picked":"Thunderclap","floor":22},{"not_picked":["Reckless Charge","Pommel Strike"],"picked":"Thunderclap+1","floor":24},{"not_picked":["Demon Form","Twin Strike"],"picked":"Impervious+1","floor":27},{"not_picked":["True Grit+1","Power Through+1"],"picked":"Intimidate+1","floor":28},{"not_picked":["Bloodletting+1","Warcry+1"],"picked":"Anger+1","floor":29},{"not_picked":["Whirlwind+1","Blood for Blood"],"picked":"Clash","floor":30},{"not_picked":["Juggernaut","Sword Boomerang"],"picked":"Spot Weakness+1","floor":31},{"not_picked":["Reaper","Offering+1"],"picked":"Feed","floor":33},{"not_picked":["Whirlwind+1","Armaments+1","Wild Strike"],"picked":"SKIP","floor":35},{"not_picked":["Sever Soul+1","Warcry+1"],"picked":"Intimidate+1","floor":37},{"not_picked":["Hemokinesis+1","Headbutt","Sword Boomerang+1"],"picked":"SKIP","floor":38},{"not_picked":["Armaments+1","Warcry+1"],"picked":"Intimidate+1","floor":40},{"not_picked":["Wild Strike+1","Carnage+1"],"picked":"Shrug It Off+1","floor":41},{"not_picked":["Rupture+1","Havoc+1"],"picked":"Ghostly Armor+1","floor":42},{"not_picked":["Sword Boomerang+1","Flex+1"],"picked":"Thunderclap+1","floor":44},{"not_picked":["Thunderclap+1","Disarm+1"],"picked":"Juggernaut","floor":45},{"not_picked":["Intimidate+1","Thunderclap+1"],"picked":"Iron Wave+1","floor":46}],"player_experience":502039,"relics_obtained":[{"floor":7,"key":"Pantograph"},{"floor":9,"key":"Pear"},{"floor":13,"key":"Bronze Scales"},{"floor":24,"key":"Toxic Egg 2"},{"floor":24,"key":"MawBank"},{"floor":26,"key":"Happy Flower"},{"floor":27,"key":"Unceasing Top"},{"floor":27,"key":"Champion Belt"},{"floor":29,"key":"Du-Vu Doll"},{"floor":29,"key":"Bag of Marbles"},{"floor":31,"key":"Strawberry"},{"floor":31,"key":"Omamori"},{"floor":40,"key":"Molten Egg 2"},{"floor":40,"key":"Ornamental Fan"},{"floor":41,"key":"Calipers"},{"floor":42,"key":"Oddly Smooth Stone"},{"floor":42,"key":"Juzu Bracelet"},{"floor":43,"key":"Boot"},{"floor":45,"key":"StoneCalendar"}],"event_choices":[{"damage_healed":0,"gold_gain":0,"player_choice":"Grow","damage_taken":0,"max_hp_gain":0,"max_hp_loss":0,"event_name":"Living Wall","floor":3,"gold_loss":0,"cards_upgraded":["Thunderclap"]},{"damage_healed":0,"gold_gain":0,"player_choice":"Entered Light","damage_taken":18,"max_hp_gain":0,"max_hp_loss":0,"event_name":"Shining Light","floor":14,"gold_loss":0,"cards_upgraded":["Bash","Defend_R"]},{"damage_healed":0,"gold_gain":0,"player_choice":"Became a Ghost","damage_taken":0,"max_hp_gain":0,"max_hp_loss":45,"event_name":"Ghosts","floor":19,"gold_loss":0,"cards_obtained":["Ghostly","Ghostly","Ghostly","Ghostly","Ghostly"]},{"damage_healed":0,"gold_gain":0,"player_choice":"Bought 0 Potions","damage_taken":0,"max_hp_gain":0,"max_hp_loss":0,"event_name":"The Woman in Blue","floor":20,"gold_loss":0},{"damage_healed":0,"gold_gain":0,"player_choice":"Ignored","damage_taken":0,"max_hp_gain":0,"max_hp_loss":0,"event_name":"Tomb of Lord Red Mask","floor":36,"gold_loss":0},{"damage_healed":0,"gold_gain":0,"player_choice":"Fight","damage_taken":0,"max_hp_gain":0,"max_hp_loss":0,"event_name":"Mysterious Sphere","floor":41,"gold_loss":0},{"damage_healed":0,"gold_gain":0,"player_choice":"Fight","damage_taken":0,"max_hp_gain":0,"max_hp_loss":0,"event_name":"MindBloom","floor":45,"gold_loss":0},{"damage_healed":0,"gold_gain":0,"player_choice":"Embrace Madness","damage_taken":7,"max_hp_gain":0,"max_hp_loss":0,"event_name":"Winding Halls","floor":47,"gold_loss":0,"cards_obtained":["Madness","Madness"]}],"is_beta":false,"boss_relics":[{"not_picked":["Snecko Eye","Fusion Hammer"],"picked":"Black Star"},{"not_picked":["Mark of Pain","Runic Dome"],"picked":"Empty Cage"}],"items_purged_floors":[21,39],"is_endless":false,"potions_floor_spawned":[2,7,10,16,18,24,27,30,35,40,42,45,46],"ascension_level":4}