{"gold_per_floor":[216,29,29,29,44,44,44,44,97,114,114,114,45,60,60,158,158,170,181,181,96,96,96,122,122,122,122,141,141,44,44,44,44],"floor_reached":33,"playtime":1197,"items_purged":["Strike_B"],"score":324,"play_id":"b9fb59b7-e31a-4f71-b134-078b9930a6f0","local_time":"20190517224722","is_ascension_mode":true,"campfire_choices":[{"data":"Dualcast","floor":6,"key":"SMITH"},{"floor":8,"key":"REST"},{"data":"Defragment","floor":15,"key":"SMITH"},{"data":"Multi-Cast","floor":23,"key":"SMITH"},{"floor":25,"key":"REST"},{"data":"Electrodynamics","floor":27,"key":"SMITH"},{"floor":29,"key":"REST"},{"floor":32,"key":"REST"}],"neow_cost":"NONE","seed_source_timestamp":95747612684800,"circlet_count":0,"master_deck":["Defend_B","Defend_B+1","Defend_B","Defend_B","Zap","Dualcast+1","Gash","Scrape","Defragment+1","Chaos","Beam Cell","Static Discharge","Consume","Multi-Cast+1","Beam Cell","Defragment","Bite","Bite","Bite","Bite","Bite","Electrodynamics+1","Defragment","Double Energy","Gash"],"relics":["Cracked Core","PreservedInsect","Art of War","Gremlin Horn","Bronze Scales","Bird Faced Urn","Blue Candle","Nloth\u0027s Gift"],"potions_floor_usage":[16,16],"damage_taken":[{"damage":2,"enemies":"2 Louse","floor":1,"turns":3},{"damage":4,"enemies":"Jaw Worm","floor":5,"turns":3},{"damage":7,"enemies":"Small Slimes","floor":10,"turns":3},{"damage":0,"enemies":"Looter","floor":14,"turns":2},{"damage":30,"enemies":"Slime Boss","floor":16,"turns":7},{"damage":4,"enemies":"Chosen","floor":18,"turns":4},{"damage":26,"enemies":"3 Byrds","floor":19,"turns":1},{"damage":41,"enemies":"Book of Stabbing","floor":24,"turns":4},{"damage":27,"enemies":"Centurion and Healer","floor":28,"turns":4},{"damage":88,"enemies":"Collector","floor":33,"turns":7}],"seed_played":"6423886037138268151","potions_obtained":[{"floor":1,"key":"FocusPotion"},{"floor":5,"key":"Dexterity Potion"},{"floor":28,"key":"Poison Potion"}],"is_trial":false,"path_per_floor":["M","$","?","?","M","R","?","R","T","M","T","?","$","M","R","B",null,"M","M","?","?","$","R","E","R","T","R","M","R","$","?","R","B"],"character_chosen":"DEFECT","items_purchased":["Scrape","Defragment","Static Discharge","Double Energy","Gash"],"campfire_rested":4,"item_purchase_floors":[2,2,13,30,30],"current_hp_per_floor":[73,73,55,48,44,44,29,51,51,44,44,49,49,49,49,19,80,76,50,50,50,50,50,19,35,35,35,22,38,38,38,54,0],"gold":44,"neow_bonus":"HUNDRED_GOLD","is_prod":false,"is_daily":false,"chose_seed":false,"campfire_upgraded":4,"win_rate":0,"timestamp":1558126042,"path_taken":["M","$","?","?","M","R","?","R","T","M","?","?","?","M","R","BOSS","M","M","?","?","$","R","E","R","T","R","M","R","$","?","R","BOSS"],"build_version":"2019-01-23","purchased_purges":1,"victory":false,"max_hp_per_floor":[75,75,75,75,75,75,75,75,75,75,75,80,80,80,80,80,80,80,80,56,56,56,56,56,56,56,56,56,56,56,56,56,56],"card_choices":[{"not_picked":["Lockon","Sweeping Beam"],"picked":"Gash","floor":1},{"not_picked":["Stack","Steam"],"picked":"Chaos","floor":5},{"not_picked":["Streamline","Capacitor"],"picked":"Beam Cell","floor":10},{"not_picked":["Leap","Rip and Tear"],"picked":"Consume","floor":14},{"not_picked":["Meteor Strike","Thunder Strike"],"picked":"Multi-Cast","floor":16},{"not_picked":["Barrage+1","Ball Lightning"],"picked":"Beam Cell","floor":18},{"not_picked":["Coolheaded","Chill"],"picked":"Defragment","floor":19},{"not_picked":["Hello World+1","Sweeping Beam"],"picked":"Electrodynamics","floor":24},{"not_picked":["Beam Cell+1","Blizzard"],"picked":"Defragment","floor":28}],"player_experience":536107,"relics_obtained":[{"floor":9,"key":"Art of War"},{"floor":11,"key":"Gremlin Horn"},{"floor":24,"key":"Bird Faced Urn"},{"floor":26,"key":"Blue Candle"}],"event_choices":[{"damage_healed":0,"gold_gain":0,"player_choice":"Success","damage_taken":18,"relics_obtained":["PreservedInsect"],"max_hp_gain":0,"max_hp_loss":0,"event_name":"Scrap Ooze","floor":3,"gold_loss":0},{"cards_removed":["Strike_B"],"damage_healed":0,"gold_gain":0,"player_choice":"Card Removal","damage_taken":7,"max_hp_gain":0,"max_hp_loss":0,"event_name":"Golden Wing","floor":4,"gold_loss":0},{"damage_healed":0,"gold_gain":0,"player_choice":"Entered Light","damage_taken":15,"max_hp_gain":0,"max_hp_loss":0,"event_name":"Shining Light","floor":7,"gold_loss":0,"cards_upgraded":["Strike_B","Defend_B"]},{"damage_healed":0,"gold_gain":0,"player_choice":"Donut","damage_taken":0,"max_hp_gain":5,"max_hp_loss":0,"event_name":"Big Fish","floor":12,"gold_loss":0},{"damage_healed":0,"gold_gain":0,"player_choice":"Became a vampire","damage_taken":0,"max_hp_gain":0,"max_hp_loss":24,"event_name":"Vampires","floor":20,"gold_loss":0,"cards_obtained":["Bite","Bite","Bite","Bite","Bite"]},{"damage_healed":0,"gold_gain":0,"player_choice":"Obtained Relic","damage_taken":0,"relics_obtained":["Bronze Scales"],"max_hp_gain":0,"max_hp_loss":0,"event_name":"Addict","floor":21,"gold_loss":85},{"damage_healed":0,"gold_gain":0,"player_choice":"Traded Relic","damage_taken":0,"relics_obtained":["Nloth\u0027s Gift"],"max_hp_gain":0,"max_hp_loss":0,"event_name":"N\u0027loth","floor":31,"relics_lost":["Philosopher\u0027s Stone"],"gold_loss":0}],"is_beta":false,"boss_relics":[{"not_picked":["FrozenCore","Ectoplasm"],"picked":"Philosopher\u0027s Stone"}],"items_purged_floors":[2],"is_endless":false,"potions_floor_spawned":[1,5,28],"killed_by":"Collector","ascension_level":4}