{"gold_per_floor":[119,119,20,20,40,40,40,65,65,81,93,120,138,148,148,244,244,255,281,9,0],"floor_reached":21,"playtime":1356,"items_purged":["Strike_B"],"score":198,"play_id":"3a8ba4eb-80ce-4a35-8625-473c103861a8","local_time":"20180705022728","is_ascension_mode":true,"campfire_choices":[{"data":"Defragment","floor":6,"key":"SMITH"},{"floor":15,"key":"REST"}],"neow_cost":"NONE","seed_source_timestamp":102241805925267,"circlet_count":0,"master_deck":["Strike_B","Strike_B","Defend_B+1","Defend_B","Defend_B+1","Defend_B","Zap+1","Dualcast","Defragment+1","Rebound","Cold Snap","Gash","Defragment","BootSequence","Gash","Rainbow","Skim","Fission","Barrage","Capacitor","Hello World","Ball Lightning"],"relics":["Cracked Core","Bag of Preparation","The Courier","Bottled Tornado","Eternal Feather","Red Mask","Meat on the Bone"],"potions_floor_usage":[12,19,19,19,19,19,19],"damage_taken":[{"damage":3,"enemies":"Jaw Worm","floor":1,"turns":3},{"damage":5,"enemies":"2 Louse","floor":5,"turns":2},{"damage":8,"enemies":"Gremlin Nob","floor":8,"turns":4},{"damage":0,"enemies":"Cultist","floor":10,"turns":2},{"damage":13,"enemies":"Large Slime","floor":11,"turns":4},{"damage":3,"enemies":"Lagavulin","floor":12,"turns":7},{"damage":3,"enemies":"3 Louse","floor":13,"turns":3},{"damage":0,"enemies":"Blue Slaver","floor":14,"turns":3},{"damage":9,"enemies":"Hexaghost","floor":16,"turns":9},{"damage":7,"enemies":"Shell Parasite","floor":18,"turns":6},{"damage":42,"floor":19,"turns":6},{"damage":28,"enemies":"2 Thieves","floor":21,"turns":3}],"seed_played":"-8963051261883537633","potions_obtained":[{"floor":1,"key":"EntropicBrew"},{"floor":8,"key":"Ancient Potion"},{"floor":11,"key":"SpeedPotion"},{"floor":16,"key":"LiquidBronze"}],"is_trial":false,"path_per_floor":["M","?","$","?","M","R","$","E","T","M","M","E","M","M","R","B",null,"M","?","$"],"character_chosen":"DEFECT","items_purchased":["Rebound","Meat on the Bone","Hello World","Ball Lightning"],"campfire_rested":1,"item_purchase_floors":[3,20,20,20],"current_hp_per_floor":[72,57,57,50,45,45,45,37,37,37,24,21,18,18,40,31,75,68,26,26,0],"gold":0,"neow_bonus":"UPGRADE_CARD","is_prod":false,"is_daily":false,"chose_seed":false,"campfire_upgraded":1,"win_rate":0,"timestamp":1530750448,"path_taken":["M","?","$","?","M","R","$","E","T","M","M","E","M","M","R","BOSS","M","?","$","M"],"build_version":"2018-06-28","purchased_purges":1,"victory":false,"max_hp_per_floor":[75,75,75,75,75,75,75,75,75,75,75,75,75,75,75,75,75,75,75,75,75],"card_choices":[{"not_picked":["BootSequence","Sweeping Beam"],"picked":"Defragment","floor":1},{"not_picked":["Leap","Streamline"],"picked":"Cold Snap","floor":5},{"not_picked":["Go for the Eyes","Undo"],"picked":"Gash","floor":8},{"not_picked":["Force Field","Redo"],"picked":"Defragment","floor":10},{"not_picked":["Beam Cell","Leap"],"picked":"BootSequence","floor":11},{"not_picked":["Sweeping Beam","Stack"],"picked":"Gash","floor":12},{"not_picked":["Auto Shields","Streamline"],"picked":"Rainbow","floor":13},{"not_picked":["Steam","Stack"],"picked":"Skim","floor":14},{"not_picked":["Rainbow","Biased Cognition"],"picked":"Fission","floor":16},{"not_picked":["Compile Driver","Stack"],"picked":"Barrage","floor":18},{"not_picked":["Go for the Eyes","Hologram"],"picked":"Capacitor","floor":19}],"player_experience":160097,"relics_obtained":[{"floor":8,"key":"Bag of Preparation"},{"floor":9,"key":"The Courier"},{"floor":12,"key":"Bottled Tornado"},{"floor":19,"key":"Red Mask"}],"event_choices":[{"event_name":"Shining Light","player_choice":"Entered Light","floor":2,"damage_taken":0},{"event_name":"Golden Wing","player_choice":"Card Removal","floor":4,"damage_taken":0},{"event_name":"Masked Bandits","player_choice":"Fought over 255 gold","floor":19,"damage_taken":0}],"boss_relics":[{"not_picked":["Snecko Eye","Fusion Hammer"],"picked":"Eternal Feather"}],"items_purged_floors":[3],"is_endless":false,"potions_floor_spawned":[1,8,11,16],"killed_by":"2 Thieves","ascension_level":1}