{"path_per_floor":["M","?","M","M","$","R","E","R","T","M","E","M","M","M","R","B",null,"M","?","$","M","?","R","M","M","T","R","M","M","?"],"character_chosen":"THE_SILENT","items_purchased":["Dagger Spray","Kunai"],"gold_per_floor":[112,112,129,143,14,14,39,39,65,77,111,122,134,150,150,245,275,293,293,46,58,58,58,78,95,122,122,137,148,148,148],"floor_reached":31,"campfire_rested":1,"playtime":3000,"current_hp_per_floor":[65,51,51,50,50,50,45,45,45,45,18,10,10,10,31,3,75,72,72,72,52,52,52,44,42,42,42,21,11,11,0],"items_purged":["Defend_G"],"gold":148,"score":276,"play_id":"61b85b79-6f00-4945-8821-0d80178d4282","local_time":"20180525012833","is_prod":false,"is_daily":false,"chose_seed":false,"is_ascension_mode":false,"campfire_upgraded":4,"timestamp":1527204513,"campfire_choices":[{"data":"Dagger Spray","floor":6,"key":"SMITH"},{"data":"Bane","floor":8,"key":"SMITH"},{"floor":15,"key":"REST"},{"data":"Storm of Steel","floor":23,"key":"SMITH"},{"data":"Footwork","floor":27,"key":"SMITH"}],"path_taken":["M","?","?","M","$","R","E","R","T","M","E","M","M","M","R","BOSS","M","?","$","M","?","R","M","M","T","R","M","M","?","M"],"build_version":"2018-05-17","seed_source_timestamp":9016699160288,"purchased_purges":1,"victory":false,"master_deck":["Defend_G","Defend_G","Defend_G+1","Defend_G+1","Strike_G","Strike_G","Strike_G","Strike_G","Strike_G+1","Survivor","Neutralize","Adrenaline","Outmaneuver","Bane+1","Cloak And Dagger+1","Dagger Spray+1","Grand Finale","Riddle With Holes","Dagger Spray","Infinite Blades","Poisoned Stab","Poisoned Stab","Storm of Steel+1","Quick Slash","Cloak And Dagger+1","Footwork+1","Backflip+1","Writhe","Poisoned Stab","Poisoned Stab+1","Leg Sweep+1","All Out Attack","Decay"],"max_hp_per_floor":[70,70,70,70,70,70,70,70,70,70,70,70,70,70,70,70,75,75,75,75,75,75,75,75,75,75,75,75,75,75,75],"relics":["Ring of the Snake","Bronze Scales","Anchor","Tough Bandages","Tiny House","Kunai","War Paint","Boot"],"card_choices":[{"not_picked":["Slice","Malaise"],"picked":"Outmaneuver","floor":1},{"not_picked":["Underhanded Strike","Backflip"],"picked":"Bane","floor":3},{"not_picked":["Deadly Poison","Quick Slash"],"picked":"Cloak And Dagger","floor":4},{"not_picked":["Cloak And Dagger","Catalyst"],"picked":"Grand Finale","floor":7},{"not_picked":["Cloak And Dagger","Quick Slash"],"picked":"Riddle With Holes","floor":10},{"not_picked":["Deflect","Crippling Poison"],"picked":"Dagger Spray","floor":11},{"not_picked":["Riddle With Holes","Dagger Spray"],"picked":"Infinite Blades","floor":12},{"not_picked":["Slice","Dodge and Roll"],"picked":"Poisoned Stab","floor":13},{"not_picked":["Flying Knee","Sucker Punch"],"picked":"Poisoned Stab","floor":14},{"not_picked":["A Thousand Cuts","Burst"],"picked":"Storm of Steel","floor":16},{"not_picked":["Underhanded Strike","Acrobatics"],"picked":"Quick Slash","floor":17},{"not_picked":["A Thousand Cuts","Acrobatics"],"picked":"Cloak And Dagger+1","floor":18},{"not_picked":["Quick Slash","Slice+1"],"picked":"Backflip","floor":21},{"not_picked":["Eviscerate","Masterful Stab"],"picked":"Poisoned Stab","floor":24},{"not_picked":["Flying Knee","Deadly Poison"],"picked":"Poisoned Stab+1","floor":25},{"not_picked":["Deadly Poison","Infinite Blades"],"picked":"Leg Sweep+1","floor":28},{"not_picked":["Backflip","Dash"],"picked":"All Out Attack","floor":29}],"player_experience":154229,"potions_floor_usage":[16,21,28,31],"damage_taken":[{"damage":5,"enemies":"Small Slimes","floor":1,"turns":4},{"damage":0,"enemies":"2 Louse","floor":3,"turns":3},{"damage":1,"enemies":"Cultist","floor":4,"turns":4},{"damage":5,"enemies":"3 Sentries","floor":7,"turns":7},{"damage":0,"enemies":"Red Slaver","floor":10,"turns":3},{"damage":27,"enemies":"Lagavulin","floor":11,"turns":6},{"damage":8,"enemies":"Large Slime","floor":12,"turns":4},{"damage":0,"enemies":"3 Louse","floor":13,"turns":2},{"damage":0,"enemies":"Exordium Wildlife","floor":14,"turns":2},{"damage":28,"enemies":"Hexaghost","floor":16,"turns":8},{"damage":3,"enemies":"3 Byrds","floor":18,"turns":3},{"damage":20,"enemies":"Shell Parasite","floor":21,"turns":6},{"damage":8,"enemies":"Snecko","floor":24,"turns":4},{"damage":2,"enemies":"Centurion and Healer","floor":25,"turns":7},{"damage":21,"enemies":"3 Cultists","floor":28,"turns":4},{"damage":10,"enemies":"Sentry and Sphere","floor":29,"turns":5},{"damage":20,"enemies":"Snake Plant","floor":31,"turns":2}],"relics_obtained":[{"floor":7,"key":"Bronze Scales"},{"floor":9,"key":"Anchor"},{"floor":11,"key":"Tough Bandages"},{"floor":26,"key":"Boot"}],"event_choices":[{"event_name":"Shining Light","player_choice":"Entered Light","floor":2,"damage_taken":0},{"event_name":"The Library","player_choice":"Read","floor":19,"damage_taken":0},{"event_name":"The Mausoleum","player_choice":"Yes","floor":22,"damage_taken":0},{"event_name":"Forgotten Altar","player_choice":"Smashed Altar","floor":30,"damage_taken":0}],"boss_relics":[{"not_picked":["Ectoplasm","Cursed Key"],"picked":"Tiny House"}],"potions_floor_spawned":[3,7,11,12,16,24,25],"seed_played":"6533095667352068821","killed_by":"Snake Plant","ascension_level":0,"potions_obtained":[{"floor":3,"key":"FairyPotion"},{"floor":7,"key":"SteroidPotion"},{"floor":11,"key":"GamblersBrew"},{"floor":12,"key":"Block Potion"},{"floor":16,"key":"LiquidBronze"},{"floor":24,"key":"LiquidBronze"},{"floor":25,"key":"Fire Potion"}],"is_trial":false}