{"gold_per_floor":[119,119,119,131,142,142,20,32,32,32,32,32,60,60],"floor_reached":14,"playtime":372,"items_purged":["Strike_B"],"score":101,"play_id":"830b9836-ecd4-458a-a130-ef440a997ec7","local_time":"20181012031341","is_ascension_mode":true,"campfire_choices":[{"floor":6,"key":"REST"},{"data":"White Noise","floor":10,"key":"SMITH"}],"neow_cost":"CURSE","seed_source_timestamp":28563648666172,"circlet_count":0,"master_deck":["Strike_B","Strike_B","Strike_B","Defend_B","Defend_B","Defend_B","Defend_B","Zap","Dualcast","Echo Form","Go for the Eyes","Doom and Gloom","Redo","White Noise+1","Ball Lightning+1"],"relics":["Cracked Core","Ancient Tea Set","Pantograph","Molten Egg 2","Shuriken"],"potions_floor_usage":[],"damage_taken":[{"damage":14,"enemies":"2 Louse","floor":1,"turns":2},{"damage":7,"enemies":"Small Slimes","floor":4,"turns":3},{"damage":4,"enemies":"Jaw Worm","floor":5,"turns":2},{"damage":10,"enemies":"Exordium Thugs","floor":8,"turns":4},{"damage":34,"enemies":"Gremlin Nob","floor":13,"turns":4},{"damage":18,"enemies":"Red Slaver","floor":14,"turns":2}],"seed_played":"531438605516262889","potions_obtained":[{"floor":8,"key":"SkillPotion"},{"floor":13,"key":"EntropicBrew"}],"is_trial":false,"path_per_floor":["M","?","T","M","M","R","$","M","T","R","$","?","E"],"character_chosen":"DEFECT","items_purchased":["Redo"],"campfire_rested":1,"item_purchase_floors":[7],"current_hp_per_floor":[61,49,49,42,38,60,60,50,50,50,50,50,16,0],"gold":60,"neow_bonus":"THREE_RARE_CARDS","is_prod":false,"is_daily":false,"chose_seed":false,"campfire_upgraded":1,"win_rate":0,"timestamp":1539306821,"path_taken":["M","?","?","?","M","R","$","M","T","R","?","?","E","M"],"build_version":"2018-10-11","purchased_purges":1,"victory":false,"max_hp_per_floor":[75,75,75,75,75,75,75,75,75,75,75,75,75,75],"card_choices":[{"not_picked":["Amplify","Thunder Strike"],"picked":"Echo Form","floor":0},{"not_picked":["Cold Snap","Compile Driver","Stack"],"picked":"SKIP","floor":1},{"not_picked":["Reprogram","Scrape"],"picked":"Go for the Eyes","floor":4},{"not_picked":["Core Surge","Stack"],"picked":"Doom and Gloom","floor":5},{"not_picked":["Hologram","Undo"],"picked":"White Noise","floor":8},{"not_picked":["Double Energy","Skim"],"picked":"Ball Lightning+1","floor":13}],"player_experience":335157,"relics_obtained":[{"floor":3,"key":"Pantograph"},{"floor":9,"key":"Molten Egg 2"},{"floor":13,"key":"Shuriken"}],"event_choices":[{"event_name":"Scrap Ooze","player_choice":"success","floor":2,"damage_taken":12},{"event_name":"Fountain of Cleansing","player_choice":"Removed Curse","floor":12,"damage_taken":0}],"is_beta":false,"boss_relics":[],"items_purged_floors":[7],"is_endless":false,"potions_floor_spawned":[8,13],"killed_by":"Red Slaver","ascension_level":3}