{"path_per_floor":["M","M","?","?","M","R","M","M","T","M","M","R","M","?","R","B",null,"M","M","?","?","M","R","?","R","T","$","?","R","M","M","R"],"character_chosen":"THE_SILENT","items_purchased":["Toxic Egg 2"],"gold_per_floor":[114,134,134,134,152,152,165,183,183,201,219,219,243,311,311,437,437,451,470,470,470,484,484,484,484,484,158,158,158,169,182,182],"floor_reached":33,"campfire_rested":2,"playtime":3056,"current_hp_per_floor":[67,67,50,43,41,41,41,41,41,41,35,35,35,19,40,34,70,68,63,63,63,16,37,80,80,80,80,80,80,63,54,54],"items_purged":["Defend_G"],"gold":182,"score":241,"play_id":"3d874e6d-94e3-4c33-b5b4-6590a1861bf2","is_prod":false,"is_daily":false,"is_ascension_mode":false,"campfire_upgraded":5,"path_taken":["M","M","?","?","M","R","?","M","T","M","M","R","?","?","R","BOSS","M","M","?","?","?","R","?","R","T","?","?","R","M","?","R","BOSS"],"build_version":"2018-02-08-PROD1","purchased_purges":1,"victory":false,"master_deck":["Defend_G","Defend_G","Defend_G","Defend_G","Strike_G","Strike_G","Strike_G","Strike_G","Survivor","Neutralize","Deadly Poison+1","Escape Plan","Endless Agony","Backstab+1","Endless Agony","Catalyst+1","Acrobatics","Poisoned Stab","Skewer","Venomology","Backstab+1","Endless Agony","Deadly Poison+1","Outmaneuver+1","Dash+1"],"max_hp_per_floor":[70,70,70,70,70,70,70,70,70,70,70,70,70,70,70,70,70,70,70,70,70,70,70,80,80,80,80,80,80,80,80,80],"relics":["Ring of the Snake","Bloody Idol","Bag of Preparation","White Beast Statue","Nloth\u0027s Gift","Unceasing Top","Toxic Egg 2"],"card_choices":[{"not_picked":["Backstab","Caltrops"],"picked":"Deadly Poison"},{"not_picked":["Masterful Stab","Footwork"],"picked":"Escape Plan"},{"not_picked":["Dagger Throw","Deflect"],"picked":"Endless Agony"},{"not_picked":["Riddle With Holes","Well Laid Plans"],"picked":"Backstab"},{"not_picked":["Acrobatics","Outmaneuver"],"picked":"Endless Agony"},{"not_picked":["Well Laid Plans","Sucker Punch"],"picked":"Catalyst"},{"not_picked":["All Out Attack","Dagger Throw"],"picked":"Acrobatics"},{"not_picked":["Acrobatics","Deflect"],"picked":"Poisoned Stab"},{"not_picked":["Unload","Acrobatics"],"picked":"Skewer"},{"not_picked":["A Thousand Cuts","Bullet Time"],"picked":"Venomology"},{"not_picked":["Acrobatics","PiercingWail"],"picked":"Backstab"},{"not_picked":["Slice","Dodge and Roll"],"picked":"Endless Agony"},{"not_picked":["Outmaneuver","Deflect"],"picked":"Deadly Poison"},{"not_picked":["Deadly Poison","PiercingWail"],"picked":"Outmaneuver"},{"not_picked":["Deflect","Sucker Punch"],"picked":"Dash"}],"player_experience":76998,"potions_floor_usage":[16,18,18,19,22,30,30,31,31,33,33,33,33],"damage_taken":[{"damage":3,"enemies":"Small Slimes","floor":1,"turns":3},{"damage":0,"enemies":"Jaw Worm","floor":2,"turns":3},{"damage":2,"enemies":"2 Louse","floor":5,"turns":2},{"damage":0,"enemies":"Large Slime","floor":7,"turns":3},{"damage":0,"enemies":"Red Slaver","floor":8,"turns":3},{"damage":0,"enemies":"Lots of Slimes","floor":10,"turns":3},{"damage":6,"enemies":"Large Slime","floor":11,"turns":6},{"damage":0,"enemies":"3 Louse","floor":13,"turns":2},{"damage":16,"enemies":"Lagavulin Event","floor":14,"turns":5},{"damage":6,"enemies":"Slime Boss","floor":16,"turns":9},{"damage":2,"enemies":"Chosen","floor":18,"turns":4},{"damage":5,"enemies":"Spheric Guardian","floor":19,"turns":3},{"damage":52,"enemies":"Cultist and Chosen","floor":22,"turns":7},{"damage":22,"enemies":"Snake Plant","floor":30,"turns":5},{"damage":14,"enemies":"Snecko","floor":31,"turns":4},{"damage":71,"enemies":"Champ","floor":33,"turns":11}],"event_choices":[{"event_name":"Golden Idol","player_choice":"Take Damage","floor":3,"damage_taken":0},{"event_name":"Golden Wing","player_choice":"Card Removal","floor":4,"damage_taken":0},{"event_name":"Dead Adventurer","player_choice":"Searched \u00273\u0027 times","floor":14,"damage_taken":0},{"event_name":"N\u0027loth","player_choice":"Traded a Calipers","floor":20,"damage_taken":0},{"event_name":"Forgotten Altar","player_choice":"Gave Idol","floor":21,"damage_taken":0},{"event_name":"Bonfire Elementals","player_choice":"RARE","floor":24,"damage_taken":0},{"event_name":"Upgrade Shrine","player_choice":"Upgraded","floor":28,"damage_taken":0}],"boss_relics":[{"not_picked":["Cursed Key","Sozu"],"picked":"White Beast Statue"}],"potions_floor_spawned":[5,7,11,13,16,18,19,22,30,31],"seed_played":"-3333975966956505299","killed_by":"Champ","ascension_level":0,"is_trial":false}