{"gold_per_floor":[112,112,128,74,84,84,98,127,127,127,146,146,146,146,146,247,247,259,259,269,107,107,107,125,125,173,205,205,219,219,10,10,10],"floor_reached":33,"playtime":1602,"items_purged":["Doubt"],"score":367,"play_id":"96c58f64-ebf7-4058-afee-26457d25b263","local_time":"20190604023914","is_ascension_mode":true,"campfire_choices":[{"data":"Flex","floor":6,"key":"SMITH"},{"data":"Infernal Blade","floor":10,"key":"SMITH"},{"data":"Flex","floor":12,"key":"SMITH"},{"data":"Bash","floor":15,"key":"SMITH"},{"data":"Feed","floor":23,"key":"SMITH"},{"data":"Infernal Blade","floor":25,"key":"SMITH"},{"data":"Limit Break","floor":32,"key":"SMITH"}],"neow_cost":"NONE","seed_source_timestamp":6149376605100,"circlet_count":0,"master_deck":["Strike_R","Strike_R","Strike_R","Strike_R","Strike_R","Defend_R","Defend_R","Defend_R","Bash+1","Impervious","Rupture","Flex+1","Flex+1","Twin Strike","Blood for Blood+1","Infernal Blade+1","Clash","Feed+1","Injury","Injury","Shockwave","Purity","Infernal Blade+1","Clash","Iron Wave","Limit Break+1","Inflame"],"relics":["Burning Blood","Paper Frog","Meat on the Bone","Calling Bell","Bag of Preparation","Pear","Thread and Needle","Blood Vial","Self Forming Clay","Art of War"],"potions_floor_usage":[8,16,16,24,29],"damage_taken":[{"damage":1,"enemies":"Small Slimes","floor":1,"turns":4},{"damage":3,"enemies":"Jaw Worm","floor":3,"turns":5},{"damage":10,"enemies":"Cultist","floor":5,"turns":4},{"damage":1,"enemies":"2 Fungi Beasts","floor":7,"turns":3},{"damage":20,"enemies":"Lagavulin","floor":8,"turns":5},{"damage":0,"enemies":"Looter","floor":11,"turns":1},{"damage":48,"enemies":"Hexaghost","floor":16,"turns":8},{"damage":29,"enemies":"2 Thieves","floor":18,"turns":4},{"damage":13,"enemies":"Shell Parasite","floor":20,"turns":4},{"damage":39,"enemies":"Shelled Parasite and Fungi","floor":24,"turns":5},{"damage":24,"enemies":"Gremlin Leader","floor":27,"turns":4},{"damage":15,"enemies":"Snake Plant","floor":29,"turns":2},{"damage":111,"enemies":"Automaton","floor":33,"turns":10}],"seed_played":"-6792953832331036216","potions_obtained":[{"floor":3,"key":"Poison Potion"},{"floor":5,"key":"BloodPotion"},{"floor":8,"key":"Strength Potion"},{"floor":11,"key":"Regen Potion"},{"floor":18,"key":"FairyPotion"},{"floor":27,"key":"Poison Potion"}],"is_trial":false,"path_per_floor":["M","?","M","$","M","R","M","E","T","R","M","R","?","?","R","B",null,"M","?","M","$","?","R","M","R","T","E","?","M","?","$","R","B"],"character_chosen":"IRONCLAD","items_purchased":["Flex","Purity","Limit Break","Inflame"],"campfire_rested":0,"item_purchase_floors":[4,21,31,31],"current_hp_per_floor":[77,70,73,73,69,69,74,60,60,60,66,66,71,71,71,55,88,65,65,61,61,61,61,49,49,49,45,45,50,82,82,82,0],"gold":10,"neow_bonus":"ONE_RANDOM_RARE_CARD","is_prod":false,"is_daily":false,"chose_seed":false,"campfire_upgraded":7,"win_rate":0,"timestamp":1559608754,"path_taken":["M","?","M","$","M","R","M","E","T","R","M","R","?","?","R","BOSS","M","?","M","$","?","R","M","R","T","E","?","M","?","$","R","BOSS"],"build_version":"2019-01-23","purchased_purges":1,"victory":false,"max_hp_per_floor":[80,80,80,80,80,80,80,80,80,80,80,80,85,85,85,85,95,95,95,98,98,98,98,98,98,98,98,98,98,98,98,98,98],"card_choices":[{"not_picked":["Armaments","Havoc"],"picked":"Rupture","floor":1},{"not_picked":["Shrug It Off","Cleave"],"picked":"Flex","floor":3},{"not_picked":["Reckless Charge","Body Slam"],"picked":"Twin Strike","floor":5},{"not_picked":["Armaments","Wild Strike"],"picked":"Blood for Blood","floor":7},{"not_picked":["Armaments","Sever Soul"],"picked":"Infernal Blade","floor":8},{"not_picked":["Headbutt","Reckless Charge"],"picked":"Clash","floor":11},{"not_picked":["Barricade","Immolate"],"picked":"Feed","floor":16},{"not_picked":["Feel No Pain","True Grit","Second Wind"],"picked":"SKIP","floor":18},{"not_picked":["Anger","Corruption"],"picked":"Shockwave","floor":20},{"not_picked":["Battle Trance+1","Thunderclap"],"picked":"Infernal Blade","floor":24},{"not_picked":["Thunderclap","Juggernaut"],"picked":"Clash","floor":27},{"not_picked":["Anger","Sever Soul"],"picked":"Iron Wave","floor":29}],"player_experience":588775,"relics_obtained":[{"floor":8,"key":"Paper Frog"},{"floor":9,"key":"Meat on the Bone"},{"floor":17,"key":"Bag of Preparation"},{"floor":17,"key":"Pear"},{"floor":17,"key":"Thread and Needle"},{"floor":26,"key":"Blood Vial"},{"floor":27,"key":"Self Forming Clay"}],"event_choices":[{"cards_removed":["Defend_R"],"damage_healed":0,"gold_gain":0,"player_choice":"Card Removal","damage_taken":7,"max_hp_gain":0,"max_hp_loss":0,"event_name":"Golden Wing","floor":2,"gold_loss":0},{"damage_healed":0,"gold_gain":0,"player_choice":"Donut","damage_taken":0,"max_hp_gain":5,"max_hp_loss":0,"event_name":"Big Fish","floor":13,"gold_loss":0},{"damage_healed":0,"gold_gain":0,"player_choice":"Upgraded","damage_taken":0,"max_hp_gain":0,"max_hp_loss":0,"event_name":"Upgrade Shrine","floor":14,"gold_loss":0,"cards_upgraded":["Blood for Blood"]},{"damage_healed":0,"gold_gain":0,"cards_transformed":["Normality","Writhe"],"player_choice":"Became Test Subject","damage_taken":0,"max_hp_gain":0,"max_hp_loss":0,"event_name":"Drug Dealer","floor":19,"gold_loss":0,"cards_obtained":["Doubt","Injury"]},{"damage_healed":0,"gold_gain":0,"player_choice":"Ignored","damage_taken":0,"max_hp_gain":0,"max_hp_loss":0,"event_name":"Ghosts","floor":22,"gold_loss":0},{"damage_healed":0,"gold_gain":0,"player_choice":"Opened","damage_taken":0,"relics_obtained":["Art of War"],"max_hp_gain":0,"max_hp_loss":0,"event_name":"The Mausoleum","floor":28,"gold_loss":0},{"damage_healed":32,"gold_gain":0,"player_choice":"Heal","damage_taken":0,"max_hp_gain":0,"max_hp_loss":0,"event_name":"The Library","floor":30,"gold_loss":0}],"is_beta":false,"boss_relics":[{"not_picked":["Coffee Dripper","Ectoplasm"],"picked":"Calling Bell"}],"items_purged_floors":[21],"is_endless":false,"potions_floor_spawned":[3,5,8,11,18,27],"killed_by":"Automaton","ascension_level":6}