{"gold_per_floor":[115,115,115,132,207,207,207,225,225,241,416,11,11,21,21,124,124,134,234,28,28,4,4,4],"floor_reached":24,"playtime":1615,"items_purged":["Strike_G"],"score":218,"play_id":"0d549c7b-00b4-4d6c-9df1-b73c88eb3a80","local_time":"20190313014031","is_ascension_mode":true,"campfire_choices":[{"data":"Neutralize","floor":6,"key":"SMITH"},{"data":"Panache","floor":13,"key":"SMITH"},{"data":"Blur","floor":15,"key":"SMITH"},{"floor":23,"key":"REST"}],"neow_cost":"NONE","seed_source_timestamp":108775752694000,"circlet_count":0,"master_deck":["Defend_G","Defend_G","Defend_G","Defend_G","Defend_G","Strike_G","Strike_G","Survivor","Neutralize+1","After Image","Blade Dance","Blur+1","Flying Knee","Poisoned Stab","Doubt","Panache+1","Impatience","Blade Dance","Crippling Poison","After Image","Bullet Time","Distraction","Deadly Poison","Flying Knee","Dagger Spray","Flying Knee+1","Backflip+1","Dodge and Roll"],"relics":["Ring of the Snake","Torii","Orrery","Calipers","Kunai","TwistedFunnel"],"potions_floor_usage":[14,14,18,24],"damage_taken":[{"damage":6,"enemies":"2 Louse","floor":1,"turns":4},{"damage":1,"enemies":"Jaw Worm","floor":4,"turns":5},{"damage":0,"enemies":"Small Slimes","floor":8,"turns":6},{"damage":1,"enemies":"2 Fungi Beasts","floor":10,"turns":4},{"damage":0,"enemies":"3 Louse","floor":14,"turns":2},{"damage":1,"enemies":"Hexaghost","floor":16,"turns":11},{"damage":1,"enemies":"Shell Parasite","floor":18,"turns":7},{"damage":22,"enemies":"Colosseum Slavers","floor":19,"turns":4},{"damage":34,"enemies":"Colosseum Nobs","floor":19,"turns":5},{"damage":33,"enemies":"Slavers","floor":24,"turns":4}],"seed_played":"3534187767149908554","potions_obtained":[{"floor":4,"key":"Block Potion"},{"floor":8,"key":"AttackPotion"},{"floor":10,"key":"Fire Potion"},{"floor":21,"key":"GhostInAJar"},{"floor":21,"key":"Ancient Potion"},{"floor":21,"key":"SteroidPotion"}],"is_trial":false,"path_per_floor":["M","?","?","M","?","R","?","M","T","M","?","$","R","M","R","B",null,"M","?","$","?","$","R","E"],"character_chosen":"THE_SILENT","items_purchased":["Panache","Impatience","Blade Dance","TwistedFunnel","Dodge and Roll"],"campfire_rested":1,"item_purchase_floors":[12,12,12,20,22],"current_hp_per_floor":[64,69,62,61,50,50,50,50,50,49,49,49,49,49,49,48,75,74,18,18,18,18,40,7],"gold":4,"neow_bonus":"ONE_RANDOM_RARE_CARD","is_prod":false,"is_daily":false,"chose_seed":false,"campfire_upgraded":3,"win_rate":0,"timestamp":1552437631,"path_taken":["M","?","?","M","?","R","?","M","T","M","?","$","R","?","R","BOSS","M","?","$","?","$","R","E"],"build_version":"2019-01-23","purchased_purges":1,"victory":false,"max_hp_per_floor":[70,75,75,75,75,75,75,75,75,75,75,75,75,75,75,75,75,75,75,75,75,75,75,75],"card_choices":[{"not_picked":["Backflip","Terror"],"picked":"Blade Dance","floor":1},{"not_picked":["Caltrops","Deflect"],"picked":"Blur","floor":4},{"not_picked":["Flechettes","Underhanded Strike"],"picked":"Flying Knee","floor":8},{"not_picked":["All Out Attack","Underhanded Strike"],"picked":"Poisoned Stab","floor":10},{"not_picked":["Terror","Underhanded Strike"],"picked":"Crippling Poison","floor":14},{"not_picked":["Malaise","A Thousand Cuts"],"picked":"After Image","floor":16},{"not_picked":["Backflip","Well Laid Plans"],"picked":"Bullet Time","floor":17},{"not_picked":["Prepared","Slice"],"picked":"Distraction","floor":17},{"not_picked":["Slice","Distraction"],"picked":"Deadly Poison","floor":17},{"not_picked":["Deflect","Quick Slash"],"picked":"Flying Knee","floor":17},{"not_picked":["All Out Attack","Riddle With Holes"],"picked":"Dagger Spray","floor":17},{"not_picked":["Reflex+1","Acrobatics"],"picked":"Flying Knee+1","floor":18},{"not_picked":["Quick Slash","Dodge and Roll"],"picked":"Backflip+1","floor":19}],"player_experience":471328,"relics_obtained":[{"floor":9,"key":"Torii"},{"floor":19,"key":"Calipers"},{"floor":19,"key":"Kunai"}],"event_choices":[{"damage_healed":0,"gold_gain":0,"player_choice":"Donut","damage_taken":0,"max_hp_gain":5,"max_hp_loss":0,"event_name":"Big Fish","floor":2,"gold_loss":0},{"cards_removed":["Strike_G"],"damage_healed":0,"gold_gain":0,"player_choice":"Card Removal","damage_taken":7,"max_hp_gain":0,"max_hp_loss":0,"event_name":"Golden Wing","floor":3,"gold_loss":0},{"damage_healed":0,"gold_gain":75,"player_choice":"Gather Gold","damage_taken":11,"max_hp_gain":0,"max_hp_loss":0,"event_name":"World of Goop","floor":5,"gold_loss":0},{"cards_removed":["Strike_G"],"damage_healed":0,"gold_gain":0,"player_choice":"Forget","damage_taken":0,"max_hp_gain":0,"max_hp_loss":0,"event_name":"Living Wall","floor":7,"gold_loss":0},{"damage_healed":0,"gold_gain":175,"player_choice":"AGREE","damage_taken":0,"max_hp_gain":0,"max_hp_loss":0,"event_name":"Liars Game","floor":11,"gold_loss":0,"cards_obtained":["Doubt"]},{"damage_healed":0,"gold_gain":0,"player_choice":"Fight","damage_taken":0,"max_hp_gain":0,"max_hp_loss":0,"event_name":"Colosseum","floor":19,"gold_loss":0},{"damage_healed":0,"gold_gain":0,"player_choice":"Fought Nobs","damage_taken":0,"max_hp_gain":0,"max_hp_loss":0,"event_name":"Colosseum","floor":19,"gold_loss":0},{"damage_healed":0,"gold_gain":0,"player_choice":"Got Potions","damage_taken":0,"max_hp_gain":0,"max_hp_loss":0,"event_name":"Lab","floor":21,"gold_loss":0}],"is_beta":false,"boss_relics":[{"not_picked":["Philosopher\u0027s Stone","HoveringKite"],"picked":"Orrery"}],"items_purged_floors":[12],"is_endless":false,"potions_floor_spawned":[4,8,10,19],"killed_by":"Slavers","ascension_level":4}