{"gold_per_floor":[112,132,57,69,85,85,113,41,68,98,98,111,131,164,164,269,269,285,297,308,324,157,157,157,157],"floor_reached":25,"playtime":1526,"items_purged":["Strike_B","Strike_B"],"score":226,"play_id":"e0e5d8f4-cd07-4559-82f6-8ee4e4dd9f46","local_time":"20180713003016","is_ascension_mode":true,"campfire_choices":[{"data":"Zap","floor":6,"key":"SMITH"},{"data":"Redo","floor":11,"key":"SMITH"},{"data":"Storm","floor":15,"key":"SMITH"},{"data":"Static Discharge","floor":23,"key":"SMITH"}],"neow_cost":"","seed_source_timestamp":88852427885956,"circlet_count":0,"master_deck":["Strike_B+1","Strike_B+1","Defend_B+1","Defend_B+1","Defend_B+1","Defend_B+1","Zap+1","Dualcast","Redo+1","Conserve Battery","White Noise","Double Energy","Defragment","Glacier","Self Repair","Storm+1","Seek","Doom and Gloom","Fission","Static Discharge+1","Coolheaded","Redo","Barrage+1","Defragment","Hello World+1","Self Repair"],"relics":["Cracked Core","Regal Pillow","Bronze Scales","Strawberry","Orrery"],"potions_floor_usage":[7,14,14,16,25,25],"damage_taken":[{"damage":0,"enemies":"2 Louse","floor":1,"turns":2},{"damage":0,"enemies":"Cultist","floor":2,"turns":3},{"damage":1,"enemies":"Jaw Worm","floor":4,"turns":3},{"damage":19,"enemies":"Lots of Slimes","floor":5,"turns":4},{"damage":27,"enemies":"Gremlin Nob","floor":7,"turns":4},{"damage":5,"enemies":"Gremlin Gang","floor":12,"turns":4},{"damage":0,"enemies":"2 Fungi Beasts","floor":13,"turns":3},{"damage":15,"enemies":"Lagavulin","floor":14,"turns":6},{"damage":3,"enemies":"Hexaghost","floor":16,"turns":9},{"damage":30,"enemies":"2 Thieves","floor":18,"turns":3},{"damage":7,"enemies":"3 Byrds","floor":19,"turns":1},{"damage":9,"enemies":"Centurion and Healer","floor":20,"turns":5},{"damage":27,"enemies":"Snecko","floor":21,"turns":6},{"damage":23,"enemies":"Book of Stabbing","floor":25,"turns":3}],"seed_played":"-3325679326645702223","potions_obtained":[{"floor":2,"key":"EssenceOfSteel"},{"floor":5,"key":"EssenceOfSteel"},{"floor":7,"key":"AttackPotion"},{"floor":12,"key":"Block Potion"},{"floor":16,"key":"Ancient Potion"},{"floor":19,"key":"Poison Potion"},{"floor":20,"key":"Block Potion"}],"is_trial":false,"path_per_floor":["M","M","$","M","M","R","E","$","T","?","R","M","M","E","R","B",null,"M","M","M","M","$","R","?"],"character_chosen":"DEFECT","items_purchased":["Defragment","Self Repair"],"campfire_rested":0,"item_purchase_floors":[8,22],"current_hp_per_floor":[75,75,75,74,55,55,28,28,28,28,28,23,23,22,22,26,82,59,52,43,23,23,23,23,0],"gold":157,"neow_bonus":"","is_prod":false,"is_daily":false,"chose_seed":false,"campfire_upgraded":4,"win_rate":0,"timestamp":1531434616,"path_taken":["M","M","$","M","M","R","E","$","T","?","R","M","M","E","R","BOSS","M","?","?","M","$","R","?","E"],"build_version":"2018-07-05","purchased_purges":2,"victory":false,"max_hp_per_floor":[75,75,75,75,75,75,75,75,75,75,75,75,75,82,82,82,82,82,82,82,82,82,82,82,82],"card_choices":[{"not_picked":["Go for the Eyes","Compile Driver"],"picked":"Redo","floor":1},{"not_picked":["BootSequence","Fusion"],"picked":"Conserve Battery","floor":2},{"not_picked":["Lockon","Sweeping Beam"],"picked":"White Noise","floor":4},{"not_picked":["Rebound","Turbo","Aggregate"],"picked":"SKIP","floor":5},{"not_picked":["Recycle","Redo"],"picked":"Double Energy","floor":7},{"not_picked":["Cold Snap","Barrage"],"picked":"Glacier","floor":12},{"not_picked":["Stack","Compile Driver"],"picked":"Self Repair","floor":13},{"not_picked":["Self Repair","Static Discharge"],"picked":"Storm","floor":14},{"not_picked":["Meteor Strike","Multi-Cast"],"picked":"Seek","floor":16},{"not_picked":["Streamline","Stack"],"picked":"Doom and Gloom","floor":17},{"not_picked":["Cold Snap","Streamline"],"picked":"Fission","floor":17},{"not_picked":["Reprogram","FTL"],"picked":"Static Discharge","floor":17},{"not_picked":["Stack","Rebound"],"picked":"Coolheaded","floor":17},{"not_picked":["Ball Lightning","Turbo"],"picked":"Redo","floor":17},{"not_picked":["Ball Lightning","Multi-Cast"],"picked":"Barrage+1","floor":18},{"not_picked":["Streamline+1","Go for the Eyes+1"],"picked":"Defragment","floor":19},{"not_picked":["Beam Cell","Turbo","Redo"],"picked":"SKIP","floor":20},{"not_picked":["Rebound","Capacitor"],"picked":"Hello World+1","floor":21}],"player_experience":175007,"relics_obtained":[{"floor":7,"key":"Regal Pillow"},{"floor":9,"key":"Bronze Scales"},{"floor":14,"key":"Strawberry"}],"event_choices":[{"event_name":"Dead Adventurer","player_choice":"Searched \u00271\u0027 times","floor":10,"damage_taken":0},{"event_name":"Back to Basics","player_choice":"Simplicity","floor":24,"damage_taken":0}],"boss_relics":[{"not_picked":["Ectoplasm","Sozu"],"picked":"Orrery"}],"items_purged_floors":[3,22],"is_endless":false,"potions_floor_spawned":[2,5,7,12,13,16,19,20],"killed_by":"Book of Stabbing","ascension_level":1}