{"gold_per_floor":[116,116,132,107,107,107,107,132,132,142,142,158,158,11,11,110,110,126,126,139,158,158,174,174,174,198,217,217,217,217,233,233,333,333,349,365,365,365,86,86,101,101,101,113,126,126,126,157,157,157],"floor_reached":50,"playtime":4491,"items_purged":["Armaments"],"score":545,"play_id":"30dcf79b-6724-4a04-9e28-cb6cd55cf13e","local_time":"20180702002758","daily_mods":["Draft"],"is_ascension_mode":false,"campfire_choices":[{"data":"Pommel Strike","floor":6,"key":"SMITH"},{"data":"Spot Weakness","floor":11,"key":"SMITH"},{"data":"Armaments","floor":13,"key":"SMITH"},{"data":"Inflame","floor":15,"key":"SMITH"},{"data":"RitualDagger","floor":24,"key":"SMITH"},{"data":"Seeing Red","floor":28,"key":"SMITH"},{"data":"Reaper","floor":32,"key":"SMITH"},{"data":"Transmutation","floor":40,"key":"SMITH"},{"data":"Exhume","floor":42,"key":"SMITH"},{"data":"Flex","floor":47,"key":"SMITH"},{"data":"Havoc","floor":49,"key":"SMITH"}],"neow_cost":"","seed_source_timestamp":0,"circlet_count":0,"master_deck":["Pommel Strike+1","Flex+1","Seeing Red+1","Pommel Strike+1","Shrug It Off","Clash","Iron Wave","Clash","Metallicize","Shrug It Off","Headbutt","Clash","Clash","Spot Weakness+1","Iron Wave","Inflame+1","Reaper+1","Flex+1","Battle Trance+1","RitualDagger+1","Body Slam+1","Flex+1","Exhume+1","Twin Strike+1","Second Wind+1","Havoc+1","Transmutation+1","Seeing Red+1","Intimidate+1"],"relics":["Burning Blood","Pear","Omamori","Champion Belt","Blood Vial","Eternal Feather","Happy Flower","Magic Flower","Centennial Puzzle","Astrolabe","Ice Cream","Dodecahedron","Regal Pillow"],"potions_floor_usage":[18,21,23,27,33,44,48,48],"damage_taken":[{"damage":0,"enemies":"Jaw Worm","floor":1,"turns":2},{"damage":0,"enemies":"2 Louse","floor":3,"turns":1},{"damage":0,"enemies":"3 Sentries","floor":8,"turns":3},{"damage":0,"enemies":"Cultist","floor":10,"turns":2},{"damage":0,"enemies":"Lots of Slimes","floor":12,"turns":2},{"damage":28,"enemies":"The Guardian","floor":16,"turns":5},{"damage":10,"enemies":"Shell Parasite","floor":18,"turns":5},{"damage":54,"enemies":"Chosen","floor":20,"turns":9},{"damage":8,"enemies":"Slaver and Parasite","floor":21,"turns":4},{"damage":19,"enemies":"Snake Plant","floor":23,"turns":4},{"damage":6,"enemies":"Centurion and Healer","floor":27,"turns":3},{"damage":28,"enemies":"Cultist and Chosen","floor":31,"turns":5},{"damage":69,"enemies":"Collector","floor":33,"turns":8},{"damage":16,"enemies":"3 Shapes","floor":35,"turns":5},{"damage":14,"enemies":"3 Darklings","floor":36,"turns":4},{"damage":2,"enemies":"Sphere and 2 Shapes","floor":41,"turns":3},{"damage":13,"enemies":"4 Shapes","floor":44,"turns":2},{"damage":28,"enemies":"3 Darklings","floor":45,"turns":5},{"damage":17,"enemies":"Giant Head","floor":48,"turns":6},{"damage":117,"enemies":"Time Eater","floor":50,"turns":8}],"seed_played":"5283863141142430946","potions_obtained":[{"floor":3,"key":"SteroidPotion"},{"floor":12,"key":"LiquidBronze"},{"floor":18,"key":"FearPotion"},{"floor":20,"key":"Energy Potion"},{"floor":31,"key":"Weak Potion"},{"floor":33,"key":"FearPotion"},{"floor":36,"key":"Weak Potion"},{"floor":41,"key":"Poison Potion"},{"floor":44,"key":"Ancient Potion"}],"is_trial":true,"path_per_floor":["M","?","M","$","?","R","?","E","T","M","R","M","R","$","R","B",null,"M","?","M","M","?","M","R","?","T","M","R","T","?","M","R","B",null,"M","M","?","T","$","R","M","R","T","M","M","?","R","E","R"],"character_chosen":"IRONCLAD","items_purchased":["Clash","Blood Vial","Transmutation"],"campfire_rested":0,"item_purchase_floors":[4,14,39],"current_hp_per_floor":[80,78,84,84,84,84,84,90,90,90,90,90,90,90,90,68,90,86,68,31,32,26,19,29,29,29,31,41,41,41,73,83,57,95,91,95,95,95,95,95,95,95,95,95,76,76,86,95,95,0],"gold":157,"neow_bonus":"","is_prod":false,"is_daily":false,"chose_seed":false,"campfire_upgraded":11,"win_rate":0,"timestamp":1530484078,"path_taken":["M","?","M","$","?","R","?","E","T","M","R","M","R","$","R","BOSS","M","?","M","?","?","M","R","?","T","M","R","?","?","M","R","BOSS","M","M","?","?","$","R","M","R","T","M","M","?","R","E","R","BOSS"],"build_version":"2018-06-28","purchased_purges":1,"victory":false,"max_hp_per_floor":[80,90,90,90,90,90,90,90,90,90,90,90,90,90,90,90,90,90,95,95,95,95,95,95,95,95,95,95,95,95,95,95,95,95,95,95,95,95,95,95,95,95,95,95,95,95,95,95,95,95],"card_choices":[{"not_picked":["Sword Boomerang","Corruption"],"picked":"Pommel Strike","floor":0},{"not_picked":["Twin Strike","Metallicize"],"picked":"Flex","floor":0},{"not_picked":["Fire Breathing","Heavy Blade"],"picked":"Flex","floor":0},{"not_picked":["Dual Wield","Carnage"],"picked":"Seeing Red","floor":0},{"not_picked":["Ghostly Armor","Perfected Strike"],"picked":"Pommel Strike","floor":0},{"not_picked":["Clothesline","Iron Wave"],"picked":"Rage","floor":0},{"not_picked":["Pommel Strike","Anger"],"picked":"Shrug It Off","floor":0},{"not_picked":["Anger","True Grit"],"picked":"Clash","floor":0},{"not_picked":["Body Slam","Carnage"],"picked":"Armaments","floor":0},{"not_picked":["Battle Trance","Thunderclap"],"picked":"Iron Wave","floor":0},{"not_picked":["Battle Trance","Havoc"],"picked":"Clash","floor":0},{"not_picked":["Warcry","Pummel"],"picked":"Metallicize","floor":0},{"not_picked":["Perfected Strike","Intimidate"],"picked":"Shrug It Off","floor":0},{"not_picked":["True Grit","Warcry"],"picked":"Headbutt","floor":0},{"not_picked":["Uppercut","Clothesline"],"picked":"Armaments","floor":0},{"not_picked":["Anger","Burning Pact","Wild Strike"],"picked":"SKIP","floor":1},{"not_picked":["Armaments","Perfected Strike"],"picked":"Clash","floor":3},{"not_picked":["Ghostly Armor","Sentinel"],"picked":"Spot Weakness","floor":8},{"not_picked":["Disarm","True Grit"],"picked":"Iron Wave","floor":10},{"not_picked":["Shrug It Off","Fire Breathing"],"picked":"Inflame","floor":12},{"not_picked":["Bludgeon","Juggernaut"],"picked":"Reaper","floor":16},{"not_picked":["Body Slam","Burning Pact"],"picked":"Flex","floor":18},{"not_picked":["Perfected Strike","Clash+1"],"picked":"Battle Trance+1","floor":20},{"not_picked":["Twin Strike","Anger","Shrug It Off"],"picked":"SKIP","floor":21},{"not_picked":["Havoc","Whirlwind"],"picked":"Body Slam+1","floor":23},{"not_picked":["Ghostly Armor","Brutality","Perfected Strike"],"picked":"SKIP","floor":27},{"not_picked":["Feel No Pain","Rampage"],"picked":"Flex+1","floor":31},{"not_picked":["Offering","Immolate"],"picked":"Exhume","floor":33},{"not_picked":["Armaments+1","Iron Wave","Flame Barrier"],"picked":"SKIP","floor":35},{"not_picked":["Flex","Headbutt"],"picked":"Havoc","floor":36},{"not_picked":["Iron Wave","Twin Strike","Body Slam"],"picked":"SKIP","floor":41},{"not_picked":["Intimidate","Headbutt","Twin Strike"],"picked":"SKIP","floor":44},{"not_picked":["True Grit+1","Evolve"],"picked":"Seeing Red+1","floor":45},{"not_picked":["Clash","Pommel Strike"],"picked":"Intimidate+1","floor":48}],"player_experience":136323,"relics_obtained":[{"floor":8,"key":"Omamori"},{"floor":9,"key":"Champion Belt"},{"floor":26,"key":"Happy Flower"},{"floor":29,"key":"Magic Flower"},{"floor":38,"key":"Ice Cream"},{"floor":43,"key":"Dodecahedron"},{"floor":48,"key":"Regal Pillow"}],"event_choices":[{"event_name":"Scrap Ooze","player_choice":"success","floor":2,"damage_taken":12},{"event_name":"Accursed Blacksmith","player_choice":"Forge","floor":5,"damage_taken":0},{"event_name":"Living Wall","player_choice":"Grow","floor":7,"damage_taken":0},{"event_name":"Forgotten Altar","player_choice":"Shed Blood","floor":19,"damage_taken":0},{"event_name":"Nest","player_choice":"Joined the Cult","floor":22,"damage_taken":0},{"event_name":"Cursed Tome","player_choice":"Ignored","floor":25,"damage_taken":0},{"event_name":"The Mausoleum","player_choice":"Yes","floor":30,"damage_taken":0},{"event_name":"Transmorgrifier","player_choice":"Transform","floor":37,"damage_taken":0},{"event_name":"Falling","player_choice":"Removed Skill","floor":46,"damage_taken":0}],"boss_relics":[{"not_picked":["Velvet Choker","Mark of Pain"],"picked":"Eternal Feather"},{"not_picked":["Runic Pyramid","Black Blood"],"picked":"Astrolabe"}],"items_purged_floors":[39],"is_endless":false,"potions_floor_spawned":[3,12,18,20,31,33,36,41,44],"killed_by":"Time Eater","ascension_level":0}