{"gold_per_floor":[19,34,309,320,12,12,24,24,50,68,68,119,132,79,79,181,181,197,50,0,0,13,13,13],"floor_reached":24,"playtime":1522,"items_purged":["Regret"],"score":214,"play_id":"8e6e3559-7edf-40c5-9eab-a46f30ece16f","local_time":"20181021022255","is_ascension_mode":true,"campfire_choices":[{"data":"Metamorphosis","floor":6,"key":"SMITH"},{"data":"Corruption","floor":8,"key":"SMITH"},{"data":"Demon Form","floor":11,"key":"SMITH"},{"data":"Clash","floor":15,"key":"SMITH"},{"floor":23,"key":"REST"}],"neow_cost":"NO_GOLD","seed_source_timestamp":56504195861863,"circlet_count":0,"master_deck":["Bash","Heavy Blade","Whirlwind","Metamorphosis+1","Thunderclap","Corruption+1","Demon Form+1","Heavy Blade","Clash+1","Berserk","Thunderclap","Blood for Blood","Armaments","Carnage","Wild Strike","Bloodletting","Sword Boomerang","Armaments","Spot Weakness+1","Flex"],"relics":["Burning Blood","Torii","Boot","Art of War","Pandora\u0027s Box","Red Skull"],"potions_floor_usage":[13,18,18],"damage_taken":[{"damage":7,"enemies":"Jaw Worm","floor":1,"turns":4},{"damage":6,"enemies":"Cultist","floor":2,"turns":3},{"damage":0,"enemies":"2 Louse","floor":4,"turns":1},{"damage":3,"enemies":"Large Slime","floor":7,"turns":4},{"damage":8,"enemies":"3 Louse","floor":10,"turns":4},{"damage":12,"enemies":"Gremlin Gang","floor":13,"turns":3},{"damage":30,"enemies":"Slime Boss","floor":16,"turns":9},{"damage":53,"enemies":"2 Thieves","floor":18,"turns":3},{"damage":14,"enemies":"Spheric Guardian","floor":22,"turns":3},{"damage":55,"enemies":"Book of Stabbing","floor":24,"turns":4}],"seed_played":"-7053124526621427227","potions_obtained":[{"floor":1,"key":"PowerPotion"},{"floor":7,"key":"EssenceOfSteel"},{"floor":10,"key":"Fire Potion"},{"floor":16,"key":"Ancient Potion"}],"is_trial":false,"path_per_floor":["M","M","?","M","$","R","M","R","T","M","R","T","M","$","R","B",null,"M","$","?","?","M","R"],"character_chosen":"IRONCLAD","items_purchased":["Metamorphosis","Thunderclap","Clash","Red Skull"],"campfire_rested":1,"item_purchase_floors":[5,5,14,19],"current_hp_per_floor":[79,79,79,80,80,80,80,80,80,78,78,78,72,72,72,48,80,33,33,33,33,25,49,0],"gold":13,"neow_bonus":"ONE_RARE_RELIC","is_prod":false,"is_daily":false,"chose_seed":false,"campfire_upgraded":4,"win_rate":0,"timestamp":1540081375,"path_taken":["M","M","?","M","$","R","M","R","T","M","R","?","M","?","R","BOSS","M","$","?","?","M","R","E"],"build_version":"2018-10-18","purchased_purges":1,"victory":false,"max_hp_per_floor":[80,80,80,80,80,80,80,80,80,80,80,80,80,80,80,80,80,80,80,80,80,80,80,80],"card_choices":[{"not_picked":["Bloodletting","Headbutt"],"picked":"Heavy Blade","floor":1},{"not_picked":["Entrench","Dual Wield"],"picked":"Whirlwind","floor":2},{"not_picked":["Armaments","Body Slam","Twin Strike"],"picked":"SKIP","floor":4},{"not_picked":["Cleave","Heavy Blade"],"picked":"Corruption","floor":7},{"not_picked":["Cleave","Anger"],"picked":"Demon Form","floor":10},{"not_picked":["Shockwave","Havoc"],"picked":"Heavy Blade","floor":13},{"not_picked":["Demon Form","Impervious"],"picked":"Berserk","floor":16},{"not_picked":["Metallicize+1","Blood for Blood"],"picked":"Spot Weakness+1","floor":18},{"not_picked":["True Grit","Fire Breathing"],"picked":"Flex","floor":22}],"player_experience":363328,"relics_obtained":[{"floor":9,"key":"Boot"},{"floor":12,"key":"Art of War"}],"event_choices":[{"damage_healed":0,"gold_gain":275,"player_choice":"Desecrate","damage_taken":0,"max_hp_gain":0,"max_hp_loss":0,"event_name":"Golden Shrine","floor":3,"gold_loss":0,"cards_obtained":["Regret"]},{"damage_healed":0,"gold_gain":0,"player_choice":"Paid Fearfully","damage_taken":0,"max_hp_gain":0,"max_hp_loss":0,"event_name":"Masked Bandits","floor":20,"gold_loss":50},{"cards_removed":["Hemokinesis"],"damage_healed":0,"gold_gain":0,"player_choice":"Purged","damage_taken":0,"max_hp_gain":0,"max_hp_loss":0,"event_name":"Purifier","floor":21,"gold_loss":0}],"is_beta":false,"boss_relics":[{"not_picked":["Coffee Dripper","Mark of Pain"],"picked":"Pandora\u0027s Box"}],"items_purged_floors":[5],"is_endless":false,"potions_floor_spawned":[1,7,10,16],"killed_by":"Book of Stabbing","ascension_level":3}