{"gold_per_floor":[116,191,191,207,217,217,244,263,263,290,41,41,41,41],"floor_reached":14,"playtime":561,"items_purged":[],"score":108,"play_id":"d0f2c3da-da2b-4e5f-a9dc-5cacfefd774f","local_time":"20180730223906","is_ascension_mode":true,"campfire_choices":[{"data":"Tempest","floor":6,"key":"SMITH"},{"data":"Storm","floor":13,"key":"SMITH"}],"neow_cost":"","seed_source_timestamp":22091809747294,"circlet_count":0,"master_deck":["Strike_B","Strike_B","Strike_B","Defend_B","Defend_B","Defend_B","Defend_B","Zap","Dualcast","Gash","Tempest+1","Loop","Storm+1","Turbo","Defragment"],"relics":["Cracked Core","Bag of Preparation","Dream Catcher","Singing Bowl","Blood Vial","Cables"],"potions_floor_usage":[7,7,10],"damage_taken":[{"damage":1,"enemies":"2 Louse","floor":1,"turns":2},{"damage":2,"enemies":"Jaw Worm","floor":4,"turns":2},{"damage":6,"enemies":"Cultist","floor":5,"turns":3},{"damage":27,"enemies":"3 Sentries","floor":7,"turns":5},{"damage":15,"enemies":"Exordium Wildlife","floor":8,"turns":4},{"damage":17,"enemies":"Lagavulin","floor":10,"turns":4},{"damage":14,"enemies":"Red Slaver","floor":14,"turns":1}],"seed_played":"514710794358867072","potions_obtained":[{"floor":4,"key":"Regen Potion"},{"floor":5,"key":"FearPotion"},{"floor":7,"key":"SkillPotion"}],"is_trial":false,"path_per_floor":["M","?","T","M","M","R","E","M","T","E","$","?","R"],"character_chosen":"DEFECT","items_purchased":["Cables"],"campfire_rested":0,"item_purchase_floors":[11],"current_hp_per_floor":[74,63,63,61,55,55,42,27,27,10,10,10,10,0],"gold":41,"neow_bonus":"","is_prod":false,"is_daily":false,"chose_seed":false,"campfire_upgraded":2,"win_rate":0,"timestamp":1532983146,"path_taken":["M","?","?","M","?","R","E","M","T","E","$","?","R","M"],"build_version":"2018-07-26","purchased_purges":0,"victory":false,"max_hp_per_floor":[75,75,75,75,75,75,75,75,75,75,75,75,75,75],"card_choices":[{"not_picked":["Streamline","Barrage"],"picked":"Gash","floor":1},{"not_picked":["Barrage","Compile Driver"],"picked":"Tempest","floor":4},{"not_picked":["Barrage","Reprogram"],"picked":"Loop","floor":5},{"not_picked":["Chill","Turbo"],"picked":"Storm","floor":7},{"not_picked":["Stack","Rip and Tear"],"picked":"Turbo","floor":8},{"not_picked":["Steam","Sweeping Beam"],"picked":"Defragment","floor":10}],"player_experience":216004,"relics_obtained":[{"floor":3,"key":"Bag of Preparation"},{"floor":7,"key":"Dream Catcher"},{"floor":9,"key":"Singing Bowl"},{"floor":10,"key":"Blood Vial"}],"event_choices":[{"event_name":"World of Goop","player_choice":"Gather Gold","floor":2,"damage_taken":0},{"event_name":"Living Wall","player_choice":"Forget","floor":12,"damage_taken":0}],"is_beta":false,"boss_relics":[],"items_purged_floors":[],"is_endless":false,"potions_floor_spawned":[4,5,7],"killed_by":"Red Slaver","ascension_level":2}