{"gold_per_floor":[118,118,133,28,28,55,66,66],"floor_reached":8,"playtime":441,"items_purged":[],"score":67,"play_id":"672cf013-c6fd-45ee-8f3e-6a4143457633","local_time":"20190224193033","is_ascension_mode":true,"campfire_choices":[],"neow_cost":"NONE","seed_source_timestamp":23384752051900,"circlet_count":0,"master_deck":["Strike_R","Strike_R","Strike_R","Strike_R","Strike_R","Defend_R","Defend_R","Defend_R","Bash","Offering","Rupture","Limit Break","Whirlwind","Rupture","Wild Strike","Shrug It Off","Armaments"],"relics":["Burning Blood","Frozen Egg 2","Meat on the Bone"],"potions_floor_usage":[],"damage_taken":[{"damage":4,"enemies":"2 Louse","floor":1,"turns":3},{"damage":1,"enemies":"Cultist","floor":3,"turns":3},{"damage":31,"enemies":"3 Sentries","floor":6,"turns":5},{"damage":9,"enemies":"Small Slimes","floor":7,"turns":4},{"damage":0,"enemies":"2 Fungi Beasts","floor":8,"turns":1}],"seed_played":"-7519348306717359417","potions_obtained":[{"floor":6,"key":"PowerPotion"},{"floor":7,"key":"Energy Potion"}],"is_trial":false,"path_per_floor":["M","?","M","$","?","E","M","M"],"character_chosen":"IRONCLAD","items_purchased":["Rupture","Wild Strike"],"campfire_rested":0,"item_purchase_floors":[4,4],"current_hp_per_floor":[80,80,80,80,62,37,46,46],"gold":66,"neow_bonus":"ONE_RANDOM_RARE_CARD","is_prod":false,"is_daily":false,"chose_seed":false,"campfire_upgraded":0,"win_rate":0,"timestamp":1551033033,"path_taken":["M","?","?","$","?","E","M","M"],"build_version":"2019-01-23","purchased_purges":0,"victory":false,"max_hp_per_floor":[80,80,80,80,80,80,80,80],"card_choices":[{"not_picked":["True Grit","Heavy Blade"],"picked":"Rupture","floor":1},{"not_picked":["Flex","Warcry"],"picked":"Whirlwind","floor":3},{"not_picked":["Cleave","Flex"],"picked":"Shrug It Off","floor":6},{"not_picked":["Power Through","Perfected Strike"],"picked":"Armaments","floor":7}],"player_experience":468304,"relics_obtained":[{"floor":6,"key":"Meat on the Bone"}],"event_choices":[{"damage_healed":0,"gold_gain":0,"cards_transformed":["Defend_R"],"player_choice":"Transformed","damage_taken":0,"max_hp_gain":0,"max_hp_loss":0,"event_name":"Transmorgrifier","floor":2,"gold_loss":0,"cards_obtained":["Limit Break"]},{"damage_healed":0,"gold_gain":0,"player_choice":"Success","damage_taken":18,"relics_obtained":["Frozen Egg 2"],"max_hp_gain":0,"max_hp_loss":0,"event_name":"Scrap Ooze","floor":5,"gold_loss":0}],"is_beta":false,"boss_relics":[],"items_purged_floors":[],"is_endless":false,"potions_floor_spawned":[6,7],"killed_by":"2 Fungi Beasts","ascension_level":4}