{"gold_per_floor":[11,28,39,57,72,72,101,51,100,100,134,134,153,174,174,299,299,312,336,336],"floor_reached":20,"playtime":1181,"items_purged":[],"score":250,"play_id":"420bc3fc-ec79-4502-9ab8-9937db0cfc3b","local_time":"20180705014839","is_ascension_mode":true,"campfire_choices":[{"data":"Zap","floor":6,"key":"SMITH"},{"data":"Darkness","floor":15,"key":"SMITH"}],"neow_cost":"NO_GOLD","seed_source_timestamp":100074205248205,"circlet_count":0,"master_deck":["Strike_B","Defend_B","Defend_B","Defend_B","Defend_B","Zap+1","Dualcast","Ball Lightning","Ball Lightning","Barrage","White Noise","Redo","Genetic Algorithm","Darkness+1","Barrage","Thunder Strike","Ball Lightning","Rebound+1"],"relics":["Cracked Core","Darkstone Periapt","Omamori","Gremlin Horn","Golden Idol","Runic Dome"],"potions_floor_usage":[11,11,20],"damage_taken":[{"damage":0,"enemies":"2 Louse","floor":1,"turns":2},{"damage":1,"enemies":"Jaw Worm","floor":2,"turns":2},{"damage":0,"enemies":"Small Slimes","floor":3,"turns":2},{"damage":9,"enemies":"3 Louse","floor":4,"turns":3},{"damage":6,"enemies":"2 Fungi Beasts","floor":5,"turns":2},{"damage":8,"enemies":"Lagavulin","floor":7,"turns":4},{"damage":34,"enemies":"3 Sentries","floor":11,"turns":6},{"damage":0,"enemies":"Large Slime","floor":13,"turns":3},{"damage":5,"enemies":"Looter","floor":14,"turns":2},{"damage":0,"enemies":"Slime Boss","floor":16,"turns":7},{"damage":22,"enemies":"3 Byrds","floor":18,"turns":4},{"damage":20,"enemies":"2 Thieves","floor":19,"turns":3},{"damage":34,"floor":20,"turns":3}],"seed_played":"-4082028745647378503","potions_obtained":[{"floor":2,"key":"Regen Potion"},{"floor":3,"key":"Poison Potion"},{"floor":7,"key":"SkillPotion"},{"floor":13,"key":"SneckoOil"},{"floor":19,"key":"AttackPotion"}],"is_trial":false,"path_per_floor":["M","M","M","M","M","R","E","?","T","?","E","?","M","M","R","B",null,"M","M"],"character_chosen":"DEFECT","items_purchased":[],"campfire_rested":0,"item_purchase_floors":[],"current_hp_per_floor":[75,74,74,65,59,59,51,51,51,69,40,22,22,17,17,17,75,53,33,0],"gold":336,"neow_bonus":"REMOVE_TWO","is_prod":false,"is_daily":false,"chose_seed":false,"campfire_upgraded":2,"win_rate":0,"timestamp":1530748119,"path_taken":["M","M","M","M","M","R","E","?","T","?","E","?","M","M","R","BOSS","M","?","?"],"build_version":"2018-06-28","purchased_purges":0,"victory":false,"max_hp_per_floor":[75,75,75,75,75,75,75,75,75,75,75,75,75,75,75,75,75,75,75,75],"card_choices":[{"not_picked":["Gash","Turbo"],"picked":"Ball Lightning","floor":1},{"not_picked":["Rebound","Undo"],"picked":"Ball Lightning","floor":2},{"not_picked":["Streamline","Rip and Tear"],"picked":"Barrage","floor":3},{"not_picked":["Fission","Hello World"],"picked":"White Noise","floor":4},{"not_picked":["Coolheaded","Go for the Eyes"],"picked":"Redo","floor":5},{"not_picked":["Coolheaded","Doom and Gloom"],"picked":"Genetic Algorithm","floor":7},{"not_picked":["Steam","Recycle","Go for the Eyes"],"picked":"SKIP","floor":11},{"not_picked":["Streamline","Gash"],"picked":"Darkness","floor":13},{"not_picked":["Stack","Gash"],"picked":"Barrage","floor":14},{"not_picked":["Hyperbeam","Biased Cognition"],"picked":"Thunder Strike","floor":16},{"not_picked":["Gash+1","FTL"],"picked":"Ball Lightning","floor":18},{"not_picked":["Coolheaded","Compile Driver"],"picked":"Rebound+1","floor":19}],"player_experience":158002,"relics_obtained":[{"floor":7,"key":"Darkstone Periapt"},{"floor":9,"key":"Omamori"},{"floor":11,"key":"Gremlin Horn"}],"event_choices":[{"event_name":"The Cleric","player_choice":"Card Removal","floor":8,"damage_taken":0},{"event_name":"Mushrooms","player_choice":"Healed and dodged fight","floor":10,"damage_taken":0},{"event_name":"Golden Idol","player_choice":"Take Damage","floor":12,"damage_taken":0},{"event_name":"Masked Bandits","player_choice":"Fought over 336 gold","floor":20,"damage_taken":0}],"boss_relics":[{"not_picked":["Calling Bell","Coffee Dripper"],"picked":"Runic Dome"}],"items_purged_floors":[],"is_endless":false,"potions_floor_spawned":[2,3,7,13,19],"ascension_level":1}