{"gold_per_floor":[117,117,129,129,54,83,83,116,116,116],"floor_reached":10,"playtime":433,"items_purged":[],"score":93,"play_id":"f8c3f0b1-1b73-4110-8578-ebd4e85172b2","local_time":"20190526023833","is_ascension_mode":true,"campfire_choices":[{"data":"Infernal Blade","floor":7,"key":"SMITH"}],"neow_cost":"NONE","seed_source_timestamp":49844591237000,"circlet_count":0,"master_deck":["Strike_R","Strike_R","Strike_R","Strike_R","Strike_R","Defend_R","Defend_R","Defend_R","Bash","Pummel","Reckless Charge","Infernal Blade+1","Shrug It Off","Heavy Blade"],"relics":["Burning Blood","Bottled Lightning","Peace Pipe","Pantograph"],"potions_floor_usage":[6,8],"damage_taken":[{"damage":3,"enemies":"Small Slimes","floor":1,"turns":4},{"damage":11,"enemies":"Jaw Worm","floor":3,"turns":4},{"damage":30,"enemies":"3 Sentries","floor":6,"turns":7},{"damage":13,"enemies":"Gremlin Nob","floor":8,"turns":3},{"damage":37,"enemies":"3 Sentries","floor":10,"turns":8}],"seed_played":"-2215741157425767772","potions_obtained":[{"floor":1,"key":"Strength Potion"},{"floor":6,"key":"Fire Potion"}],"is_trial":false,"path_per_floor":["M","?","M","?","$","E","R","E","T","E"],"character_chosen":"IRONCLAD","items_purchased":["Infernal Blade"],"campfire_rested":0,"item_purchase_floors":[5],"current_hp_per_floor":[88,93,88,81,81,57,57,50,50,13],"gold":116,"neow_bonus":"TEN_PERCENT_HP_BONUS","is_prod":false,"is_daily":false,"chose_seed":false,"campfire_upgraded":1,"win_rate":0,"timestamp":1558831113,"path_taken":["M","?","M","?","?","E","R","E","T","E"],"build_version":"2019-01-23","purchased_purges":0,"victory":false,"max_hp_per_floor":[88,93,93,93,93,93,93,93,93,93],"card_choices":[{"not_picked":["Bloodletting","Havoc"],"picked":"Pummel","floor":1},{"not_picked":["Havoc","Entrench"],"picked":"Reckless Charge","floor":3},{"not_picked":["Wild Strike","Thunderclap"],"picked":"Shrug It Off","floor":6},{"not_picked":["Iron Wave","Sentinel"],"picked":"Heavy Blade","floor":8}],"player_experience":578108,"relics_obtained":[{"floor":6,"key":"Bottled Lightning"},{"floor":8,"key":"Peace Pipe"},{"floor":9,"key":"Pantograph"}],"event_choices":[{"damage_healed":0,"gold_gain":0,"player_choice":"Donut","damage_taken":0,"max_hp_gain":5,"max_hp_loss":0,"event_name":"Big Fish","floor":2,"gold_loss":0},{"cards_removed":["Defend_R"],"damage_healed":0,"gold_gain":0,"player_choice":"Card Removal","damage_taken":7,"max_hp_gain":0,"max_hp_loss":0,"event_name":"Golden Wing","floor":4,"gold_loss":0}],"is_beta":false,"boss_relics":[],"items_purged_floors":[],"is_endless":false,"potions_floor_spawned":[1,6],"killed_by":"3 Sentries","ascension_level":5}