{"gold_per_floor":[112,112,126,201,218,218,233,262,315,490,507,507,346,362,362,465,465,475,504,603,603,620,637,637,637,664,664,697,716,716,733,733,733],"floor_reached":33,"playtime":3702,"items_purged":["Strike_G"],"score":434,"play_id":"61887902-5de8-4a65-8be7-0c140dd29bac","local_time":"20190904210828","is_ascension_mode":true,"campfire_choices":[{"data":"Noxious Fumes","floor":6,"key":"SMITH"},{"floor":12,"key":"REST"},{"floor":15,"key":"REST"},{"floor":24,"key":"REST"},{"data":"Ghostly","floor":27,"key":"SMITH"},{"data":"Night Terror","floor":30,"key":"SMITH"},{"data":"Ghostly","floor":32,"key":"SMITH"}],"neow_cost":"NONE","seed_source_timestamp":6010843934300,"circlet_count":0,"master_deck":["Strike_G","Strike_G","Defend_G","Defend_G","Defend_G","Defend_G","Defend_G","Survivor","Neutralize","Deadly Poison","Noxious Fumes+1","Outmaneuver","Adrenaline","Leg Sweep","Doubt","Backflip","Flash of Steel","Crippling Poison","Adrenaline","All Out Attack","Backstab+1","Backflip","Backflip+1","Ghostly+1","Ghostly+1","Ghostly","Ghostly","Ghostly","Night Terror+1","Flying Knee+1"],"relics":["Ring of the Snake","Bottled Lightning","Juzu Bracelet","Sozu","Red Mask","Blood Vial","Orichalcum"],"potions_floor_usage":[19,19,19],"damage_taken":[{"damage":0,"enemies":"Cultist","floor":1,"turns":5},{"damage":3,"enemies":"Jaw Worm","floor":3,"turns":4},{"damage":4,"enemies":"2 Louse","floor":5,"turns":2},{"damage":11,"enemies":"Exordium Wildlife","floor":7,"turns":5},{"damage":24,"enemies":"3 Sentries","floor":8,"turns":6},{"damage":9,"enemies":"3 Louse","floor":11,"turns":5},{"damage":0,"enemies":"Exordium Thugs","floor":14,"turns":6},{"damage":24,"enemies":"Hexaghost","floor":16,"turns":10},{"damage":2,"enemies":"3 Byrds","floor":18,"turns":6},{"damage":15,"enemies":"Masked Bandits","floor":19,"turns":4},{"damage":2,"enemies":"Shell Parasite","floor":22,"turns":6},{"damage":16,"enemies":"Snake Plant","floor":23,"turns":5},{"damage":0,"enemies":"Gremlin Leader","floor":28,"turns":7},{"damage":10,"enemies":"Cultist and Chosen","floor":29,"turns":8},{"damage":4,"enemies":"Snecko","floor":31,"turns":8},{"damage":37,"enemies":"Champ","floor":33,"turns":10}],"seed_played":"8633287669092064115","potions_obtained":[{"floor":5,"key":"GamblersBrew"},{"floor":8,"key":"GamblersBrew"},{"floor":11,"key":"FearPotion"},{"floor":14,"key":"Weak Potion"},{"floor":16,"key":"LiquidBronze"}],"is_trial":false,"path_per_floor":["M","?","M","?","M","R","M","E","T","?","M","R","$","M","R","B",null,"M","?","?","?","M","M","R","?","T","R","E","M","R","M","R","B"],"character_chosen":"THE_SILENT","items_purchased":["Flash of Steel"],"campfire_rested":3,"item_purchase_floors":[13],"current_hp_per_floor":[63,63,60,49,45,45,34,10,10,10,1,22,22,22,43,19,57,55,40,40,40,38,22,43,35,35,35,35,25,25,23,23,0],"gold":733,"neow_bonus":"REMOVE_CARD","is_prod":false,"is_daily":false,"chose_seed":false,"campfire_upgraded":4,"win_rate":0,"timestamp":1567624108,"path_taken":["M","?","?","?","M","R","M","E","T","?","M","R","?","M","R","BOSS","M","?","?","?","M","M","R","?","T","R","E","M","R","M","R","BOSS"],"build_version":"2019-07-17","purchased_purges":1,"victory":false,"max_hp_per_floor":[70,70,70,70,70,70,70,70,70,70,70,70,70,70,70,70,70,70,70,70,70,70,70,70,35,35,35,35,35,35,35,35,35],"card_choices":[{"not_picked":["Dodge and Roll","Quick Slash"],"picked":"Deadly Poison","floor":1},{"not_picked":["Prepared","Masterful Stab"],"picked":"Noxious Fumes","floor":3},{"not_picked":["Prepared","Slice"],"picked":"Outmaneuver","floor":5},{"not_picked":["Noxious Fumes","Riddle With Holes"],"picked":"Adrenaline","floor":7},{"not_picked":["Dagger Throw","Backflip"],"picked":"Leg Sweep","floor":8},{"not_picked":["Concentrate","Endless Agony"],"picked":"Backflip","floor":11},{"not_picked":["PiercingWail","Acrobatics"],"picked":"Crippling Poison","floor":14},{"not_picked":["Tools of the Trade","Storm of Steel"],"picked":"Adrenaline","floor":16},{"not_picked":["Underhanded Strike","Cloak And Dagger"],"picked":"All Out Attack","floor":18},{"not_picked":["Expertise+1","Deflect"],"picked":"Backstab+1","floor":19},{"not_picked":["Cloak And Dagger","Acrobatics+1"],"picked":"Backflip","floor":22},{"not_picked":["Tactician","Quick Slash"],"picked":"Backflip+1","floor":23},{"not_picked":["Sucker Punch","Dodge and Roll"],"picked":"Night Terror","floor":28},{"not_picked":["Underhanded Strike","Tactician"],"picked":"Flying Knee+1","floor":29},{"not_picked":["Dagger Throw","Bane","Tactician"],"picked":"SKIP","floor":31}],"player_experience":613338,"relics_obtained":[{"floor":8,"key":"Bottled Lightning"},{"floor":9,"key":"Juzu Bracelet"},{"floor":19,"key":"Red Mask"},{"floor":26,"key":"Blood Vial"},{"floor":28,"key":"Orichalcum"}],"event_choices":[{"cards_removed":["Strike_G"],"damage_healed":0,"gold_gain":0,"player_choice":"Offered Basic","damage_taken":0,"max_hp_gain":0,"max_hp_loss":0,"event_name":"Bonfire Elementals","floor":2,"gold_loss":0},{"damage_healed":0,"gold_gain":75,"player_choice":"Gather Gold","damage_taken":11,"max_hp_gain":0,"max_hp_loss":0,"event_name":"World of Goop","floor":4,"gold_loss":0},{"damage_healed":0,"gold_gain":175,"player_choice":"AGREE","damage_taken":0,"max_hp_gain":0,"max_hp_loss":0,"event_name":"Liars Game","floor":10,"gold_loss":0,"cards_obtained":["Doubt"]},{"damage_healed":0,"gold_gain":0,"player_choice":"Fought Bandits","damage_taken":0,"max_hp_gain":0,"max_hp_loss":0,"event_name":"Masked Bandits","floor":19,"gold_loss":0},{"damage_healed":0,"gold_gain":99,"player_choice":"Stole From Cult","damage_taken":0,"max_hp_gain":0,"max_hp_loss":0,"event_name":"Nest","floor":20,"gold_loss":0},{"damage_healed":0,"gold_gain":0,"player_choice":"Ignored","damage_taken":0,"max_hp_gain":0,"max_hp_loss":0,"event_name":"Vampires","floor":21,"gold_loss":0},{"damage_healed":0,"gold_gain":0,"player_choice":"Became a Ghost","damage_taken":0,"max_hp_gain":0,"max_hp_loss":35,"event_name":"Ghosts","floor":25,"gold_loss":0,"cards_obtained":["Ghostly","Ghostly","Ghostly","Ghostly","Ghostly"]}],"is_beta":false,"boss_relics":[{"not_picked":["Lizard Tail","Snecko Eye"],"picked":"Sozu"}],"items_purged_floors":[13],"is_endless":false,"potions_floor_spawned":[5,8,11,14,16,19,23,28],"killed_by":"Champ","ascension_level":8}