{"gold_per_floor":[110,123,153,328,328,363,380,380,380,393,42,42,123,137,137,237,237,254,264,111,26,37,37,65,65,65,97,97,60,60,86,86,86],"floor_reached":33,"playtime":1462,"items_purged":["Strike_B","Strike_B"],"score":337,"play_id":"39c1d2a8-6e30-4b3b-955a-68b2fcf88ca0","local_time":"20181111015450","is_ascension_mode":true,"campfire_choices":[{"data":"Electrodynamics","floor":8,"key":"SMITH"},{"floor":15,"key":"REST"},{"data":"Tempest","floor":23,"key":"SMITH"},{"data":"Multi-Cast","floor":25,"key":"SMITH"},{"floor":28,"key":"REST"},{"data":"Static Discharge","floor":30,"key":"SMITH"},{"data":"Conserve Battery","floor":32,"key":"SMITH"}],"neow_cost":"NONE","seed_source_timestamp":48541817618905,"circlet_count":0,"master_deck":["Strike_B","Strike_B","Defend_B","Defend_B+1","Defend_B","Defend_B+1","Zap","Dualcast","Redo","Ball Lightning","Doubt","Electrodynamics+1","Tempest+1","Conserve Battery+1","Reinforced Body","Static Discharge+1","Multi-Cast+1","Undo+1","Redo","Gash+1","Conserve Battery+1","Beam Cell+1","Barrage+1","Melter+1","Barrage+1"],"relics":["Cracked Core","Tiny Chest","Nunchaku","Regal Pillow","Letter Opener","Chemical X","Molten Egg 2","Nuclear Battery","WingedGreaves","Juzu Bracelet","Ginger","Torii","Red Mask"],"potions_floor_usage":[2,10,24,24,31,31],"damage_taken":[{"damage":0,"enemies":"Small Slimes","floor":1,"turns":2},{"damage":0,"enemies":"2 Louse","floor":2,"turns":1},{"damage":40,"enemies":"Gremlin Nob","floor":6,"turns":4},{"damage":7,"enemies":"Jaw Worm","floor":7,"turns":3},{"damage":6,"enemies":"Lots of Slimes","floor":10,"turns":2},{"damage":0,"enemies":"Large Slime","floor":14,"turns":2},{"damage":10,"enemies":"Slime Boss","floor":16,"turns":5},{"damage":6,"enemies":"Shell Parasite","floor":18,"turns":3},{"damage":3,"enemies":"Spheric Guardian","floor":19,"turns":3},{"damage":0,"enemies":"Cultist and Chosen","floor":22,"turns":4},{"damage":38,"enemies":"Book of Stabbing","floor":24,"turns":5},{"damage":30,"enemies":"Gremlin Leader","floor":27,"turns":4},{"damage":0,"enemies":"Masked Bandits","floor":31,"turns":2},{"damage":74,"enemies":"Automaton","floor":33,"turns":6}],"seed_played":"-240893205518821320","potions_obtained":[{"floor":1,"key":"AttackPotion"},{"floor":7,"key":"Energy Potion"},{"floor":10,"key":"Regen Potion"},{"floor":18,"key":"PowerPotion"},{"floor":24,"key":"LiquidBronze"},{"floor":27,"key":"Explosive Potion"}],"is_trial":false,"path_per_floor":["M","M","?","?","T","E","M","R","T","M","$","?","T","M","R","B",null,"M","M","$","?","M","R","E","R","T","E","R","$","R","?","R","B"],"character_chosen":"DEFECT","items_purchased":["Chemical X","Reinforced Body","Gash+1","Melter+1"],"campfire_rested":2,"item_purchase_floors":[11,11,20,29],"current_hp_per_floor":[82,82,79,79,79,39,32,32,32,26,26,10,10,10,49,39,82,76,73,73,73,73,73,49,49,49,19,58,58,58,58,58,0],"gold":86,"neow_bonus":"TEN_PERCENT_HP_BONUS","is_prod":false,"is_daily":false,"chose_seed":false,"campfire_upgraded":5,"win_rate":0,"timestamp":1541897690,"path_taken":["M","M","?","?","?","E","?","R","T","M","$","?","?","M","R","BOSS","M","?","$","?","M","R","E","R","T","E","R","$","R","?","R","BOSS"],"build_version":"2018-11-08","purchased_purges":2,"victory":false,"max_hp_per_floor":[82,82,82,82,82,82,82,82,82,82,82,82,82,82,82,82,82,82,82,82,82,82,82,82,82,82,82,82,82,82,82,82,82],"card_choices":[{"not_picked":["Capacitor","Coolheaded"],"picked":"Redo","floor":1},{"not_picked":["Go for the Eyes","Steam"],"picked":"Ball Lightning","floor":2},{"not_picked":["Rebound","Barrage"],"picked":"Electrodynamics","floor":6},{"not_picked":["Coolheaded","Aggregate"],"picked":"Tempest","floor":7},{"not_picked":["Stack","Reinforced Body"],"picked":"Conserve Battery","floor":10},{"not_picked":["Gash+1","Streamline+1"],"picked":"Static Discharge","floor":14},{"not_picked":["Rainbow","Fission"],"picked":"Multi-Cast","floor":16},{"not_picked":["Streamline+1","Go for the Eyes+1"],"picked":"Undo+1","floor":18},{"not_picked":["Hologram","Sweeping Beam+1"],"picked":"Redo","floor":19},{"not_picked":["Loop","Auto Shields"],"picked":"Conserve Battery+1","floor":22},{"not_picked":["Redo","Hologram+1"],"picked":"Beam Cell+1","floor":24},{"not_picked":["Chill+1","Compile Driver+1"],"picked":"Barrage+1","floor":27},{"not_picked":["Reprogram","Heatsinks"],"picked":"Barrage+1","floor":31}],"player_experience":385569,"relics_obtained":[{"floor":5,"key":"Nunchaku"},{"floor":6,"key":"Regal Pillow"},{"floor":9,"key":"Letter Opener"},{"floor":13,"key":"Molten Egg 2"},{"floor":24,"key":"Juzu Bracelet"},{"floor":26,"key":"Ginger"},{"floor":27,"key":"Torii"},{"floor":31,"key":"Red Mask"}],"event_choices":[{"damage_healed":0,"gold_gain":0,"player_choice":"Success","damage_taken":3,"relics_obtained":["Tiny Chest"],"max_hp_gain":0,"max_hp_loss":0,"event_name":"Scrap Ooze","floor":3,"gold_loss":0},{"damage_healed":0,"gold_gain":175,"player_choice":"AGREE","damage_taken":0,"max_hp_gain":0,"max_hp_loss":0,"event_name":"Liars Game","floor":4,"gold_loss":0,"cards_obtained":["Doubt"]},{"damage_healed":0,"gold_gain":0,"player_choice":"Entered Light","damage_taken":16,"max_hp_gain":0,"max_hp_loss":0,"event_name":"Shining Light","floor":12,"gold_loss":0,"cards_upgraded":["Defend_B","Defend_B"]},{"damage_healed":0,"gold_gain":0,"player_choice":"Obtained Relic","damage_taken":0,"relics_obtained":["WingedGreaves"],"max_hp_gain":0,"max_hp_loss":0,"event_name":"Addict","floor":21,"gold_loss":85},{"damage_healed":0,"gold_gain":0,"player_choice":"Fought Bandits","damage_taken":0,"max_hp_gain":0,"max_hp_loss":0,"event_name":"Masked Bandits","floor":31,"gold_loss":0}],"is_beta":false,"boss_relics":[{"not_picked":["FrozenCore","Fusion Hammer"],"picked":"Nuclear Battery"}],"items_purged_floors":[11,20],"is_endless":false,"potions_floor_spawned":[1,7,10,18,24,27],"killed_by":"Automaton","ascension_level":4}