{"gold_per_floor":[109,109,109,124,124,124,154,164,164,164,179,179,207,220,220,320,320,333,299,310,26,26,60,75,75,101,113,126,144,159,159,159,259,259,272,286,1,1,17,17,117,117,141,155,155,255,255,273,273,273],"floor_reached":51,"playtime":4610,"items_purged":["Strike_G+1","Defend_G"],"score":933,"play_id":"44dca4d4-715b-4d6c-b027-01af31ad169d","local_time":"20190830030334","is_ascension_mode":true,"campfire_choices":[{"data":"Noxious Fumes","floor":6,"key":"SMITH"},{"data":"Venomology","floor":10,"key":"SMITH"},{"floor":15,"key":"REST"},{"floor":25,"key":"REST"},{"data":"Noxious Fumes","floor":32,"key":"SMITH"},{"floor":40,"key":"REST"},{"data":"Apotheosis","floor":42,"key":"SMITH"},{"data":"Skewer","floor":45,"key":"SMITH"},{"floor":47,"key":"REST"},{"floor":49,"key":"REST"}],"neow_cost":"NONE","seed_source_timestamp":25760815047500,"circlet_count":0,"master_deck":["Defend_G","Survivor+1","Neutralize","Skewer","Noxious Fumes+1","Blade Dance","Impatience","Venomology+1","Terror","Calculated Gamble","Accuracy","Cloak And Dagger","Noxious Fumes+1","Outmaneuver","Doppelganger","Backstab+1","Accuracy","Terror","PiercingWail","Escape Plan","Cloak And Dagger","Dodge and Roll+1","Leg Sweep","Skewer+1","Noxious Fumes","Storm of Steel","Cloak And Dagger+1","Doppelganger","Skewer+1","Blur","Calculated Gamble+1","Noxious Fumes+1","Apotheosis+1","Expertise+1","Blade Dance","Blade Dance","Caltrops"],"relics":["Ring of the Snake","Mercury Hourglass","Question Card","Ice Cream","Empty Cage","Toy Ornithopter","Bronze Scales","Pen Nib","Orrery","StoneCalendar","Art of War"],"potions_floor_usage":[7,11,13,13,13,14,18,20,23,23,24,27,27,27,27,28,33,33,33,35,36,39,39,44,48,50,50,50],"damage_taken":[{"damage":3,"enemies":"Small Slimes","floor":1,"turns":5},{"damage":0,"enemies":"Cultist","floor":4,"turns":4},{"damage":21,"enemies":"3 Sentries","floor":7,"turns":8},{"damage":0,"enemies":"2 Louse","floor":8,"turns":3},{"damage":0,"enemies":"Large Slime","floor":11,"turns":4},{"damage":0,"enemies":"Lagavulin","floor":13,"turns":3},{"damage":0,"enemies":"Gremlin Gang","floor":14,"turns":2},{"damage":22,"enemies":"Hexaghost","floor":16,"turns":7},{"damage":9,"enemies":"Shell Parasite","floor":18,"turns":6},{"damage":0,"enemies":"Spheric Guardian","floor":20,"turns":3},{"damage":28,"enemies":"Slavers","floor":23,"turns":5},{"damage":3,"enemies":"3 Cultists","floor":24,"turns":4},{"damage":2,"enemies":"Cultist and Chosen","floor":27,"turns":5},{"damage":0,"enemies":"Snake Plant","floor":28,"turns":4},{"damage":3,"enemies":"Snecko","floor":29,"turns":4},{"damage":0,"enemies":"3 Cultists","floor":30,"turns":5},{"damage":52,"enemies":"Champ","floor":33,"turns":11},{"damage":35,"enemies":"3 Shapes","floor":35,"turns":6},{"damage":12,"enemies":"Orb Walker","floor":36,"turns":4},{"damage":32,"enemies":"3 Darklings","floor":39,"turns":4},{"damage":0,"enemies":"Mind Bloom Boss Battle","floor":41,"turns":5},{"damage":1,"enemies":"Maw","floor":44,"turns":6},{"damage":29,"enemies":"4 Shapes","floor":48,"turns":4},{"damage":95,"enemies":"Donu and Deca","floor":50,"turns":8}],"seed_played":"7945791297507818100","potions_obtained":[{"floor":1,"key":"Poison Potion"},{"floor":7,"key":"AttackPotion"},{"floor":8,"key":"SteroidPotion"},{"floor":16,"key":"Strength Potion"},{"floor":20,"key":"Block Potion"},{"floor":23,"key":"GhostInAJar"},{"floor":24,"key":"Weak Potion"},{"floor":30,"key":"EssenceOfSteel"},{"floor":36,"key":"Regen Potion"},{"floor":39,"key":"Swift Potion"},{"floor":41,"key":"Regen Potion"},{"floor":48,"key":"EssenceOfSteel"}],"is_trial":false,"path_per_floor":["M","?","?","M","?","R","E","M","T","R","M","?","E","M","R","B",null,"M","$","M","$","?","E","M","R","T","M","M","M","M","?","R","B",null,"M","M","$","?","M","R","?","R","T","M","R","?","R","M","R","B",null],"character_chosen":"THE_SILENT","items_purchased":["Accuracy","Toy Ornithopter","Apotheosis"],"campfire_rested":5,"item_purchase_floors":[19,21,37],"current_hp_per_floor":[67,52,52,52,52,52,31,31,31,31,31,24,24,24,47,25,64,55,55,55,55,55,37,39,62,62,77,77,74,74,74,74,30,65,35,28,28,28,15,38,38,38,38,42,42,42,65,55,77,7],"gold":273,"neow_bonus":"TEN_PERCENT_HP_BONUS","is_prod":false,"is_daily":false,"chose_seed":false,"campfire_upgraded":5,"win_rate":0,"timestamp":1567127014,"path_taken":["M","?","?","?","?","R","E","M","T","R","?","?","E","M","R","BOSS","M","$","M","$","?","E","M","R","T","M","M","M","M","?","R","BOSS","M","?","$","?","M","R","?","R","T","M","R","?","R","?","R","BOSS"],"build_version":"2019-07-17","purchased_purges":2,"victory":true,"max_hp_per_floor":[77,77,77,77,77,77,77,77,77,77,77,77,77,77,77,77,77,77,77,77,77,77,77,77,77,77,77,77,77,77,77,77,77,77,77,77,77,77,77,77,77,77,77,77,77,77,77,77,77,77],"card_choices":[{"not_picked":["Choke","Sucker Punch"],"picked":"Skewer","floor":1},{"not_picked":["Underhanded Strike","Flechettes"],"picked":"Blade Dance","floor":4},{"not_picked":["Dagger Spray","Dodge and Roll"],"picked":"Calculated Gamble","floor":7},{"not_picked":["Dagger Spray","Expertise"],"picked":"Accuracy","floor":8},{"not_picked":["Deadly Poison","Backflip","Underhanded Strike"],"picked":"Cloak And Dagger","floor":11},{"not_picked":["Flying Knee","Heel Hook","Dagger Throw"],"picked":"Noxious Fumes","floor":13},{"not_picked":["Quick Slash","Blade Dance","Wraith Form v2"],"picked":"Outmaneuver","floor":14},{"not_picked":["Malaise","After Image","Die Die Die"],"picked":"Doppelganger","floor":16},{"not_picked":["Poisoned Stab","Quick Slash","Dagger Throw+1"],"picked":"Backstab+1","floor":18},{"not_picked":["Terror","Finisher","Bane"],"picked":"Well Laid Plans+1","floor":20},{"not_picked":["Concentrate","Underhanded Strike","Quick Slash"],"picked":"Escape Plan","floor":23},{"not_picked":["Sucker Punch","Dodge and Roll","Heel Hook+1"],"picked":"Cloak And Dagger","floor":24},{"not_picked":["Masterful Stab","Terror","Acrobatics","Grand Finale"],"picked":"SKIP","floor":27},{"not_picked":["Sucker Punch","Dagger Spray","Poisoned Stab"],"picked":"Dodge and Roll+1","floor":28},{"not_picked":["Terror","Acrobatics+1","Underhanded Strike"],"picked":"Leg Sweep","floor":29},{"not_picked":["Backflip","Poisoned Stab","Blade Dance+1"],"picked":"Skewer","floor":30},{"not_picked":["Burst","Die Die Die","Doppelganger"],"picked":"Storm of Steel","floor":33},{"not_picked":["Dagger Spray","Prepared+1","Acrobatics"],"picked":"Cloak And Dagger+1","floor":34},{"not_picked":["Dagger Spray","Quick Slash","Flying Knee"],"picked":"Doppelganger","floor":34},{"not_picked":["Dagger Spray","Tactician+1","Riddle With Holes"],"picked":"Skewer+1","floor":34},{"not_picked":["Masterful Stab+1","Slice+1","Dodge and Roll"],"picked":"Blur","floor":34},{"not_picked":["Dagger Throw+1","Well Laid Plans+1","Cloak And Dagger"],"picked":"Calculated Gamble+1","floor":35},{"not_picked":["Malaise","Tactician","Poisoned Stab+1"],"picked":"Noxious Fumes+1","floor":36},{"not_picked":["Reflex","Dagger Spray","Poisoned Stab"],"picked":"Expertise+1","floor":39},{"not_picked":["Dagger Spray","Slice","Backflip"],"picked":"Blade Dance","floor":41},{"not_picked":["PiercingWail","Dash","Bane"],"picked":"Blade Dance","floor":44},{"not_picked":["Acrobatics+1","Poisoned Stab+1","Deflect+1"],"picked":"Caltrops","floor":48}],"player_experience":602363,"relics_obtained":[{"floor":7,"key":"Mercury Hourglass"},{"floor":9,"key":"Question Card"},{"floor":13,"key":"Ice Cream"},{"floor":23,"key":"Bronze Scales"},{"floor":26,"key":"Pen Nib"},{"floor":41,"key":"StoneCalendar"},{"floor":43,"key":"Art of War"}],"event_choices":[{"damage_healed":0,"gold_gain":0,"player_choice":"Entered Light","damage_taken":15,"max_hp_gain":0,"max_hp_loss":0,"event_name":"Shining Light","floor":2,"gold_loss":0,"cards_upgraded":["Survivor","Strike_G"]},{"damage_healed":0,"gold_gain":0,"cards_transformed":["Strike_G"],"player_choice":"Transformed","damage_taken":0,"max_hp_gain":0,"max_hp_loss":0,"event_name":"Transmorgrifier","floor":3,"gold_loss":0,"cards_obtained":["Noxious Fumes"]},{"damage_healed":0,"gold_gain":0,"player_choice":"3 cards matched","damage_taken":0,"max_hp_gain":0,"max_hp_loss":0,"event_name":"Match and Keep!","floor":5,"gold_loss":0,"cards_obtained":["Impatience","Venomology","Terror"]},{"cards_removed":["Strike_G"],"damage_healed":0,"gold_gain":0,"player_choice":"Card Removal","damage_taken":7,"max_hp_gain":0,"max_hp_loss":0,"event_name":"Golden Wing","floor":12,"gold_loss":0},{"damage_healed":0,"gold_gain":0,"cards_transformed":["Defend_G","Defend_G"],"player_choice":"Became Test Subject","damage_taken":0,"max_hp_gain":0,"max_hp_loss":0,"event_name":"Drug Dealer","floor":22,"gold_loss":0,"cards_obtained":["Terror","PiercingWail"]},{"damage_healed":0,"gold_gain":0,"cards_transformed":["Defend_G"],"player_choice":"Transformed","damage_taken":0,"max_hp_gain":0,"max_hp_loss":0,"event_name":"Transmorgrifier","floor":31,"gold_loss":0,"cards_obtained":["Noxious Fumes"]},{"cards_removed":["Well Laid Plans"],"damage_healed":0,"gold_gain":0,"player_choice":"Removed Power","damage_taken":0,"max_hp_gain":0,"max_hp_loss":0,"event_name":"Falling","floor":38,"gold_loss":0},{"damage_healed":0,"gold_gain":0,"player_choice":"Fight","damage_taken":0,"max_hp_gain":0,"max_hp_loss":0,"event_name":"MindBloom","floor":41,"gold_loss":0},{"damage_healed":0,"gold_gain":100,"player_choice":"Pray","damage_taken":0,"max_hp_gain":0,"max_hp_loss":0,"event_name":"Golden Shrine","floor":46,"gold_loss":0}],"is_beta":false,"boss_relics":[{"not_picked":["HoveringKite","Runic Dome"],"picked":"Empty Cage"},{"not_picked":["Snecko Eye","Velvet Choker"],"picked":"Orrery"}],"items_purged_floors":[21,37],"is_endless":false,"potions_floor_spawned":[1,7,8,16,20,23,24,30,36,39,41,48],"ascension_level":7}