{"gold_per_floor":[115,115,133,133,133,133,158,158,209,9,26,26,38,48,48,48],"floor_reached":16,"playtime":977,"items_purged":[],"score":135,"play_id":"140be374-f9ef-4d54-8f1e-c0316adce76e","local_time":"20190520221412","is_ascension_mode":true,"campfire_choices":[{"data":"Cloak And Dagger","floor":6,"key":"SMITH"},{"data":"Expertise","floor":8,"key":"SMITH"},{"data":"Cloak And Dagger","floor":12,"key":"SMITH"},{"data":"Blur","floor":15,"key":"SMITH"}],"neow_cost":"NONE","seed_source_timestamp":3333696589900,"circlet_count":0,"master_deck":["Defend_G","Defend_G+1","Defend_G","Defend_G+1","Defend_G","Strike_G","Strike_G","Strike_G","Strike_G","Strike_G","Survivor","Neutralize+1","Backstab","Cloak And Dagger+1","Expertise+1","Flying Knee","Cloak And Dagger+1","Blur+1","Blade Dance"],"relics":["Ring of the Snake","Happy Flower","Sundial","Pen Nib","Bag of Preparation"],"potions_floor_usage":[7,16,16],"damage_taken":[{"damage":5,"enemies":"Jaw Worm","floor":1,"turns":7},{"damage":0,"enemies":"Small Slimes","floor":3,"turns":3},{"damage":6,"enemies":"Lagavulin","floor":7,"turns":7},{"damage":0,"enemies":"2 Louse","floor":11,"turns":2},{"damage":0,"enemies":"Blue Slaver","floor":13,"turns":1},{"damage":0,"enemies":"Looter","floor":14,"turns":2},{"damage":47,"enemies":"Slime Boss","floor":16,"turns":11}],"seed_played":"4766320054077285403","potions_obtained":[{"floor":3,"key":"PowerPotion"},{"floor":7,"key":"PowerPotion"},{"floor":14,"key":"Block Potion"}],"is_trial":false,"path_per_floor":["M","?","M","?","?","R","E","R","T","$","M","R","M","M","R","B"],"character_chosen":"THE_SILENT","items_purchased":["Bag of Preparation","Flying Knee"],"campfire_rested":0,"item_purchase_floors":[10,10],"current_hp_per_floor":[65,65,65,50,47,47,41,41,41,41,41,41,41,41,41,0],"gold":48,"neow_bonus":"TEN_PERCENT_HP_BONUS","is_prod":false,"is_daily":false,"chose_seed":false,"campfire_upgraded":4,"win_rate":0,"timestamp":1558383252,"path_taken":["M","?","M","?","?","R","E","R","T","?","M","R","?","M","R","BOSS"],"build_version":"2019-01-23","purchased_purges":0,"victory":false,"max_hp_per_floor":[77,77,77,77,77,77,77,77,77,77,77,77,77,77,77,77],"card_choices":[{"not_picked":["Underhanded Strike","Reflex"],"picked":"Backstab","floor":1},{"not_picked":["Eviscerate","Backflip"],"picked":"Cloak And Dagger","floor":3},{"not_picked":["Glass Knife","Flying Knee"],"picked":"Expertise","floor":7},{"not_picked":["Slice","Well Laid Plans"],"picked":"Cloak And Dagger","floor":11},{"not_picked":["Deadly Poison","Prepared"],"picked":"Blur","floor":13},{"not_picked":["Bane","Deflect"],"picked":"Blade Dance","floor":14}],"player_experience":547847,"relics_obtained":[{"floor":7,"key":"Sundial"},{"floor":9,"key":"Pen Nib"}],"event_choices":[{"damage_healed":0,"gold_gain":0,"player_choice":"Grow","damage_taken":0,"max_hp_gain":0,"max_hp_loss":0,"event_name":"Living Wall","floor":2,"gold_loss":0,"cards_upgraded":["Neutralize"]},{"damage_healed":0,"gold_gain":0,"player_choice":"Entered Light","damage_taken":15,"max_hp_gain":0,"max_hp_loss":0,"event_name":"Shining Light","floor":4,"gold_loss":0,"cards_upgraded":["Defend_G","Defend_G"]},{"damage_healed":0,"gold_gain":0,"player_choice":"Success","damage_taken":3,"relics_obtained":["Happy Flower"],"max_hp_gain":0,"max_hp_loss":0,"event_name":"Scrap Ooze","floor":5,"gold_loss":0}],"is_beta":false,"boss_relics":[],"items_purged_floors":[],"is_endless":false,"potions_floor_spawned":[3,7,14],"killed_by":"Slime Boss","ascension_level":7}