{"gold_per_floor":[114,130,130,15,30,30,61,61,116,116,127,137,192,157,157,257,257,273,273,286,21,36,36,13,13],"floor_reached":25,"playtime":2361,"items_purged":["Strike_B","Writhe"],"score":241,"play_id":"a9b9b402-45d2-4b16-8efb-1e50fc0cffdd","local_time":"20181222222221","is_ascension_mode":true,"campfire_choices":[{"data":"Dualcast","floor":6,"key":"SMITH"},{"data":"Gash","floor":10,"key":"SMITH"},{"floor":15,"key":"REST"},{"data":"Lockon","floor":23,"key":"SMITH"}],"neow_cost":"NONE","seed_source_timestamp":6321050359588,"circlet_count":0,"master_deck":["Strike_B","Strike_B","Defend_B","Defend_B","Defend_B","Defend_B","Zap+1","Dualcast+1","Hologram","Doom and Gloom","Doom and Gloom","Hologram","Gash+1","Loop","Lockon+1","Storm","Buffer","Defragment","BootSequence+1","Go for the Eyes","Conserve Battery"],"relics":["Cracked Core","Orichalcum","Tiny Chest","Anchor","Nuclear Battery","Oddly Smooth Stone","Membership Card"],"potions_floor_usage":[11,12,13,20,22],"damage_taken":[{"damage":1,"enemies":"Cultist","floor":1,"turns":3},{"damage":7,"enemies":"Small Slimes","floor":2,"turns":2},{"damage":7,"enemies":"Jaw Worm","floor":5,"turns":2},{"damage":17,"enemies":"Lagavulin","floor":7,"turns":4},{"damage":10,"enemies":"Large Slime","floor":11,"turns":2},{"damage":11,"enemies":"Blue Slaver","floor":12,"turns":3},{"damage":12,"enemies":"3 Sentries","floor":13,"turns":3},{"damage":30,"enemies":"The Guardian","floor":16,"turns":9},{"damage":15,"enemies":"Shell Parasite","floor":18,"turns":4},{"damage":20,"enemies":"Spheric Guardian","floor":20,"turns":6},{"damage":0,"enemies":"Snecko","floor":22,"turns":5},{"damage":46,"enemies":"Sentry and Sphere","floor":25,"turns":5}],"seed_played":"1757301753347636803","potions_obtained":[{"floor":5,"key":"SkillPotion"},{"floor":7,"key":"Swift Potion"},{"floor":11,"key":"SteroidPotion"},{"floor":18,"key":"Block Potion"}],"is_trial":false,"path_per_floor":["M","M","?","$","M","R","E","?","T","R","M","M","?","?","R","B",null,"M","?","M","$","M","R","$","M"],"character_chosen":"DEFECT","items_purchased":["Doom and Gloom","Membership Card","PowerPotion","Conserve Battery"],"campfire_rested":1,"item_purchase_floors":[4,21,21,24],"current_hp_per_floor":[74,67,60,60,53,53,36,41,41,41,31,20,8,28,52,22,80,65,65,45,45,45,45,45,0],"gold":13,"neow_bonus":"UPGRADE_CARD","is_prod":false,"is_daily":false,"chose_seed":false,"campfire_upgraded":3,"win_rate":0,"timestamp":1545513741,"path_taken":["M","M","?","$","M","R","E","?","T","R","M","M","?","?","R","BOSS","M","?","M","$","M","R","$","M"],"build_version":"2018-12-20","purchased_purges":2,"victory":false,"max_hp_per_floor":[75,75,75,75,75,75,75,80,80,80,80,80,80,80,80,80,80,80,80,80,80,80,80,80,80],"card_choices":[{"not_picked":["Beam Cell","Force Field"],"picked":"Hologram","floor":1},{"not_picked":["Beam Cell","Reprogram"],"picked":"Doom and Gloom","floor":2},{"not_picked":["Reprogram","Sweeping Beam"],"picked":"Hologram","floor":5},{"not_picked":["Glacier","Barrage"],"picked":"Gash","floor":7},{"not_picked":["Sunder","Force Field"],"picked":"Loop","floor":11},{"not_picked":["Go for the Eyes","Chill"],"picked":"Lockon","floor":12},{"not_picked":["Chill","Rebound"],"picked":"Storm","floor":13},{"not_picked":["Reboot","Meteor Strike"],"picked":"Buffer","floor":16},{"not_picked":["BootSequence","Beam Cell"],"picked":"Defragment","floor":18},{"not_picked":["Stack","Ball Lightning"],"picked":"BootSequence+1","floor":20},{"not_picked":["Stack+1","Leap"],"picked":"Go for the Eyes","floor":22}],"player_experience":444635,"relics_obtained":[{"floor":7,"key":"Orichalcum"},{"floor":9,"key":"Tiny Chest"},{"floor":13,"key":"Anchor"}],"event_choices":[{"cards_removed":["Strike_B"],"damage_healed":0,"gold_gain":0,"player_choice":"Card Removal","damage_taken":7,"max_hp_gain":0,"max_hp_loss":0,"event_name":"Golden Wing","floor":3,"gold_loss":0},{"damage_healed":0,"gold_gain":0,"player_choice":"Donut","damage_taken":0,"max_hp_gain":5,"max_hp_loss":0,"event_name":"Big Fish","floor":8,"gold_loss":0},{"damage_healed":0,"gold_gain":0,"player_choice":"Searched \u00271\u0027 times","damage_taken":0,"max_hp_gain":0,"max_hp_loss":0,"event_name":"Dead Adventurer","floor":13,"gold_loss":0},{"damage_healed":20,"gold_gain":0,"player_choice":"Healed","damage_taken":0,"max_hp_gain":0,"max_hp_loss":0,"event_name":"The Cleric","floor":14,"gold_loss":35},{"damage_healed":0,"gold_gain":0,"player_choice":"Opened","damage_taken":0,"relics_obtained":["Oddly Smooth Stone"],"max_hp_gain":0,"max_hp_loss":0,"event_name":"The Mausoleum","floor":19,"gold_loss":0,"cards_obtained":["Writhe"]}],"is_beta":false,"boss_relics":[{"not_picked":["Busted Crown","FrozenCore"],"picked":"Nuclear Battery"}],"items_purged_floors":[4,21],"is_endless":false,"potions_floor_spawned":[5,7,11,18],"killed_by":"Sentry and Sphere","ascension_level":4}