{"gold_per_floor":[20,20,32,32,42,76,76,105,154,167,183,183,28,42,42,147,147,161,161,60,60,60,60],"floor_reached":23,"playtime":1344,"items_purged":["Defend_R"],"score":219,"play_id":"918dd108-3c97-4508-8efd-cf0a915040a4","local_time":"20180906212007","is_ascension_mode":true,"campfire_choices":[{"data":"Rage","floor":7,"key":"SMITH"},{"data":"Armaments","floor":12,"key":"SMITH"},{"floor":15,"key":"REST"}],"neow_cost":"NO_GOLD","seed_source_timestamp":8134076275438,"circlet_count":0,"master_deck":["Strike_R","Strike_R","Strike_R","Strike_R","Strike_R","Defend_R","Defend_R","Bash+1","Heavy Blade","Cleave","Rage+1","Demon Form","Shrug It Off","Armaments+1","Barricade","Cleave","Feed","Perfected Strike+1","Inflame","Flex","Writhe"],"relics":["Burning Blood","Magic Flower","Dodecahedron","Potion Belt","Pen Nib","Black Star","Boot"],"potions_floor_usage":[8,10,16,23],"damage_taken":[{"damage":1,"enemies":"Cultist","floor":1,"turns":3},{"damage":14,"enemies":"Jaw Worm","floor":3,"turns":5},{"damage":0,"enemies":"2 Louse","floor":5,"turns":2},{"damage":43,"enemies":"3 Sentries","floor":6,"turns":7},{"damage":31,"enemies":"Lagavulin","floor":8,"turns":5},{"damage":10,"enemies":"Gremlin Gang","floor":10,"turns":3},{"damage":4,"enemies":"Exordium Wildlife","floor":11,"turns":4},{"damage":6,"enemies":"2 Fungi Beasts","floor":14,"turns":3},{"damage":47,"enemies":"Hexaghost","floor":16,"turns":10},{"damage":56,"enemies":"Shell Parasite","floor":18,"turns":9},{"damage":39,"enemies":"Gremlin Leader","floor":23,"turns":4}],"seed_played":"8356472889895382264","potions_obtained":[{"floor":5,"key":"Poison Potion"},{"floor":8,"key":"Fire Potion"},{"floor":14,"key":"SteroidPotion"},{"floor":18,"key":"FearPotion"}],"is_trial":false,"path_per_floor":["M","$","M","?","M","E","R","E","T","M","M","R","$","M","R","B",null,"M","?","$","?","?"],"character_chosen":"IRONCLAD","items_purchased":["Barricade","Inflame","Flex"],"campfire_rested":1,"item_purchase_floors":[13,20,20],"current_hp_per_floor":[80,80,75,75,80,46,46,24,24,23,28,28,28,31,55,17,80,33,33,33,33,33,0],"gold":60,"neow_bonus":"ONE_RARE_RELIC","is_prod":false,"is_daily":false,"chose_seed":false,"campfire_upgraded":2,"win_rate":0,"timestamp":1536261607,"path_taken":["M","?","?","?","?","E","R","E","T","?","M","R","$","M","R","BOSS","M","?","$","?","?","E"],"build_version":"2018-08-30","purchased_purges":1,"victory":false,"max_hp_per_floor":[80,80,80,80,80,80,80,80,80,80,80,80,80,80,80,80,80,80,80,80,80,80,80],"card_choices":[{"not_picked":["Clothesline","Rage"],"picked":"Heavy Blade","floor":1},{"not_picked":["Dropkick","True Grit"],"picked":"Cleave","floor":3},{"not_picked":["Evolve","Rupture","Body Slam"],"picked":"SKIP","floor":5},{"not_picked":["Uppercut","Sword Boomerang"],"picked":"Rage","floor":6},{"not_picked":["Heavy Blade","Anger"],"picked":"Demon Form","floor":8},{"not_picked":["Disarm","Body Slam"],"picked":"Shrug It Off","floor":10},{"not_picked":["Warcry","Shrug It Off"],"picked":"Armaments","floor":11},{"not_picked":["True Grit","Flex"],"picked":"Cleave","floor":14},{"not_picked":["Fiend Fire","Juggernaut"],"picked":"Feed","floor":16},{"not_picked":["Entrench","Wild Strike"],"picked":"Perfected Strike+1","floor":18}],"player_experience":288995,"relics_obtained":[{"floor":6,"key":"Dodecahedron"},{"floor":8,"key":"Potion Belt"},{"floor":9,"key":"Pen Nib"}],"event_choices":[{"event_name":"Upgrade Shrine","player_choice":"Upgraded","floor":4,"damage_taken":0},{"event_name":"Back to Basics","player_choice":"Elegance","floor":19,"damage_taken":0},{"event_name":"The Mausoleum","player_choice":"Yes","floor":21,"damage_taken":0},{"event_name":"Beggar","player_choice":"Ignored","floor":22,"damage_taken":0}],"is_beta":false,"boss_relics":[{"not_picked":["White Beast Statue","Ectoplasm"],"picked":"Black Star"}],"items_purged_floors":[13],"is_endless":false,"potions_floor_spawned":[5,8,14,18],"killed_by":"Gremlin Leader","ascension_level":2}