{"path_per_floor":["M","$","?","M","$","R","E","R","T","M","M","R","M","?","R","B",null,"M","?","$","?","M","R","E","M","T","?","M","?"],"character_chosen":"IRONCLAD","items_purchased":["Cleave","Fire Breathing","Reaper","Dramatic Entrance"],"gold_per_floor":[113,60,60,78,44,44,75,75,102,112,123,123,143,143,143,243,243,259,259,12,12,22,22,51,64,64,24,44,44],"floor_reached":30,"campfire_rested":0,"playtime":3118,"current_hp_per_floor":[80,80,85,85,85,85,71,71,71,65,58,58,64,64,64,43,85,85,70,70,70,58,58,41,15,15,15,21,5],"items_purged":[],"gold":44,"play_id":"f1a6e8c4-5344-417b-8846-2bb9a080b9be","is_prod":false,"is_daily":false,"campfire_rituals":0,"campfire_upgraded":5,"is_hardmode":false,"path_taken":["M","$","?","?","?","R","E","R","T","M","M","R","M","?","R","BOSS","M","?","$","?","M","R","E","M","T","?","M","?","?"],"build_version":"2018-01-18-PROD3","purchased_purges":0,"victory":false,"master_deck":["Strike_R","Strike_R","Strike_R","Strike_R","Strike_R","Defend_R","Defend_R","Defend_R","Defend_R","Bash","Fire Breathing","Bludgeon","Cleave","Anger","Fire Breathing","Double Tap","Clash","Sword Boomerang","Clash","Bash","Perfected Strike","Feed","Clash","Reaper","Dramatic Entrance","Bloodletting","Dual Wield","Headbutt","Anger"],"max_hp_per_floor":[80,80,85,85,85,85,85,85,85,85,85,85,85,85,85,85,85,85,90,90,90,90,90,90,90,90,90,90,90],"relics":["Black Blood","Bottled Tornado","Oddly Smooth Stone","Vajra","Anchor","Enchiridion"],"campfire_meditates":0,"card_choices":[{"not_picked":["Headbutt","Twin Strike"],"picked":"Fire Breathing"},{"not_picked":["Reckless Charge","True Grit"],"picked":"Bludgeon"},{"not_picked":["Cleave","Twin Strike"],"picked":"Anger"},{"not_picked":["Uppercut","Warcry"],"picked":"Double Tap"},{"not_picked":["Flex","Hemokinesis"],"picked":"Clash"},{"not_picked":["Clothesline","Sever Soul"],"picked":"Sword Boomerang"},{"not_picked":["Cleave","Pommel Strike"],"picked":"Clash"},{"not_picked":["Dark Embrace","Offering"],"picked":"Feed"},{"not_picked":["Flex","Combust"],"picked":"Clash"},{"not_picked":["Cleave","Perfected Strike"],"picked":"Bloodletting"},{"not_picked":["Corruption","Thunderclap"],"picked":"Dual Wield"},{"not_picked":["Perfected Strike","Uppercut"],"picked":"Headbutt"},{"not_picked":["Body Slam","Metallicize"],"picked":"Anger"}],"player_experience":3475,"potions_floor_usage":[24,24,25,30,30],"damage_taken":[{"damage":6,"enemies":"Cultist","floor":1,"turns":4},{"damage":0,"enemies":"Small Slimes","floor":4,"turns":3},{"damage":20,"enemies":"Gremlin Nob","floor":7,"turns":4},{"damage":12,"enemies":"Blue Slaver","floor":10,"turns":2},{"damage":13,"enemies":"Gremlin Gang","floor":11,"turns":3},{"damage":0,"enemies":"Lots of Slimes","floor":13,"turns":2},{"damage":27,"enemies":"Slime Boss","floor":16,"turns":7},{"damage":10,"enemies":"Spheric Guardian","floor":18,"turns":3},{"damage":30,"enemies":"2 Thieves","floor":22,"turns":3},{"damage":33,"enemies":"Gremlin Leader","floor":24,"turns":9},{"damage":36,"enemies":"Centurion and Healer","floor":25,"turns":4},{"damage":10,"enemies":"Sentry and Sphere","floor":28,"turns":3},{"damage":16,"enemies":"Chosen and Byrds","floor":30,"turns":3}],"event_choices":[{"event_name":"Big Fish","player_choice":"Donut","floor":3,"damage_taken":0},{"event_name":"Match and Keep!","player_choice":"2 cards matched","floor":14,"damage_taken":0},{"event_name":"Forgotten Altar","player_choice":"Shed Blood","floor":19,"damage_taken":0},{"event_name":"Vampires","player_choice":"Ignored","floor":21,"damage_taken":0},{"event_name":"The Woman in Blue","player_choice":"Bought 3 Potions","floor":27,"damage_taken":0},{"event_name":"Cursed Tome","player_choice":"Obtained Book","floor":29,"damage_taken":0}],"boss_relics":[{"not_picked":["Question Card","Orrery"],"picked":"Black Blood"}],"potions_floor_spawned":[1,7,16,22,28],"seed_played":"2632324194468464036","killed_by":"Chosen and Byrds","is_trial":false}