{"gold_per_floor":[11,23,36,62,72,72,87,116,116,116,151,101,101,26,26,121,121,134,234,234,434,449,463,463],"floor_reached":24,"playtime":1624,"items_purged":[],"score":216,"play_id":"205bbb04-b3c5-457c-a5cb-6ed09b421b71","local_time":"20180722010413","is_ascension_mode":true,"campfire_choices":[{"data":"A Thousand Cuts","floor":6,"key":"SMITH"},{"data":"Blade Dance","floor":10,"key":"SMITH"},{"floor":15,"key":"REST"}],"neow_cost":"NO_GOLD","seed_source_timestamp":13866667221587,"circlet_count":0,"master_deck":["Defend_G","Defend_G","Defend_G","Defend_G","Strike_G","Strike_G","Strike_G","Survivor","Neutralize","A Thousand Cuts+1","Blade Dance+1","Slice","Poisoned Stab","Cloak And Dagger","Infinite Blades","Phantasmal Killer","Backflip","Accuracy","Burst","Flying Knee+1","Crippling Poison+1","Quick Slash+1"],"relics":["Ring of the Snake","Orichalcum","Paper Crane","Smiling Mask","Turnip","Eternal Feather"],"potions_floor_usage":[8,16,16,16,23,24,24,24],"damage_taken":[{"damage":0,"enemies":"Cultist","floor":1,"turns":4},{"damage":6,"enemies":"2 Louse","floor":2,"turns":2},{"damage":11,"enemies":"Jaw Worm","floor":3,"turns":4},{"damage":1,"enemies":"Gremlin Gang","floor":5,"turns":4},{"damage":4,"enemies":"Looter","floor":7,"turns":3},{"damage":6,"enemies":"3 Sentries","floor":8,"turns":4},{"damage":12,"enemies":"Lagavulin","floor":11,"turns":6},{"damage":10,"enemies":"The Guardian","floor":16,"turns":8},{"damage":15,"enemies":"2 Thieves","floor":18,"turns":4},{"damage":17,"enemies":"3 Byrds","floor":22,"turns":5},{"damage":24,"enemies":"Centurion and Healer","floor":23,"turns":4},{"damage":15,"enemies":"Book of Stabbing","floor":24,"turns":4}],"seed_played":"-3175375870478582694","potions_obtained":[{"floor":2,"key":"EntropicBrew"},{"floor":3,"key":"Block Potion"},{"floor":11,"key":"Weak Potion"},{"floor":22,"key":"Poison Potion"},{"floor":23,"key":"SpeedPotion"}],"is_trial":false,"path_per_floor":["M","M","M","T","M","R","M","E","T","R","E","?","?","$","R","B",null,"M","?","?","?","M","M"],"character_chosen":"THE_SILENT","items_purchased":["Accuracy"],"campfire_rested":1,"item_purchase_floors":[14],"current_hp_per_floor":[70,64,53,53,52,52,48,42,42,42,30,30,23,23,44,34,70,55,55,55,55,38,14,0],"gold":463,"neow_bonus":"THREE_RARE_CARDS","is_prod":false,"is_daily":false,"chose_seed":false,"campfire_upgraded":2,"win_rate":0,"timestamp":1532214253,"path_taken":["M","M","M","?","M","R","M","E","T","R","E","?","?","$","R","BOSS","M","?","?","?","M","M","E"],"build_version":"2018-07-19v2","purchased_purges":0,"victory":false,"max_hp_per_floor":[70,70,70,70,70,70,70,70,70,70,70,70,70,70,70,70,70,70,70,70,70,70,70,70],"card_choices":[{"not_picked":["After Image","Phantasmal Killer"],"picked":"A Thousand Cuts","floor":0},{"not_picked":["Outmaneuver","Backflip"],"picked":"Blade Dance","floor":1},{"not_picked":["Acrobatics","Deadly Poison"],"picked":"Slice","floor":2},{"not_picked":["Sucker Punch","Acrobatics"],"picked":"Poisoned Stab","floor":3},{"not_picked":["Reflex","PiercingWail"],"picked":"Cloak And Dagger","floor":5},{"not_picked":["Well Laid Plans","Choke"],"picked":"Infinite Blades","floor":7},{"not_picked":["Dagger Throw","Prepared"],"picked":"Phantasmal Killer","floor":8},{"not_picked":["Choke","After Image"],"picked":"Backflip","floor":11},{"not_picked":["Tools of the Trade","Phantasmal Killer"],"picked":"Burst","floor":16},{"not_picked":["Dash","Dodge and Roll"],"picked":"Flying Knee+1","floor":18},{"not_picked":["Outmaneuver","Blur"],"picked":"Crippling Poison+1","floor":22},{"not_picked":["Heel Hook","Outmaneuver"],"picked":"Quick Slash+1","floor":23}],"player_experience":193928,"relics_obtained":[{"floor":4,"key":"Orichalcum"},{"floor":8,"key":"Paper Crane"},{"floor":9,"key":"Smiling Mask"},{"floor":11,"key":"Turnip"}],"event_choices":[{"event_name":"The Cleric","player_choice":"Card Removal","floor":12,"damage_taken":0},{"event_name":"Golden Wing","player_choice":"Card Removal","floor":13,"damage_taken":0},{"event_name":"Golden Shrine","player_choice":"Pray","floor":19,"damage_taken":0},{"event_name":"Back to Basics","player_choice":"Elegance","floor":20,"damage_taken":0},{"event_name":"The Joust","player_choice":"Bet on Owner","floor":21,"damage_taken":0}],"is_beta":false,"boss_relics":[{"not_picked":["Busted Crown","Runic Dome"],"picked":"Eternal Feather"}],"items_purged_floors":[],"is_endless":false,"potions_floor_spawned":[2,3,11,22,23],"killed_by":"Book of Stabbing","ascension_level":1}