{"gold_per_floor":[109,109,123,139,187,187,218,231,231,252,252,268,268,193,193,193],"floor_reached":16,"playtime":822,"items_purged":["Defend_R"],"score":112,"play_id":"a9135d87-e337-421e-b757-b40dba40ae5d","local_time":"20180704015408","is_ascension_mode":true,"campfire_choices":[{"data":"Pommel Strike","floor":6,"key":"SMITH"},{"data":"Pommel Strike","floor":13,"key":"SMITH"},{"data":"Flex","floor":15,"key":"SMITH"}],"neow_cost":"","seed_source_timestamp":14374008323225,"circlet_count":0,"master_deck":["Strike_R","Strike_R","Strike_R","Strike_R","Strike_R","Defend_R","Defend_R","Defend_R","Bash","Pommel Strike+1","Pommel Strike+1","Shrug It Off","Flex+1"],"relics":["Burning Blood","Golden Idol","Ancient Tea Set","Mummified Hand","Blood Vial"],"potions_floor_usage":[16,16],"damage_taken":[{"damage":6,"enemies":"Small Slimes","floor":1,"turns":4},{"damage":13,"enemies":"Jaw Worm","floor":3,"turns":4},{"damage":9,"enemies":"2 Louse","floor":4,"turns":2},{"damage":20,"enemies":"Gremlin Nob","floor":7,"turns":4},{"damage":15,"enemies":"Exordium Wildlife","floor":8,"turns":5},{"damage":5,"enemies":"3 Louse","floor":10,"turns":4},{"damage":13,"enemies":"Looter","floor":12,"turns":4},{"damage":31,"enemies":"Hexaghost","floor":16,"turns":9}],"seed_played":"2296007931021179319","potions_obtained":[{"floor":1,"key":"Swift Potion"},{"floor":4,"key":"GamblersBrew"},{"floor":10,"key":"SpeedPotion"},{"floor":12,"key":"Weak Potion"}],"is_trial":false,"path_per_floor":["M","?","M","M","T","R","E","M","T","M","?","M","R","$","R"],"character_chosen":"IRONCLAD","items_purchased":[],"campfire_rested":0,"item_purchase_floors":[],"current_hp_per_floor":[80,60,53,50,50,50,36,27,27,30,30,25,25,25,25,0],"gold":193,"neow_bonus":"","is_prod":false,"is_daily":false,"chose_seed":false,"campfire_upgraded":3,"win_rate":0,"timestamp":1530662048,"path_taken":["M","?","M","M","?","R","E","M","T","M","?","M","R","$","R","BOSS"],"build_version":"2018-06-28","purchased_purges":1,"victory":false,"max_hp_per_floor":[80,80,80,80,80,80,80,80,80,80,80,80,80,80,80,80],"card_choices":[{"not_picked":["Battle Trance","Twin Strike","Power Through"],"picked":"SKIP","floor":1},{"not_picked":["Headbutt","Warcry"],"picked":"Pommel Strike","floor":3},{"not_picked":["Thunderclap","Carnage"],"picked":"Pommel Strike","floor":4},{"not_picked":["Feel No Pain","Pommel Strike"],"picked":"Shrug It Off","floor":7},{"not_picked":["Havoc","Carnage","Heavy Blade"],"picked":"SKIP","floor":8},{"not_picked":["Shrug It Off","Sword Boomerang"],"picked":"Flex","floor":10},{"not_picked":["Headbutt","Juggernaut","Cleave"],"picked":"SKIP","floor":12}],"player_experience":149809,"relics_obtained":[{"floor":5,"key":"Ancient Tea Set"},{"floor":7,"key":"Mummified Hand"},{"floor":9,"key":"Blood Vial"}],"event_choices":[{"event_name":"Golden Idol","player_choice":"Take Damage","floor":2,"damage_taken":0},{"event_name":"Liars Game","player_choice":"disagreed","floor":11,"damage_taken":0}],"boss_relics":[],"items_purged_floors":[14],"is_endless":false,"potions_floor_spawned":[1,4,10,12],"killed_by":"Hexaghost","ascension_level":2}