{"gold_per_floor":[116,116,116,126,126,126,161,161,161,187,197,274,287,7,7,108,108,123,123,71,81,81,81,106,106,153,178,191,191,206,219,219,320,320,339,354,454,465,15,15,15,26,26,26,73,93,125,143,143,143],"floor_reached":51,"playtime":3723,"items_purged":["Defend_R"],"score":1031,"play_id":"485c94dd-26dc-48d4-b38f-802af5de6d07","local_time":"20190526034112","is_ascension_mode":true,"campfire_choices":[{"data":"Feed","floor":6,"key":"SMITH"},{"data":"Flex","floor":15,"key":"SMITH"},{"data":"Reaper","floor":23,"key":"SMITH"},{"data":"Perfected Strike","floor":25,"key":"SMITH"},{"floor":29,"key":"REST"},{"data":"Limit Break","floor":32,"key":"SMITH"},{"floor":40,"key":"DIG"},{"floor":44,"key":"DIG"},{"floor":49,"key":"DIG"}],"neow_cost":"NONE","seed_source_timestamp":50289574602900,"circlet_count":0,"master_deck":["Strike_R+1","Strike_R+1","Strike_R","Strike_R","Bash","Perfected Strike+1","Feed+1","Metallicize","Clash+1","Shrug It Off","Reaper+1","Flex+1","Pommel Strike","Inflame","Flex","Clash","Limit Break+1","Clash+1","Shrug It Off","Rage","Wild Strike","Flame Barrier","Pommel Strike+1","Reaper","Flex","Flex+1","Impervious","Twin Strike+1","Seeing Red","Clash","Limit Break+1","Flex","Pommel Strike+1","Shrug It Off+1","Clash"],"relics":["Black Blood","Pen Nib","Matryoshka","Bottled Tornado","Ornamental Fan","Meat on the Bone","Vajra","Lizard Tail","Nilry\u0027s Codex","Happy Flower","Smiling Mask","Centennial Puzzle","Bottled Lightning","Shovel","DollysMirror","Bag of Marbles","Orichalcum","Mercury Hourglass","Whetstone","FossilizedHelix","Pear","Letter Opener"],"potions_floor_usage":[7,10,16,16,24,27,28,33,37,47],"damage_taken":[{"damage":3,"enemies":"2 Louse","floor":1,"turns":2},{"damage":9,"enemies":"Jaw Worm","floor":4,"turns":4},{"damage":14,"enemies":"3 Sentries","floor":7,"turns":7},{"damage":13,"enemies":"Gremlin Nob","floor":10,"turns":3},{"damage":0,"enemies":"Cultist","floor":11,"turns":3},{"damage":10,"enemies":"Blue Slaver","floor":13,"turns":3},{"damage":19,"enemies":"The Guardian","floor":16,"turns":7},{"damage":0,"enemies":"Spheric Guardian","floor":18,"turns":3},{"damage":25,"enemies":"3 Byrds","floor":21,"turns":6},{"damage":22,"enemies":"Book of Stabbing","floor":24,"turns":4},{"damage":55,"enemies":"Gremlin Leader","floor":27,"turns":5},{"damage":50,"enemies":"Shelled Parasite and Fungi","floor":28,"turns":6},{"damage":9,"enemies":"3 Cultists","floor":30,"turns":4},{"damage":42,"enemies":"Snake Plant","floor":31,"turns":3},{"damage":132,"enemies":"Collector","floor":33,"turns":9},{"damage":30,"enemies":"Orb Walker","floor":35,"turns":5},{"damage":24,"enemies":"3 Shapes","floor":36,"turns":7},{"damage":35,"enemies":"Mind Bloom Boss Battle","floor":37,"turns":6},{"damage":104,"enemies":"Transient","floor":38,"turns":5},{"damage":13,"enemies":"Maw","floor":42,"turns":7},{"damage":39,"enemies":"2 Orb Walkers","floor":45,"turns":4},{"damage":18,"enemies":"Writhing Mass","floor":46,"turns":2},{"damage":0,"enemies":"Giant Head","floor":47,"turns":5},{"damage":16,"enemies":"Sphere and 2 Shapes","floor":48,"turns":5},{"damage":67,"enemies":"Time Eater","floor":50,"turns":8}],"seed_played":"2966734455737184696","potions_obtained":[{"floor":4,"key":"SkillPotion"},{"floor":7,"key":"PowerPotion"},{"floor":11,"key":"EssenceOfSteel"},{"floor":13,"key":"Poison Potion"},{"floor":18,"key":"Dexterity Potion"},{"floor":24,"key":"EssenceOfSteel"},{"floor":27,"key":"Poison Potion"},{"floor":28,"key":"BloodPotion"},{"floor":35,"key":"Strength Potion"},{"floor":36,"key":"EssenceOfSteel"},{"floor":37,"key":"Swift Potion"},{"floor":47,"key":"LiquidBronze"}],"is_trial":false,"path_per_floor":["M","?","?","M","?","R","E","?","T","E","M","T","M","$","R","B",null,"M","?","$","M","?","R","E","R","T","E","M","R","M","M","R","B",null,"M","M","?","M","$","R","?","M","T","R","?","M","E","M","R","B",null],"character_chosen":"IRONCLAD","items_purchased":["Inflame","Flex","Clash","Vajra","Shrug It Off","DollysMirror","Flex","Bag of Marbles"],"campfire_rested":1,"item_purchase_floors":[14,14,14,14,20,39,39,39],"current_hp_per_floor":[88,70,70,70,63,63,59,59,59,56,66,66,72,72,72,64,93,103,87,87,76,76,76,72,72,72,53,40,73,70,59,59,34,92,76,74,61,79,79,79,79,91,91,91,110,102,125,129,129,92],"gold":143,"neow_bonus":"TEN_PERCENT_HP_BONUS","is_prod":false,"is_daily":false,"chose_seed":false,"campfire_upgraded":5,"win_rate":0,"timestamp":1558834872,"path_taken":["M","?","?","M","?","R","E","?","T","E","?","?","M","$","R","BOSS","M","?","$","M","?","R","E","R","T","E","M","R","M","M","R","BOSS","M","M","?","M","$","R","?","M","T","R","?","M","E","M","R","BOSS"],"build_version":"2019-01-23","purchased_purges":1,"victory":true,"max_hp_per_floor":[88,88,88,91,91,91,95,95,95,99,99,99,103,103,103,103,103,107,107,107,107,107,107,107,107,107,107,111,111,111,111,111,111,111,115,115,115,115,115,115,115,115,115,115,115,115,125,129,129,129],"card_choices":[{"not_picked":["Twin Strike","Anger"],"picked":"Perfected Strike","floor":1},{"not_picked":["Intimidate","Heavy Blade"],"picked":"Metallicize","floor":4},{"not_picked":["Armaments","Pummel"],"picked":"Clash","floor":7},{"not_picked":["Shrug It Off","Twin Strike"],"picked":"Reaper","floor":10},{"not_picked":["Armaments","Evolve"],"picked":"Flex","floor":11},{"not_picked":["Iron Wave","Fire Breathing"],"picked":"Pommel Strike","floor":13},{"not_picked":["Reaper","Brutality"],"picked":"Limit Break","floor":16},{"not_picked":["Wild Strike","Pommel Strike"],"picked":"Clash","floor":18},{"not_picked":["Second Wind","Iron Wave+1"],"picked":"Rage","floor":21},{"not_picked":["Iron Wave+1","Sentinel+1"],"picked":"Pommel Strike+1","floor":24},{"not_picked":["Warcry","Dual Wield+1"],"picked":"Reaper","floor":27},{"not_picked":["Entrench","Carnage","Reckless Charge"],"picked":"SKIP","floor":28},{"not_picked":["Wild Strike","Clothesline"],"picked":"Flex","floor":30},{"not_picked":["Bloodletting+1","Twin Strike"],"picked":"Flex+1","floor":31},{"not_picked":["Barricade","Exhume"],"picked":"Impervious","floor":33},{"not_picked":["Headbutt","Clothesline+1"],"picked":"Twin Strike+1","floor":35},{"not_picked":["Blood for Blood+1","Iron Wave+1"],"picked":"Seeing Red","floor":36},{"not_picked":["Rupture+1","Brutality"],"picked":"Anger+1","floor":37},{"not_picked":["Whirlwind+1","Clothesline"],"picked":"Clash","floor":38},{"not_picked":["Iron Wave+1","Entrench+1"],"picked":"Pommel Strike+1","floor":42},{"not_picked":["Fire Breathing","Uppercut"],"picked":"Shrug It Off+1","floor":46},{"not_picked":["Corruption","Thunderclap+1"],"picked":"Clash","floor":47},{"not_picked":["Bloodletting+1","Thunderclap","Reckless Charge+1"],"picked":"SKIP","floor":48}],"player_experience":578541,"relics_obtained":[{"floor":7,"key":"Pen Nib"},{"floor":9,"key":"Matryoshka"},{"floor":10,"key":"Bottled Tornado"},{"floor":12,"key":"Ornamental Fan"},{"floor":12,"key":"Meat on the Bone"},{"floor":19,"key":"Nilry\u0027s Codex"},{"floor":24,"key":"Happy Flower"},{"floor":26,"key":"Smiling Mask"},{"floor":26,"key":"Centennial Puzzle"},{"floor":27,"key":"Bottled Lightning"},{"floor":37,"key":"Shovel"},{"floor":40,"key":"Orichalcum"},{"floor":43,"key":"Mercury Hourglass"},{"floor":44,"key":"Whetstone"},{"floor":45,"key":"FossilizedHelix"},{"floor":47,"key":"Pear"},{"floor":49,"key":"Letter Opener"}],"event_choices":[{"damage_healed":0,"gold_gain":0,"player_choice":"Entered Light","damage_taken":18,"max_hp_gain":0,"max_hp_loss":0,"event_name":"Shining Light","floor":2,"gold_loss":0,"cards_upgraded":["Strike_R","Strike_R"]},{"damage_healed":0,"gold_gain":0,"cards_transformed":["Defend_R"],"player_choice":"Change","damage_taken":0,"max_hp_gain":0,"max_hp_loss":0,"event_name":"Living Wall","floor":3,"gold_loss":0,"cards_obtained":["Feed"]},{"cards_removed":["Defend_R"],"damage_healed":0,"gold_gain":0,"player_choice":"Card Removal","damage_taken":7,"max_hp_gain":0,"max_hp_loss":0,"event_name":"Golden Wing","floor":5,"gold_loss":0},{"damage_healed":0,"gold_gain":0,"player_choice":"1 cards matched","damage_taken":0,"max_hp_gain":0,"max_hp_loss":0,"event_name":"Match and Keep!","floor":8,"gold_loss":0,"cards_obtained":["Shrug It Off"]},{"damage_healed":0,"gold_gain":0,"player_choice":"Obtained Book","damage_taken":16,"max_hp_gain":0,"max_hp_loss":0,"event_name":"Cursed Tome","floor":19,"gold_loss":0},{"damage_healed":0,"gold_gain":0,"cards_transformed":["Strike_R","Defend_R"],"player_choice":"Became Test Subject","damage_taken":0,"max_hp_gain":0,"max_hp_loss":0,"event_name":"Drug Dealer","floor":22,"gold_loss":0,"cards_obtained":["Wild Strike","Flame Barrier"]},{"damage_healed":0,"gold_gain":0,"player_choice":"Fight","damage_taken":0,"max_hp_gain":0,"max_hp_loss":0,"event_name":"MindBloom","floor":37,"gold_loss":0},{"cards_removed":["Anger"],"damage_healed":0,"gold_gain":0,"player_choice":"Removed Attack","damage_taken":0,"max_hp_gain":0,"max_hp_loss":0,"event_name":"Falling","floor":41,"gold_loss":0},{"damage_healed":0,"gold_gain":0,"player_choice":"Fight","damage_taken":0,"max_hp_gain":0,"max_hp_loss":0,"event_name":"Mysterious Sphere","floor":45,"gold_loss":0}],"is_beta":false,"boss_relics":[{"not_picked":["Fusion Hammer","Runic Dome"],"picked":"Lizard Tail"},{"not_picked":["Cursed Key","Snecko Eye"],"picked":"Black Blood"}],"items_purged_floors":[39],"is_endless":false,"potions_floor_spawned":[4,7,11,13,18,24,27,28,35,36,37,47],"ascension_level":5}