{"gold_per_floor":[115,129,229,229,240,274,274,306,306,334,353,353,353,373,373,469,469,488,587,587,605,124,124],"floor_reached":23,"playtime":1759,"items_purged":["Defend_B"],"score":219,"play_id":"5a39fd10-8c6f-4da5-9cda-6446e61baa45","local_time":"20180709002753","is_ascension_mode":true,"campfire_choices":[{"data":"Zap","floor":7,"key":"SMITH"},{"floor":12,"key":"REST"},{"data":"Ball Lightning","floor":15,"key":"SMITH"}],"neow_cost":"NONE","seed_source_timestamp":440273305349756,"circlet_count":0,"master_deck":["Strike_B","Strike_B","Defend_B","Defend_B","Defend_B","Zap+1","Dualcast","Ball Lightning+1","Beam Cell","Storm","Turbo+1","Hologram+1","Darkness+1","Fission+1","Genetic Algorithm+1","Loop+1","Rebound+1","Creative AI+1"],"relics":["Cracked Core","Toxic Egg 2","Frozen Egg 2","Gremlin Horn","Pen Nib","Blood Vial","Philosopher\u0027s Stone","Cables"],"potions_floor_usage":[6,14,16,21,23],"damage_taken":[{"damage":0,"enemies":"Small Slimes","floor":1,"turns":3},{"damage":1,"enemies":"Cultist","floor":2,"turns":3},{"damage":8,"enemies":"Jaw Worm","floor":5,"turns":3},{"damage":22,"enemies":"3 Sentries","floor":6,"turns":6},{"damage":16,"enemies":"Lagavulin","floor":8,"turns":5},{"damage":13,"enemies":"3 Sentries","floor":10,"turns":7},{"damage":13,"enemies":"3 Louse","floor":11,"turns":4},{"damage":0,"enemies":"Large Slime","floor":14,"turns":2},{"damage":11,"enemies":"Slime Boss","floor":16,"turns":6},{"damage":19,"enemies":"2 Thieves","floor":18,"turns":3},{"damage":32,"enemies":"Shell Parasite","floor":21,"turns":4},{"damage":31,"enemies":"Snecko","floor":23,"turns":4}],"seed_played":"-1741345581258301500","potions_obtained":[{"floor":1,"key":"Strength Potion"},{"floor":6,"key":"SteroidPotion"},{"floor":11,"key":"PowerPotion"},{"floor":16,"key":"Poison Potion"},{"floor":18,"key":"Explosive Potion"},{"floor":21,"key":"Fire Potion"}],"is_trial":false,"path_per_floor":["M","M","?","?","M","E","R","E","T","E","M","R","?","M","R","B",null,"M","?","?","M","$"],"character_chosen":"DEFECT","items_purchased":["Cables","Creative AI+1"],"campfire_rested":1,"item_purchase_floors":[22,22],"current_hp_per_floor":[75,74,74,74,66,44,44,28,28,15,2,24,12,14,14,5,75,56,56,56,26,26,0],"gold":124,"neow_bonus":"REMOVE_CARD","is_prod":false,"is_daily":false,"chose_seed":false,"campfire_upgraded":2,"win_rate":0,"timestamp":1531088873,"path_taken":["M","M","?","?","?","E","R","E","T","E","M","R","?","M","R","BOSS","M","?","?","M","$","M"],"build_version":"2018-07-05","purchased_purges":1,"victory":false,"max_hp_per_floor":[75,75,75,75,75,75,75,75,75,75,75,75,75,75,75,75,75,75,75,75,75,75,75],"card_choices":[{"not_picked":["Turbo","Stack"],"picked":"Ball Lightning","floor":1},{"not_picked":["Scrape","Stack"],"picked":"Beam Cell","floor":2},{"not_picked":["Redo","Rebound"],"picked":"Storm","floor":5},{"not_picked":["Sweeping Beam","Gash","Recycle"],"picked":"SKIP","floor":6},{"not_picked":["Gash","Rainbow+1"],"picked":"Turbo+1","floor":8},{"not_picked":["Turbo+1","Cold Snap"],"picked":"Hologram+1","floor":10},{"not_picked":["Auto Shields+1","Stack+1"],"picked":"Darkness+1","floor":11},{"not_picked":["Rebound","Gash","Go for the Eyes"],"picked":"SKIP","floor":14},{"not_picked":["Thunder Strike","Machine Learning+1"],"picked":"Fission+1","floor":16},{"not_picked":["Blizzard+1","Steam+1"],"picked":"Genetic Algorithm+1","floor":18},{"not_picked":["Steam+1","Beam Cell"],"picked":"Rebound+1","floor":21}],"player_experience":163698,"relics_obtained":[{"floor":6,"key":"Toxic Egg 2"},{"floor":8,"key":"Frozen Egg 2"},{"floor":9,"key":"Gremlin Horn"},{"floor":10,"key":"Pen Nib"}],"event_choices":[{"event_name":"Golden Shrine","player_choice":"Pray","floor":3,"damage_taken":0},{"event_name":"Living Wall","player_choice":"Forget","floor":4,"damage_taken":0},{"event_name":"Scrap Ooze","player_choice":"success","floor":13,"damage_taken":12},{"event_name":"Nest","player_choice":"Stole From Cult","floor":19,"damage_taken":0},{"event_name":"The Library","player_choice":"Read","floor":20,"damage_taken":0}],"boss_relics":[{"not_picked":["Fusion Hammer","Coffee Dripper"],"picked":"Philosopher\u0027s Stone"}],"items_purged_floors":[22],"is_endless":false,"potions_floor_spawned":[1,6,11,16,18,21],"killed_by":"Snecko","ascension_level":1}