{"gold_per_floor":[116,116,37,56,231,231,255,270,315,22,63,63,94,94,94,220,220,240,240,260,160,160,193,193,229,229,229],"floor_reached":27,"playtime":1582,"items_purged":["Doubt","Strike_B"],"score":308,"play_id":"63bd0bbc-2745-4eae-8e58-3c3e100492ab","local_time":"20180804032519","is_ascension_mode":true,"campfire_choices":[{"data":"Genetic Algorithm","floor":6,"key":"SMITH"},{"data":"Buffer","floor":12,"key":"SMITH"},{"data":"Electrodynamics","floor":15,"key":"SMITH"},{"floor":24,"key":"REST"}],"neow_cost":"NONE","seed_source_timestamp":182717383507,"circlet_count":0,"master_deck":["Strike_B","Strike_B","Strike_B","Defend_B","Defend_B","Defend_B","Defend_B","Zap","Dualcast","Electrodynamics+1","Hologram","Buffer+1","Genetic Algorithm+1","Ball Lightning","Ball Lightning","Hello World","BootSequence","Conserve Battery","Rainbow","Leap+1","Ball Lightning","Ghostly","Ghostly","Ghostly","Ghostly","Ghostly","Defragment+1"],"relics":["Cracked Core","Golden Idol","Potion Belt","Oddly Smooth Stone","Ancient Tea Set","Art of War","Bag of Marbles","White Beast Statue","Ginger","Mummified Hand","Du-Vu Doll","Nunchaku"],"potions_floor_usage":[16,16,23,23],"damage_taken":[{"damage":0,"enemies":"2 Louse","floor":1,"turns":1},{"damage":2,"enemies":"Jaw Worm","floor":4,"turns":3},{"damage":0,"enemies":"Small Slimes","floor":7,"turns":2},{"damage":6,"enemies":"3 Louse","floor":8,"turns":3},{"damage":10,"enemies":"3 Sentries","floor":11,"turns":4},{"damage":14,"enemies":"Gremlin Nob","floor":13,"turns":5},{"damage":12,"enemies":"Hexaghost","floor":16,"turns":10},{"damage":6,"enemies":"Shell Parasite","floor":18,"turns":6},{"damage":4,"enemies":"Chosen","floor":20,"turns":4},{"damage":25,"enemies":"Gremlin Leader","floor":23,"turns":7},{"damage":6,"enemies":"Book of Stabbing","floor":25,"turns":6},{"damage":20,"enemies":"Centurion and Healer","floor":27,"turns":5}],"seed_played":"-5874921452588287023","potions_obtained":[{"floor":1,"key":"SteroidPotion"},{"floor":13,"key":"FearPotion"},{"floor":18,"key":"LiquidBronze"},{"floor":20,"key":"Explosive Potion"},{"floor":23,"key":"SteroidPotion"},{"floor":25,"key":"Ancient Potion"}],"is_trial":false,"path_per_floor":["M","?","$","M","?","R","M","M","T","$","E","R","E","T","R","B",null,"M","T","M","$","?","E","R","E","T"],"character_chosen":"DEFECT","items_purchased":["Buffer","Hello World","Oddly Smooth Stone"],"campfire_rested":1,"item_purchase_floors":[3,10,10],"current_hp_per_floor":[75,57,57,55,55,55,55,49,49,49,39,39,25,25,25,13,75,69,69,65,65,37,12,23,17,17,0],"gold":229,"neow_bonus":"ONE_RANDOM_RARE_CARD","is_prod":false,"is_daily":false,"chose_seed":false,"campfire_upgraded":3,"win_rate":0,"timestamp":1533345919,"path_taken":["M","?","$","M","?","R","M","?","T","?","E","R","E","?","R","BOSS","M","?","M","$","?","E","R","E","T","M"],"build_version":"2018-08-02","purchased_purges":2,"victory":false,"max_hp_per_floor":[75,75,75,75,75,75,75,75,75,75,75,75,75,75,75,75,75,75,75,75,75,37,37,37,37,37,37],"card_choices":[{"not_picked":["Cold Snap","Compile Driver"],"picked":"Hologram","floor":1},{"not_picked":["Reinforced Body","Darkness"],"picked":"Genetic Algorithm","floor":4},{"not_picked":["FTL","Gash"],"picked":"Ball Lightning","floor":7},{"not_picked":["Reinforced Body","Aggregate"],"picked":"Ball Lightning","floor":8},{"not_picked":["Leap","Steam"],"picked":"BootSequence","floor":11},{"not_picked":["Beam Cell","Melter"],"picked":"Conserve Battery","floor":13},{"not_picked":["Core Surge","Hyperbeam"],"picked":"Rainbow","floor":16},{"not_picked":["Skim","Beam Cell"],"picked":"Leap+1","floor":18},{"not_picked":["Consume","Go for the Eyes"],"picked":"Ball Lightning","floor":20},{"not_picked":["Beam Cell","Cold Snap","Streamline"],"picked":"SKIP","floor":23},{"not_picked":["Cold Snap","Coolheaded+1"],"picked":"Defragment+1","floor":25}],"player_experience":223749,"relics_obtained":[{"floor":9,"key":"Potion Belt"},{"floor":11,"key":"Ancient Tea Set"},{"floor":13,"key":"Art of War"},{"floor":14,"key":"Bag of Marbles"},{"floor":19,"key":"Ginger"},{"floor":23,"key":"Mummified Hand"},{"floor":25,"key":"Du-Vu Doll"},{"floor":26,"key":"Nunchaku"}],"event_choices":[{"event_name":"Golden Idol","player_choice":"Take Damage","floor":2,"damage_taken":0},{"event_name":"Liars Game","player_choice":"agreed","floor":5,"damage_taken":0},{"event_name":"Ghosts","player_choice":"Became a Ghost","floor":22,"damage_taken":0}],"is_beta":false,"boss_relics":[{"not_picked":["Snecko Eye","Calling Bell"],"picked":"White Beast Statue"}],"items_purged_floors":[10,21],"is_endless":false,"potions_floor_spawned":[1,13,18,20,23,25],"killed_by":"Centurion and Healer","ascension_level":2}