{"gold_per_floor":[117,67,91,16,31,31,47,57,57,90,90,107,60,78,78,78],"floor_reached":16,"playtime":1113,"items_purged":["Strike_G"],"score":107,"play_id":"4dab610f-ea8f-4c4a-afe3-9438e429f5f9","local_time":"20180727024734","is_ascension_mode":true,"campfire_choices":[{"data":"Poisoned Stab","floor":6,"key":"SMITH"},{"data":"Backstab","floor":11,"key":"SMITH"},{"data":"PiercingWail","floor":15,"key":"SMITH"}],"neow_cost":"FIFTY_PERCENT_DAMAGE","seed_source_timestamp":9036186238248,"circlet_count":0,"master_deck":["Defend_G","Defend_G","Defend_G","Defend_G","Defend_G","Strike_G","Strike_G","Strike_G","Survivor","Neutralize","Poisoned Stab+1","Tools of the Trade","Outmaneuver","Flying Knee","Backstab+1","Outmaneuver","PiercingWail+1"],"relics":["Ring of the Snake","Dream Catcher","Bottled Flame","Gambling Chip"],"potions_floor_usage":[10,10],"damage_taken":[{"damage":0,"enemies":"Small Slimes","floor":1,"turns":3},{"damage":0,"enemies":"2 Louse","floor":5,"turns":3},{"damage":0,"enemies":"Cultist","floor":7,"turns":3},{"damage":6,"enemies":"Exordium Wildlife","floor":8,"turns":5},{"damage":16,"enemies":"Gremlin Nob","floor":10,"turns":4},{"damage":0,"enemies":"Red Slaver","floor":12,"turns":2},{"damage":0,"enemies":"2 Fungi Beasts","floor":14,"turns":2},{"damage":26,"enemies":"Slime Boss","floor":16,"turns":9}],"seed_played":"-1436592823613922841","potions_obtained":[{"floor":1,"key":"Fire Potion"},{"floor":8,"key":"Energy Potion"},{"floor":10,"key":"Dexterity Potion"},{"floor":12,"key":"LiquidBronze"}],"is_trial":false,"path_per_floor":["M","?","T","$","M","R","M","M","T","E","R","M","?","M","R"],"character_chosen":"THE_SILENT","items_purchased":[],"campfire_rested":0,"item_purchase_floors":[],"current_hp_per_floor":[42,42,42,42,42,42,42,36,36,20,20,20,20,20,20,0],"gold":78,"neow_bonus":"TWENTY_PERCENT_HP_BONUS","is_prod":false,"is_daily":false,"chose_seed":false,"campfire_upgraded":3,"win_rate":0,"timestamp":1532652454,"path_taken":["M","?","?","$","?","R","M","M","T","E","R","M","?","M","R","BOSS"],"build_version":"2018-07-26","purchased_purges":1,"victory":false,"max_hp_per_floor":[84,84,84,84,84,84,84,84,84,84,84,84,84,84,84,84],"card_choices":[{"not_picked":["Slice","Flying Knee"],"picked":"Poisoned Stab","floor":1},{"not_picked":["Underhanded Strike","Flechettes"],"picked":"Tools of the Trade","floor":5},{"not_picked":["Catalyst","Calculated Gamble"],"picked":"Outmaneuver","floor":7},{"not_picked":["Choke","Acrobatics"],"picked":"Flying Knee","floor":8},{"not_picked":["Outmaneuver","Slice"],"picked":"Backstab","floor":10},{"not_picked":["Quick Slash","Dagger Spray"],"picked":"Outmaneuver","floor":12},{"not_picked":["Cloak And Dagger","Night Terror"],"picked":"PiercingWail","floor":14}],"player_experience":214649,"relics_obtained":[{"floor":3,"key":"Dream Catcher"},{"floor":9,"key":"Bottled Flame"},{"floor":10,"key":"Gambling Chip"}],"event_choices":[{"event_name":"The Cleric","player_choice":"Card Removal","floor":2,"damage_taken":0},{"event_name":"World of Goop","player_choice":"Left","floor":13,"damage_taken":0}],"is_beta":false,"boss_relics":[],"items_purged_floors":[4],"is_endless":false,"potions_floor_spawned":[1,8,10,12],"killed_by":"Slime Boss","ascension_level":1}