{"gold_per_floor":[111,111,111,111,38,69,85,111,136,146,163,113,113,125,125,229,229,243,263,263],"floor_reached":20,"playtime":1904,"items_purged":[],"score":248,"play_id":"265e065c-12c8-49d9-bdac-636d5f16c10c","local_time":"20190523204414","is_ascension_mode":true,"campfire_choices":[{"floor":13,"key":"REST"},{"data":"Blur","floor":15,"key":"SMITH"}],"neow_cost":"NONE","seed_source_timestamp":4648871512700,"circlet_count":0,"master_deck":["Defend_G+1","Defend_G","Defend_G+1","Defend_G+1","Strike_G","Strike_G","Survivor+1","Neutralize","Poisoned Stab","Accuracy","Accuracy","Finisher","Flying Knee","Blur+1","Caltrops","Skewer","Burst","Venomology+1","Well Laid Plans+1","Well Laid Plans+1","Crippling Poison","Calculated Gamble"],"relics":["Ring of the Snake","War Paint","Meat on the Bone","Bottled Flame","Oddly Smooth Stone","Astrolabe"],"potions_floor_usage":[6,16,16,16,20,20],"damage_taken":[{"damage":1,"enemies":"Jaw Worm","floor":1,"turns":4},{"damage":26,"enemies":"3 Sentries","floor":6,"turns":13},{"damage":0,"enemies":"2 Louse","floor":7,"turns":3},{"damage":18,"enemies":"Gremlin Nob","floor":8,"turns":5},{"damage":0,"enemies":"Cultist","floor":10,"turns":4},{"damage":8,"enemies":"3 Louse","floor":11,"turns":3},{"damage":0,"enemies":"2 Fungi Beasts","floor":14,"turns":3},{"damage":24,"enemies":"Hexaghost","floor":16,"turns":10},{"damage":24,"enemies":"Shell Parasite","floor":18,"turns":9},{"damage":40,"enemies":"Chosen","floor":19,"turns":9},{"damage":39,"enemies":"3 Cultists","floor":20,"turns":5}],"seed_played":"4228954857087440468","potions_obtained":[{"floor":1,"key":"Poison Potion"},{"floor":8,"key":"Swift Potion"},{"floor":10,"key":"Poison Potion"},{"floor":14,"key":"SteroidPotion"}],"is_trial":false,"path_per_floor":["M","?","?","?","$","E","M","E","T","M","M","?","R","M","R","B",null,"M","M","M"],"character_chosen":"THE_SILENT","items_purchased":["Accuracy"],"campfire_rested":1,"item_purchase_floors":[5],"current_hp_per_floor":[62,44,49,34,34,8,20,14,14,26,30,30,52,52,52,40,66,42,14,0],"gold":263,"neow_bonus":"THREE_CARDS","is_prod":false,"is_daily":false,"chose_seed":false,"campfire_upgraded":1,"win_rate":0,"timestamp":1558637054,"path_taken":["M","?","?","?","$","E","?","E","T","M","M","?","R","M","R","BOSS","M","M","M"],"build_version":"2019-01-23","purchased_purges":0,"victory":false,"max_hp_per_floor":[70,70,75,75,75,75,75,75,75,75,75,75,75,75,75,75,75,75,75,75],"card_choices":[{"not_picked":["Outmaneuver","Underhanded Strike"],"picked":"Poisoned Stab","floor":0},{"not_picked":["Deadly Poison","Dagger Spray"],"picked":"Accuracy","floor":1},{"not_picked":["Prepared","Underhanded Strike"],"picked":"Finisher","floor":6},{"not_picked":["Catalyst","Outmaneuver"],"picked":"Flying Knee","floor":7},{"not_picked":["Malaise","Poisoned Stab"],"picked":"Blur","floor":8},{"not_picked":["Sucker Punch","Deflect"],"picked":"Caltrops","floor":10},{"not_picked":["Quick Slash","Sucker Punch","Dagger Throw"],"picked":"SKIP","floor":11},{"not_picked":["Setup","Bane"],"picked":"Skewer","floor":14},{"not_picked":["Unload","Grand Finale"],"picked":"Burst","floor":16},{"not_picked":["Underhanded Strike","Setup+1"],"picked":"Crippling Poison","floor":18},{"not_picked":["Bane","Prepared"],"picked":"Calculated Gamble","floor":19}],"player_experience":568420,"relics_obtained":[{"floor":6,"key":"Meat on the Bone"},{"floor":8,"key":"Bottled Flame"},{"floor":9,"key":"Oddly Smooth Stone"}],"event_choices":[{"damage_healed":0,"gold_gain":0,"player_choice":"Success","damage_taken":18,"relics_obtained":["War Paint"],"max_hp_gain":0,"max_hp_loss":0,"event_name":"Scrap Ooze","floor":2,"gold_loss":0},{"damage_healed":0,"gold_gain":0,"player_choice":"Donut","damage_taken":0,"max_hp_gain":5,"max_hp_loss":0,"event_name":"Big Fish","floor":3,"gold_loss":0},{"damage_healed":0,"gold_gain":0,"player_choice":"Entered Light","damage_taken":15,"max_hp_gain":0,"max_hp_loss":0,"event_name":"Shining Light","floor":4,"gold_loss":0,"cards_upgraded":["Defend_G","Defend_G"]},{"cards_removed":["Strike_G"],"damage_healed":0,"gold_gain":0,"player_choice":"Card Removal","damage_taken":0,"max_hp_gain":0,"max_hp_loss":0,"event_name":"The Cleric","floor":12,"gold_loss":50}],"is_beta":false,"boss_relics":[{"not_picked":["Tiny House","Snecko Eye"],"picked":"Astrolabe"}],"items_purged_floors":[],"is_endless":false,"potions_floor_spawned":[1,8,10,14],"killed_by":"3 Cultists","ascension_level":7}