{"gold_per_floor":[209,209,222,240,96,128,128,138,138,138,138,166,166,178,178,178],"floor_reached":16,"playtime":883,"items_purged":["Defend_R"],"score":168,"play_id":"c4156f82-531b-47ab-b1af-d8a5f2b85d5f","local_time":"20190604021214","is_ascension_mode":true,"campfire_choices":[{"data":"Rampage","floor":10,"key":"SMITH"},{"data":"Limit Break","floor":13,"key":"SMITH"},{"data":"Blood for Blood","floor":15,"key":"SMITH"}],"neow_cost":"NONE","seed_source_timestamp":5248048236800,"circlet_count":0,"master_deck":["Strike_R","Strike_R","Strike_R","Strike_R","Strike_R","Defend_R","Defend_R","Defend_R","Bash","Blood for Blood","Shrug It Off","Cleave","Blood for Blood+1","Rampage+1","Limit Break+1","Seeing Red"],"relics":["Burning Blood","Dream Catcher","Pear","WingedGreaves"],"potions_floor_usage":[2,4,6,6,12,12],"damage_taken":[{"damage":4,"enemies":"2 Louse","floor":1,"turns":4},{"damage":4,"enemies":"Cultist","floor":3,"turns":5},{"damage":0,"enemies":"Small Slimes","floor":4,"turns":4},{"damage":24,"enemies":"Lagavulin","floor":6,"turns":5},{"damage":10,"enemies":"Looter","floor":8,"turns":4},{"damage":32,"enemies":"3 Sentries","floor":12,"turns":5},{"damage":25,"enemies":"Gremlin Gang","floor":14,"turns":3},{"damage":47,"enemies":"The Guardian","floor":16,"turns":10}],"seed_played":"-8549602820340187245","potions_obtained":[{"floor":1,"key":"Ancient Potion"},{"floor":2,"key":"Poison Potion"},{"floor":2,"key":"Fruit Juice"},{"floor":2,"key":"PowerPotion"},{"floor":6,"key":"Regen Potion"},{"floor":8,"key":"SteroidPotion"}],"is_trial":false,"path_per_floor":["M","?","M","M","$","E","?","M","T","R","?","E","R","M","R","B"],"character_chosen":"IRONCLAD","items_purchased":["Blood for Blood"],"campfire_rested":0,"item_purchase_floors":[5],"current_hp_per_floor":[74,79,81,85,85,67,72,68,78,78,78,66,66,47,47,0],"gold":178,"neow_bonus":"HUNDRED_GOLD","is_prod":false,"is_daily":false,"chose_seed":false,"campfire_upgraded":3,"win_rate":0,"timestamp":1559607134,"path_taken":["M","?","M","?","$","E","?","M","T","R","?","E","R","?","R","BOSS"],"build_version":"2019-01-23","purchased_purges":1,"victory":false,"max_hp_per_floor":[80,85,85,85,85,85,90,90,100,100,100,100,100,100,100,100],"card_choices":[{"not_picked":["Pummel","Evolve"],"picked":"Blood for Blood","floor":1},{"not_picked":["Headbutt","Wild Strike"],"picked":"Shrug It Off","floor":3},{"not_picked":["Bloodletting","Twin Strike"],"picked":"Cleave","floor":4},{"not_picked":["Iron Wave","Havoc","Armaments"],"picked":"SKIP","floor":6},{"not_picked":["Feed","True Grit"],"picked":"Rampage","floor":8},{"not_picked":["Feel No Pain","True Grit","Clothesline"],"picked":"SKIP","floor":12},{"not_picked":["Body Slam","Twin Strike"],"picked":"Seeing Red","floor":14}],"player_experience":587892,"relics_obtained":[{"floor":6,"key":"Dream Catcher"},{"floor":9,"key":"Pear"},{"floor":12,"key":"WingedGreaves"}],"event_choices":[{"damage_healed":0,"gold_gain":0,"player_choice":"Got Potions","damage_taken":0,"max_hp_gain":0,"max_hp_loss":0,"event_name":"Lab","floor":2,"gold_loss":0},{"damage_healed":0,"gold_gain":0,"player_choice":"Donut","damage_taken":0,"max_hp_gain":5,"max_hp_loss":0,"event_name":"Big Fish","floor":7,"gold_loss":0},{"damage_healed":0,"gold_gain":0,"player_choice":"1 cards matched","damage_taken":0,"max_hp_gain":0,"max_hp_loss":0,"event_name":"Match and Keep!","floor":11,"gold_loss":0,"cards_obtained":["Limit Break"]}],"is_beta":false,"boss_relics":[],"items_purged_floors":[5],"is_endless":false,"potions_floor_spawned":[1,6,8],"killed_by":"The Guardian","ascension_level":6}