{"gold_per_floor":[112,122,133,147,16,16,35,35,35,35,35,52,52,63,63,163,163,178,55,55],"floor_reached":20,"playtime":1359,"items_purged":["Strike_R"],"score":208,"play_id":"d3b9be48-298c-4ece-a846-21416c9dba14","local_time":"20190422234323","is_ascension_mode":true,"campfire_choices":[{"data":"Fire Breathing","floor":6,"key":"SMITH"},{"data":"Flash of Steel","floor":8,"key":"SMITH"},{"data":"Seeing Red","floor":10,"key":"SMITH"},{"data":"Flame Barrier","floor":13,"key":"SMITH"},{"data":"Dual Wield","floor":15,"key":"SMITH"}],"neow_cost":"NONE","seed_source_timestamp":0,"circlet_count":0,"master_deck":["Strike_R","Strike_R","Strike_R","Strike_R","Defend_R","Defend_R","Bash+1","Sentinel","Cleave","Seeing Red+1","Fire Breathing+1","Flex","Flash of Steel+1","Dual Wield+1","Flame Barrier+1","Fire Breathing","Double Tap","Shockwave","Shrug It Off"],"special_seed":0,"relics":["Burning Blood","Pantograph","Empty Cage"],"potions_floor_usage":[4,16,20],"damage_taken":[{"damage":6.0,"enemies":"Cultist","floor":1.0,"turns":4.0},{"damage":0,"enemies":"Small Slimes","floor":2,"turns":3},{"damage":13,"enemies":"Jaw Worm","floor":3,"turns":4},{"damage":11,"enemies":"Gremlin Gang","floor":4,"turns":5},{"damage":19,"enemies":"Exordium Wildlife","floor":7,"turns":5},{"damage":13,"enemies":"3 Louse","floor":12,"turns":3},{"damage":0,"enemies":"Large Slime","floor":14,"turns":5},{"damage":71,"enemies":"The Guardian","floor":16,"turns":13},{"damage":29,"enemies":"3 Byrds","floor":18,"turns":5},{"damage":39,"enemies":"Colosseum Slavers","floor":20,"turns":6},{"damage":21,"enemies":"Colosseum Nobs","floor":20,"turns":2}],"seed_played":"-472924108028688871","potions_obtained":[{"floor":1.0,"key":"SteroidPotion"},{"floor":14,"key":"SteroidPotion"},{"floor":18,"key":"EssenceOfSteel"}],"is_trial":false,"path_per_floor":["M","M","M","M","$","R","M","R","T","R","$","M","R","M","R","B",null,"M","$","?"],"character_chosen":"IRONCLAD","items_purchased":["Flex","Flash of Steel","Shrug It Off"],"campfire_rested":0,"item_purchase_floors":[5,5,19],"current_hp_per_floor":[80,80,73,68,68,68,55,55,55,55,55,48,48,54,54,14,64,41,41,0],"gold":55,"neow_bonus":"UPGRADE_CARD","is_prod":false,"is_daily":false,"chose_seed":false,"campfire_upgraded":5,"win_rate":0,"timestamp":1555969403,"path_taken":["M","M","M","M","$","R","M","R","T","R","$","M","R","M","R","BOSS","M","$","?"],"build_version":"2019-01-23","purchased_purges":1,"victory":false,"max_hp_per_floor":[80,80,80,80,80,80,80,80,80,80,80,80,80,80,80,80,80,80,80,80],"card_choices":[{"not_picked":["Carnage","Havoc"],"picked":"Sentinel","floor":1.0},{"not_picked":["Warcry","Sword Boomerang"],"picked":"Cleave","floor":2},{"not_picked":["Fire Breathing","Twin Strike"],"picked":"Seeing Red","floor":3},{"not_picked":["Disarm","Thunderclap"],"picked":"Fire Breathing","floor":4},{"not_picked":["Rampage","Havoc"],"picked":"Dual Wield","floor":7},{"not_picked":["Headbutt","Armaments"],"picked":"Flame Barrier","floor":12},{"not_picked":["Clothesline","Headbutt"],"picked":"Fire Breathing","floor":14},{"not_picked":["Barricade","Brutality"],"picked":"Double Tap","floor":16},{"not_picked":["Perfected Strike","Cleave"],"picked":"Shockwave","floor":18}],"player_experience":508949,"relics_obtained":[{"floor":9,"key":"Pantograph"}],"event_choices":[{"damage_healed":0,"gold_gain":0,"player_choice":"Fight","damage_taken":0,"max_hp_gain":0,"max_hp_loss":0,"event_name":"Colosseum","floor":20,"gold_loss":0},{"damage_healed":0,"gold_gain":0,"player_choice":"Fought Nobs","damage_taken":0,"max_hp_gain":0,"max_hp_loss":0,"event_name":"Colosseum","floor":20,"gold_loss":0}],"is_beta":false,"boss_relics":[{"not_picked":["Astrolabe","Ectoplasm"],"picked":"Empty Cage"}],"items_purged_floors":[19],"is_endless":false,"potions_floor_spawned":[1,14,18,20],"killed_by":"Colosseum Nobs","ascension_level":5}