{"gold_per_floor":[119,119,119,8,8,33,49,49,49,82,82,101,67,83,83,183,183,199,73,99,118,18,18,51,70,120,182,182,182,202,222,222,222],"floor_reached":33,"playtime":2252,"items_purged":["Strike_G","Defend_G"],"score":308,"play_id":"9d7c87c2-6211-4301-96bc-ee3abe7350b6","local_time":"20180722150307","is_ascension_mode":true,"campfire_choices":[{"data":"Tactician","floor":8,"key":"SMITH"},{"data":"Backstab","floor":11,"key":"SMITH"},{"floor":15,"key":"REST"},{"data":"Backstab","floor":23,"key":"SMITH"},{"data":"Poisoned Stab","floor":28,"key":"SMITH"},{"data":"Noxious Fumes","floor":32,"key":"SMITH"}],"neow_cost":"NONE","seed_source_timestamp":63590532082016,"circlet_count":0,"master_deck":["Defend_G","Defend_G","Defend_G","Defend_G","Strike_G","Strike_G","Strike_G","Survivor","Neutralize+1","Unload+1","PiercingWail","Flash of Steel","Poisoned Stab+1","Tactician+1","Backstab+1","Catalyst+1","Backstab+1","Blade Dance+1","Cloak And Dagger+1","Doppelganger+1","Flying Knee+1","Outmaneuver+1","Outmaneuver+1","Backstab+1","Cloak And Dagger+1","Bouncing Flask+1","Finisher+1","Noxious Fumes+1","Calculated Gamble+1"],"relics":["Ring of the Snake","Bag of Marbles","Toxic Egg 2","Art of War","Lizard Tail","Red Mask","Happy Flower","Boot","Tiny Chest","GremlinMask"],"potions_floor_usage":[16,16,27,27,33],"damage_taken":[{"damage":0,"enemies":"Jaw Worm","floor":1,"turns":3},{"damage":8,"enemies":"Gremlin Nob","floor":6,"turns":4},{"damage":0,"enemies":"Small Slimes","floor":7,"turns":1},{"damage":12,"enemies":"3 Sentries","floor":10,"turns":6},{"damage":0,"enemies":"2 Louse","floor":12,"turns":1},{"damage":10,"enemies":"Gremlin Gang","floor":14,"turns":4},{"damage":36,"enemies":"Slime Boss","floor":16,"turns":11},{"damage":0,"enemies":"Chosen","floor":18,"turns":3},{"damage":9,"floor":20,"turns":4},{"damage":0,"enemies":"Spheric Guardian","floor":21,"turns":2},{"damage":12,"enemies":"Slavers","floor":24,"turns":5},{"damage":0,"enemies":"Snecko","floor":25,"turns":4},{"damage":52,"enemies":"Gremlin Leader","floor":27,"turns":7},{"damage":15,"enemies":"Snake Plant","floor":30,"turns":2},{"damage":0,"enemies":"Cultist and Chosen","floor":31,"turns":2},{"damage":39,"enemies":"Champ","floor":33,"turns":8}],"seed_played":"4054565276112922453","potions_obtained":[{"floor":7,"key":"Poison Potion"},{"floor":10,"key":"Poison Potion"},{"floor":12,"key":"Energy Potion"},{"floor":14,"key":"GhostInAJar"},{"floor":18,"key":"AttackPotion"},{"floor":24,"key":"Strength Potion"},{"floor":25,"key":"Regen Potion"}],"is_trial":false,"path_per_floor":["M","?","?","$","?","E","M","R","T","E","R","M","$","M","R","B",null,"M","$","?","M","$","R","E","M","T","E","R","?","M","M","R"],"character_chosen":"THE_SILENT","items_purchased":["Flash of Steel","Poisoned Stab","Blade Dance+1","Outmaneuver+1"],"campfire_rested":1,"item_purchase_floors":[4,4,13,19],"current_hp_per_floor":[70,70,63,63,49,41,41,41,41,29,29,29,29,19,40,4,70,70,70,61,61,61,61,49,49,49,35,35,35,20,20,20,0],"gold":222,"neow_bonus":"ONE_RANDOM_RARE_CARD","is_prod":false,"is_daily":false,"chose_seed":false,"campfire_upgraded":5,"win_rate":0,"timestamp":1532264587,"path_taken":["M","?","?","$","?","E","M","R","T","E","R","M","$","M","R","BOSS","M","$","?","M","$","R","E","M","T","E","R","?","M","?","R","BOSS"],"build_version":"2018-07-19v2","purchased_purges":2,"victory":false,"max_hp_per_floor":[70,70,70,70,70,70,70,70,70,70,70,70,70,70,70,70,70,70,70,70,70,70,70,70,70,70,70,70,70,70,70,70,70],"card_choices":[{"not_picked":["Backstab","Flying Knee"],"picked":"PiercingWail","floor":1},{"not_picked":["Slice","Well Laid Plans"],"picked":"Tactician","floor":6},{"not_picked":["All Out Attack","Poisoned Stab"],"picked":"Backstab","floor":7},{"not_picked":["Dagger Spray","Prepared+1"],"picked":"Catalyst+1","floor":10},{"not_picked":["Dagger Throw","Quick Slash"],"picked":"Backstab","floor":12},{"not_picked":["Flying Knee","Dodge and Roll+1"],"picked":"Cloak And Dagger+1","floor":14},{"not_picked":["Night Terror+1","Malaise+1"],"picked":"Doppelganger+1","floor":16},{"not_picked":["Reflex+1","Footwork"],"picked":"Flying Knee+1","floor":18},{"not_picked":["Acrobatics+1","PiercingWail+1"],"picked":"Outmaneuver+1","floor":20},{"not_picked":["Quick Slash+1","Sucker Punch"],"picked":"Backstab+1","floor":21},{"not_picked":["Riddle With Holes+1","Slice"],"picked":"Cloak And Dagger+1","floor":24},{"not_picked":["Prepared+1","Slice"],"picked":"Bouncing Flask+1","floor":25},{"not_picked":["Dagger Spray","Night Terror+1"],"picked":"Finisher+1","floor":27},{"not_picked":["Dagger Throw","Dodge and Roll+1"],"picked":"Noxious Fumes","floor":30},{"not_picked":["Dagger Throw","Endless Agony"],"picked":"Calculated Gamble+1","floor":31}],"player_experience":197928,"relics_obtained":[{"floor":6,"key":"Bag of Marbles"},{"floor":9,"key":"Toxic Egg 2"},{"floor":10,"key":"Art of War"},{"floor":20,"key":"Red Mask"},{"floor":24,"key":"Happy Flower"},{"floor":26,"key":"Boot"},{"floor":27,"key":"Tiny Chest"}],"event_choices":[{"event_name":"Liars Game","player_choice":"disagreed","floor":2,"damage_taken":0},{"event_name":"Golden Wing","player_choice":"Card Removal","floor":3,"damage_taken":0},{"event_name":"Shining Light","player_choice":"Entered Light","floor":5,"damage_taken":0},{"event_name":"Masked Bandits","player_choice":"Fought over 73 gold","floor":20,"damage_taken":0},{"event_name":"FaceTrader","player_choice":"Trade","floor":29,"damage_taken":0}],"is_beta":false,"boss_relics":[{"not_picked":["Snecko Eye","Calling Bell"],"picked":"Lizard Tail"}],"items_purged_floors":[19,22],"is_endless":false,"potions_floor_spawned":[7,10,12,14,18,24,25],"killed_by":"Champ","ascension_level":1}