{"gold_per_floor":[112,130,130,153,4,33,33,43,343,343,343,343,356,367,367,367],"floor_reached":16,"playtime":568,"items_purged":["Defend_R"],"score":140,"play_id":"adae064c-96d3-48ea-95c7-cb8ff6c126b7","local_time":"20181031030500","is_ascension_mode":true,"campfire_choices":[{"data":"Spot Weakness","floor":7,"key":"SMITH"},{"data":"Bash","floor":10,"key":"SMITH"},{"data":"Shrug It Off","floor":12,"key":"SMITH"},{"data":"Rampage","floor":15,"key":"SMITH"}],"neow_cost":"CURSE","seed_source_timestamp":39773498696955,"circlet_count":0,"master_deck":["Strike_R","Strike_R","Strike_R+1","Strike_R","Strike_R","Defend_R+1","Defend_R+1","Bash+1","Injury","Pommel Strike","Pommel Strike","Spot Weakness+1","Shrug It Off+1","Pommel Strike+1","Rampage+1","Clash"],"relics":["Burning Blood","War Paint","Blood Vial","Old Coin"],"potions_floor_usage":[13,13],"damage_taken":[{"damage":4,"enemies":"Small Slimes","floor":1,"turns":4},{"damage":1,"enemies":"Cultist","floor":2,"turns":4},{"damage":32,"enemies":"Lagavulin","floor":6,"turns":6},{"damage":4,"enemies":"Jaw Worm","floor":8,"turns":3},{"damage":32,"enemies":"Exordium Thugs","floor":13,"turns":4},{"damage":15,"enemies":"Lots of Slimes","floor":14,"turns":4},{"damage":26,"enemies":"Slime Boss","floor":16,"turns":5}],"seed_played":"-5802475915389316765","potions_obtained":[{"floor":1,"key":"SkillPotion"},{"floor":8,"key":"PowerPotion"}],"is_trial":false,"path_per_floor":["M","M","?","T","$","E","R","M","T","R","?","R","M","M","R"],"character_chosen":"IRONCLAD","items_purchased":["Spot Weakness"],"campfire_rested":0,"item_purchase_floors":[5],"current_hp_per_floor":[96,96,96,96,96,70,70,74,74,74,55,55,31,24,24,0],"gold":367,"neow_bonus":"TWENTY_PERCENT_HP_BONUS","is_prod":false,"is_daily":false,"chose_seed":false,"campfire_upgraded":4,"win_rate":0,"timestamp":1540951500,"path_taken":["M","M","?","?","$","E","R","?","T","R","?","R","M","M","R","BOSS"],"build_version":"2018-10-25v2","purchased_purges":1,"victory":false,"max_hp_per_floor":[96,96,96,96,96,96,96,96,96,96,96,96,96,96,96,96],"card_choices":[{"not_picked":["Combust","Power Through"],"picked":"Pommel Strike","floor":1},{"not_picked":["Body Slam","Anger"],"picked":"Pommel Strike","floor":2},{"not_picked":["Disarm","Second Wind"],"picked":"Shrug It Off","floor":6},{"not_picked":["Iron Wave","Feel No Pain"],"picked":"Pommel Strike","floor":8},{"not_picked":["True Grit","Iron Wave"],"picked":"Rampage","floor":13},{"not_picked":["Searing Blow","Rupture"],"picked":"Clash","floor":14}],"player_experience":371415,"relics_obtained":[{"floor":4,"key":"War Paint"},{"floor":6,"key":"Blood Vial"},{"floor":9,"key":"Old Coin"}],"event_choices":[{"cards_removed":["Defend_R"],"damage_healed":0,"gold_gain":0,"player_choice":"Purged","damage_taken":0,"max_hp_gain":0,"max_hp_loss":0,"event_name":"Purifier","floor":3,"gold_loss":0},{"damage_healed":0,"gold_gain":0,"player_choice":"Entered Light","damage_taken":19,"max_hp_gain":0,"max_hp_loss":0,"event_name":"Shining Light","floor":11,"gold_loss":0,"cards_upgraded":["Pommel Strike","Strike_R"]}],"is_beta":false,"boss_relics":[],"items_purged_floors":[5],"is_endless":false,"potions_floor_spawned":[1,8],"killed_by":"Slime Boss","ascension_level":3}