{"gold_per_floor":[113,288,307,321,333,333,359,359,382,261,261,36,36,51,51,151,151,166,166,166],"floor_reached":20,"playtime":1091,"items_purged":["Doubt"],"score":198,"play_id":"00c6c0b3-55bb-41e1-a4ae-b120e78b66e7","local_time":"20181022014256","is_ascension_mode":true,"campfire_choices":[{"data":"Infernal Blade","floor":6,"key":"SMITH"},{"data":"Flex","floor":11,"key":"SMITH"},{"floor":15,"key":"REST"}],"neow_cost":"NONE","seed_source_timestamp":59567571899669,"circlet_count":0,"master_deck":["Strike_R","Strike_R","Strike_R+1","Strike_R","Strike_R","Defend_R","Defend_R","Defend_R","Bash","Infernal Blade+1","Thunderclap+1","Perfected Strike","Pommel Strike","Impervious","Clothesline","Flex+1","Demon Form","Seeing Red","Iron Wave","Flex","Impervious","Inflame"],"relics":["Burning Blood","Dream Catcher","Gremlin Horn","Whetstone"],"potions_floor_usage":[7,14,20],"damage_taken":[{"damage":1,"enemies":"Cultist","floor":1,"turns":3},{"damage":13,"enemies":"2 Louse","floor":3,"turns":2},{"damage":9,"enemies":"Jaw Worm","floor":4,"turns":4},{"damage":15,"enemies":"2 Fungi Beasts","floor":5,"turns":3},{"damage":23,"enemies":"Gremlin Nob","floor":7,"turns":4},{"damage":0,"enemies":"Lots of Slimes","floor":14,"turns":2},{"damage":13,"enemies":"Slime Boss","floor":16,"turns":5},{"damage":1,"enemies":"Spheric Guardian","floor":18,"turns":3},{"damage":25,"enemies":"Colosseum Slavers","floor":20,"turns":4},{"damage":87,"enemies":"Colosseum Nobs","floor":20,"turns":5}],"seed_played":"-740777723433412851","potions_obtained":[{"floor":3,"key":"Poison Potion"},{"floor":5,"key":"AttackPotion"},{"floor":7,"key":"SpeedPotion"},{"floor":16,"key":"FairyPotion"}],"is_trial":false,"path_per_floor":["M","?","M","M","M","R","E","T","T","$","R","$","?","M","R","B",null,"M","?"],"character_chosen":"IRONCLAD","items_purchased":["Flex","Demon Form","Seeing Red"],"campfire_rested":1,"item_purchase_floors":[10,12,12],"current_hp_per_floor":[80,80,73,70,61,61,44,44,44,44,44,44,44,50,74,67,80,80,80,0],"gold":166,"neow_bonus":"THREE_CARDS","is_prod":false,"is_daily":false,"chose_seed":false,"campfire_upgraded":2,"win_rate":0,"timestamp":1540165376,"path_taken":["M","?","M","M","M","R","E","?","T","$","R","$","?","M","R","BOSS","M","?","?"],"build_version":"2018-10-18","purchased_purges":1,"victory":false,"max_hp_per_floor":[80,80,80,80,80,80,80,80,80,80,80,80,80,80,80,80,80,80,80,80],"card_choices":[{"not_picked":["Body Slam","Hemokinesis"],"picked":"Infernal Blade","floor":0},{"not_picked":["Second Wind","Warcry"],"picked":"Thunderclap","floor":1},{"not_picked":["Second Wind","Havoc"],"picked":"Perfected Strike","floor":3},{"not_picked":["Body Slam","Clothesline"],"picked":"Pommel Strike","floor":4},{"not_picked":["Hemokinesis","Armaments"],"picked":"Impervious","floor":5},{"not_picked":["Body Slam","Havoc"],"picked":"Clothesline","floor":7},{"not_picked":["Evolve","Shrug It Off"],"picked":"Iron Wave","floor":14},{"not_picked":["Armaments","Warcry"],"picked":"Flex","floor":15},{"not_picked":["Juggernaut","Immolate"],"picked":"Impervious","floor":16},{"not_picked":["Twin Strike","Flex"],"picked":"Inflame","floor":18}],"player_experience":365587,"relics_obtained":[{"floor":7,"key":"Dream Catcher"},{"floor":8,"key":"Gremlin Horn"},{"floor":9,"key":"Whetstone"}],"event_choices":[{"damage_healed":0,"gold_gain":175,"player_choice":"AGREE","damage_taken":0,"max_hp_gain":0,"max_hp_loss":0,"event_name":"Liars Game","floor":2,"gold_loss":0,"cards_obtained":["Doubt"]},{"cards_removed":["Defend_R"],"damage_healed":0,"gold_gain":0,"player_choice":"Purged","damage_taken":0,"max_hp_gain":0,"max_hp_loss":0,"event_name":"Purifier","floor":13,"gold_loss":0},{"damage_healed":0,"gold_gain":0,"player_choice":"Ignored","damage_taken":0,"max_hp_gain":0,"max_hp_loss":0,"event_name":"Vampires","floor":19,"gold_loss":0},{"damage_healed":0,"gold_gain":0,"player_choice":"Fight","damage_taken":0,"max_hp_gain":0,"max_hp_loss":0,"event_name":"Colosseum","floor":20,"gold_loss":0},{"damage_healed":0,"gold_gain":0,"player_choice":"Fought Nobs","damage_taken":0,"max_hp_gain":0,"max_hp_loss":0,"event_name":"Colosseum","floor":20,"gold_loss":0}],"is_beta":false,"boss_relics":[{"not_picked":["Busted Crown","Philosopher\u0027s Stone","Ectoplasm"]}],"items_purged_floors":[10],"is_endless":false,"potions_floor_spawned":[3,5,7,16],"killed_by":"Colosseum Nobs","ascension_level":3}