{"gold_per_floor":[114,39,55,71,146,146,165,9,9,9,9,26,46,63,63,168,168,178,78,3,19,19,34,48,48,122,22,41,41,0,20,20,20],"floor_reached":33,"playtime":1731,"items_purged":["Defend_R","Defend_R","Strike_R"],"score":289,"play_id":"65dcf0a5-dbf0-49aa-8cb7-cc3e2490c2af","local_time":"20190405004440","is_ascension_mode":true,"campfire_choices":[{"data":"Searing Blow","floor":6.0,"key":"SMITH"},{"data":"Infernal Blade","floor":10.0,"key":"SMITH"},{"data":"Searing Blow+1","floor":15.0,"key":"SMITH"},{"data":"Feed","floor":25,"key":"SMITH"},{"data":"Double Tap","floor":29,"key":"SMITH"},{"data":"Rage","floor":32,"key":"SMITH"}],"neow_cost":"NONE","seed_source_timestamp":0,"circlet_count":0,"master_deck":["Strike_R","Strike_R","Strike_R","Defend_R","Bash","Searing Blow+2","Anger","Infernal Blade+1","Shrug It Off","True Grit","Cleave","Double Tap+1","Rampage+1","Clash","Iron Wave+1","Iron Wave+1","Feed+1","Headbutt","Rage+1"],"special_seed":0,"relics":["Burning Blood","Oddly Smooth Stone","The Courier","Sozu","Self Forming Clay"],"potions_floor_usage":[16,16,16],"damage_taken":[{"damage":3.0,"enemies":"2 Louse","floor":1.0,"turns":3.0},{"damage":1.0,"enemies":"Cultist","floor":3.0,"turns":4.0},{"damage":10.0,"enemies":"Small Slimes","floor":4.0,"turns":3.0},{"damage":6.0,"enemies":"Blue Slaver","floor":7.0,"turns":3.0},{"damage":0.0,"enemies":"3 Louse","floor":12.0,"turns":2.0},{"damage":16.0,"enemies":"2 Fungi Beasts","floor":13.0,"turns":4.0},{"damage":2.0,"enemies":"Looter","floor":14.0,"turns":3.0},{"damage":49,"enemies":"Slime Boss","floor":16,"turns":12},{"damage":12,"enemies":"Chosen","floor":18,"turns":3},{"damage":0,"enemies":"Spheric Guardian","floor":21,"turns":3},{"damage":16,"enemies":"Shelled Parasite and Fungi","floor":23,"turns":3},{"damage":22,"enemies":"Sentry and Sphere","floor":24,"turns":4},{"damage":17,"enemies":"Snake Plant","floor":28,"turns":3},{"damage":2,"enemies":"Snecko","floor":31,"turns":3},{"damage":59,"enemies":"Automaton","floor":33,"turns":6}],"seed_played":"4350802498973070981","potions_obtained":[{"floor":3.0,"key":"Explosive Potion"},{"floor":11.0,"key":"Energy Potion"},{"floor":11.0,"key":"Weak Potion"},{"floor":13.0,"key":"Fruit Juice"},{"floor":14.0,"key":"SteroidPotion"}],"is_trial":false,"path_per_floor":["M","$","M","M","?","R","M","$","T","R","?","M","M","M","R","B",null,"M","$","?","M","?","M","M","R","T","$","M","R","?","M","R","B"],"character_chosen":"IRONCLAD","items_purchased":["Oddly Smooth Stone","Clash"],"campfire_rested":0,"item_purchase_floors":[8,19],"current_hp_per_floor":[80,80,80,76,68,68,68,68,68,68,68,74,69,73,73,30,85,79,79,79,85,85,75,59,59,59,59,48,48,48,52,52,0],"gold":20,"neow_bonus":"REMOVE_CARD","is_prod":false,"is_daily":false,"chose_seed":false,"campfire_upgraded":6,"win_rate":0,"timestamp":1554417880,"path_taken":["M","$","M","M","?","R","?","$","T","R","?","M","M","M","R","BOSS","M","?","?","M","?","M","M","R","T","$","M","R","?","M","R","BOSS"],"build_version":"2019-01-23","purchased_purges":3,"victory":false,"max_hp_per_floor":[80,80,80,80,80,80,80,80,80,80,80,80,85,85,85,85,85,85,85,85,85,85,85,85,85,85,85,85,85,85,85,85,85],"card_choices":[{"not_picked":["True Grit","Second Wind"],"picked":"Searing Blow","floor":1.0},{"not_picked":["Havoc","Sword Boomerang"],"picked":"Anger","floor":3.0},{"not_picked":["Second Wind","Pommel Strike"],"picked":"Infernal Blade","floor":4.0},{"not_picked":["Headbutt","Wild Strike"],"picked":"Shrug It Off","floor":7.0},{"not_picked":["Pommel Strike","Clothesline"],"picked":"True Grit","floor":12.0},{"not_picked":["Pummel","Wild Strike"],"picked":"Cleave","floor":13.0},{"not_picked":["Spot Weakness","Thunderclap","Warcry"],"picked":"SKIP","floor":14.0},{"not_picked":["Brutality","Limit Break"],"picked":"Double Tap","floor":16},{"not_picked":["Rupture","Shrug It Off"],"picked":"Rampage+1","floor":18},{"not_picked":["Body Slam","Anger"],"picked":"Iron Wave+1","floor":21},{"not_picked":["Sword Boomerang","Clothesline"],"picked":"Iron Wave+1","floor":23},{"not_picked":["True Grit","Dropkick"],"picked":"Feed","floor":24},{"not_picked":["Reckless Charge","Iron Wave"],"picked":"Headbutt","floor":28},{"not_picked":["Pummel","Shrug It Off+1"],"picked":"Rage","floor":31}],"player_experience":481657,"relics_obtained":[{"floor":9.0,"key":"The Courier"},{"floor":26,"key":"Self Forming Clay"}],"event_choices":[{"damage_healed":0.0,"max_hp_gain":0.0,"max_hp_loss":0.0,"gold_gain":75.0,"event_name":"FaceTrader","player_choice":"Touch","floor":5.0,"gold_loss":0.0,"damage_taken":8.0},{"damage_healed":0.0,"max_hp_gain":0.0,"max_hp_loss":0.0,"gold_gain":0.0,"event_name":"Lab","player_choice":"Got Potions","floor":11.0,"gold_loss":0.0,"damage_taken":0.0},{"cards_removed":["Defend_R"],"damage_healed":0,"gold_gain":0,"player_choice":"Gave Gold","damage_taken":0,"max_hp_gain":0,"max_hp_loss":0,"event_name":"Beggar","floor":20,"gold_loss":75},{"damage_healed":0,"gold_gain":0,"player_choice":"Ignored","damage_taken":0,"max_hp_gain":0,"max_hp_loss":0,"event_name":"Vampires","floor":22,"gold_loss":0},{"damage_healed":0,"gold_gain":0,"player_choice":"Paid Fearfully","damage_taken":0,"max_hp_gain":0,"max_hp_loss":0,"event_name":"Masked Bandits","floor":30,"gold_loss":41}],"is_beta":false,"boss_relics":[{"not_picked":["Eternal Feather","Cursed Key"],"picked":"Sozu"}],"items_purged_floors":[2,19,27],"is_endless":false,"potions_floor_spawned":[3,13,14,24,28],"killed_by":"Automaton","ascension_level":4}