{"gold_per_floor":[112,112,112,212,225,225,244,244,244,254,270,28,28,92,92,190,190,200,218,218,229,245,245,245],"floor_reached":24,"playtime":1698,"items_purged":["Defend_R"],"score":238,"play_id":"4ed8f5a0-46e8-4e86-b97b-952d30c02269","local_time":"20190526023040","is_ascension_mode":true,"campfire_choices":[{"data":"Body Slam","floor":6,"key":"SMITH"},{"data":"Transmutation","floor":13,"key":"SMITH"},{"data":"Blood for Blood","floor":15,"key":"SMITH"},{"floor":23,"key":"REST"}],"neow_cost":"NONE","seed_source_timestamp":48106464897600,"circlet_count":0,"master_deck":["Defend_R","Defend_R","Defend_R","Bash","Body Slam+1","Entrench","Shrug It Off","Blood for Blood+1","Transmutation+1","Seeing Red","Demon Form"],"relics":["Burning Blood","Oddly Smooth Stone","Empty Cage","Gremlin Horn"],"potions_floor_usage":[14,16,18,22],"damage_taken":[{"damage":3,"enemies":"2 Louse","floor":1,"turns":4},{"damage":11,"enemies":"Jaw Worm","floor":5,"turns":7},{"damage":0,"enemies":"Small Slimes","floor":7,"turns":5},{"damage":40,"enemies":"Exordium Thugs","floor":10,"turns":9},{"damage":14,"enemies":"3 Louse","floor":11,"turns":5},{"damage":8,"enemies":"Lots of Slimes","floor":14,"turns":3},{"damage":19,"enemies":"Hexaghost","floor":16,"turns":8},{"damage":17,"enemies":"Shell Parasite","floor":18,"turns":5},{"damage":18,"enemies":"2 Thieves","floor":19,"turns":5},{"damage":13,"enemies":"Snecko","floor":21,"turns":7},{"damage":42,"enemies":"3 Cultists","floor":22,"turns":7},{"damage":36,"enemies":"Gremlin Leader","floor":24,"turns":2}],"seed_played":"2120331033390848783","potions_obtained":[{"floor":10,"key":"Fire Potion"},{"floor":11,"key":"PowerPotion"},{"floor":14,"key":"Regen Potion"},{"floor":21,"key":"Weak Potion"}],"is_trial":false,"path_per_floor":["M","?","?","?","M","R","M","?","T","M","M","$","R","M","R","B",null,"M","M","T","M","M","R","E"],"character_chosen":"IRONCLAD","items_purchased":["Transmutation"],"campfire_rested":1,"item_purchase_floors":[12],"current_hp_per_floor":[88,81,81,81,76,76,82,82,82,48,40,40,40,38,38,40,76,65,53,53,46,10,36,0],"gold":245,"neow_bonus":"TEN_PERCENT_HP_BONUS","is_prod":false,"is_daily":false,"chose_seed":false,"campfire_upgraded":3,"win_rate":0,"timestamp":1558830640,"path_taken":["M","?","?","?","M","R","?","?","T","M","M","$","R","M","R","BOSS","M","?","?","M","?","R","E"],"build_version":"2019-01-23","purchased_purges":1,"victory":false,"max_hp_per_floor":[88,88,88,88,88,88,88,88,88,88,88,88,88,88,88,88,88,88,88,88,88,88,88,88],"card_choices":[{"not_picked":["Iron Wave","Sword Boomerang"],"picked":"Body Slam","floor":1},{"not_picked":["Carnage","Clash","Hemokinesis"],"picked":"SKIP","floor":5},{"not_picked":["Armaments","Headbutt"],"picked":"Entrench","floor":7},{"not_picked":["Burning Pact","Pommel Strike"],"picked":"Shrug It Off","floor":10},{"not_picked":["Wild Strike","Armaments"],"picked":"Blood for Blood","floor":11},{"not_picked":["Spot Weakness","Combust"],"picked":"Seeing Red","floor":14},{"not_picked":["Bludgeon","Brutality"],"picked":"Demon Form","floor":16},{"not_picked":["Sword Boomerang","Perfected Strike","Flame Barrier"],"picked":"SKIP","floor":18},{"not_picked":["Shockwave","Sever Soul","Warcry"],"picked":"SKIP","floor":19},{"not_picked":["Rage","Cleave","Sword Boomerang"],"picked":"SKIP","floor":21},{"not_picked":["Whirlwind","Warcry","Carnage+1"],"picked":"SKIP","floor":22}],"player_experience":576396,"relics_obtained":[{"floor":9,"key":"Oddly Smooth Stone"},{"floor":20,"key":"Gremlin Horn"}],"event_choices":[{"cards_removed":["Strike_R"],"damage_healed":0,"gold_gain":0,"player_choice":"Card Removal","damage_taken":7,"max_hp_gain":0,"max_hp_loss":0,"event_name":"Golden Wing","floor":2,"gold_loss":0},{"cards_removed":["Strike_R"],"damage_healed":0,"gold_gain":0,"player_choice":"Forget","damage_taken":0,"max_hp_gain":0,"max_hp_loss":0,"event_name":"Living Wall","floor":3,"gold_loss":0},{"damage_healed":0,"gold_gain":100,"player_choice":"Pray","damage_taken":0,"max_hp_gain":0,"max_hp_loss":0,"event_name":"Golden Shrine","floor":4,"gold_loss":0},{"cards_removed":["Strike_R"],"damage_healed":0,"gold_gain":0,"player_choice":"Offered Basic","damage_taken":0,"max_hp_gain":0,"max_hp_loss":0,"event_name":"Bonfire Elementals","floor":8,"gold_loss":0}],"is_beta":false,"boss_relics":[{"not_picked":["Velvet Choker","Eternal Feather"],"picked":"Empty Cage"}],"items_purged_floors":[12],"is_endless":false,"potions_floor_spawned":[10,11,14,21],"killed_by":"Gremlin Leader","ascension_level":5}