{"gold_per_floor":[114,114,139,152,227,261,261,280,303,303,303,74,74,87,87,185,185,204,204,33,33,51,51,63,63],"floor_reached":25,"playtime":1683,"items_purged":["Strike_G","Strike_G"],"score":269,"play_id":"b19d2cc8-bb7a-4020-ac5e-61865740aa23","local_time":"20190601014805","is_ascension_mode":true,"campfire_choices":[{"floor":7,"key":"REST"},{"data":"Poisoned Stab","floor":10,"key":"SMITH"},{"floor":13,"key":"REST"},{"data":"Footwork","floor":15,"key":"SMITH"},{"data":"Poisoned Stab","floor":23,"key":"SMITH"}],"neow_cost":"NONE","seed_source_timestamp":24031619909500,"circlet_count":0,"master_deck":["Defend_G","Defend_G","Defend_G","Defend_G","Defend_G","Strike_G","Strike_G","Survivor+1","Neutralize","Trip","Poisoned Stab+1","Bane","Cloak And Dagger","Prepared+1","Blur","Footwork+1","Infinite Blades","Bullet Time","Poisoned Stab+1","Blur","Burst","Neutralize","Cloak And Dagger","PiercingWail+1"],"relics":["Ring of the Snake","Bronze Scales","Tingsha","Orichalcum","Busted Crown","Boot"],"potions_floor_usage":[6,16,16],"damage_taken":[{"damage":1,"enemies":"2 Louse","floor":1,"turns":3},{"damage":0,"enemies":"Jaw Worm","floor":4,"turns":4},{"damage":33,"enemies":"Gremlin Nob","floor":6,"turns":5},{"damage":0,"enemies":"Cultist","floor":8,"turns":3},{"damage":5,"enemies":"Looter","floor":14,"turns":3},{"damage":30,"enemies":"Slime Boss","floor":16,"turns":13},{"damage":8,"enemies":"Spheric Guardian","floor":18,"turns":5},{"damage":4,"enemies":"Shell Parasite","floor":22,"turns":4},{"damage":17,"enemies":"Shelled Parasite and Fungi","floor":24,"turns":5},{"damage":31,"enemies":"Book of Stabbing","floor":25,"turns":6}],"seed_played":"-1415272365612573065","potions_obtained":[{"floor":1,"key":"Poison Potion"},{"floor":6,"key":"LiquidBronze"},{"floor":8,"key":"AttackPotion"}],"is_trial":false,"path_per_floor":["M","?","T","M","?","E","R","M","T","R","?","$","R","M","R","B",null,"M","?","$","?","M","R","M","E"],"character_chosen":"THE_SILENT","items_purchased":["Blur","Footwork","Blur"],"campfire_rested":2,"item_purchase_floors":[12,12,20],"current_hp_per_floor":[62,62,62,62,51,18,39,39,39,39,25,25,46,41,41,11,55,47,47,47,47,43,43,26,0],"gold":63,"neow_bonus":"RANDOM_COLORLESS","is_prod":false,"is_daily":false,"chose_seed":false,"campfire_upgraded":3,"win_rate":0,"timestamp":1559346485,"path_taken":["M","?","?","?","?","E","R","M","T","R","?","?","R","?","R","BOSS","M","?","$","?","M","R","?","E"],"build_version":"2019-01-23","purchased_purges":2,"victory":false,"max_hp_per_floor":[70,70,70,70,70,70,70,70,70,70,70,70,70,70,70,70,70,70,70,70,70,70,70,70,70],"card_choices":[{"not_picked":["Bane","Deflect"],"picked":"Poisoned Stab","floor":1},{"not_picked":["Dagger Spray","Expertise"],"picked":"Bane","floor":4},{"not_picked":["Eviscerate","Infinite Blades"],"picked":"Cloak And Dagger","floor":6},{"not_picked":["Sucker Punch","Quick Slash"],"picked":"Prepared","floor":8},{"not_picked":["Outmaneuver","Quick Slash"],"picked":"Infinite Blades","floor":14},{"not_picked":["Unload","Wraith Form v2"],"picked":"Bullet Time","floor":16},{"not_picked":[],"picked":"Poisoned Stab","floor":18},{"not_picked":[],"picked":"Cloak And Dagger","floor":22},{"not_picked":[],"picked":"PiercingWail+1","floor":24}],"player_experience":582264,"relics_obtained":[{"floor":3,"key":"Bronze Scales"},{"floor":6,"key":"Tingsha"},{"floor":9,"key":"Orichalcum"}],"event_choices":[{"cards_removed":["Strike_G"],"damage_healed":0,"gold_gain":0,"player_choice":"Forget","damage_taken":0,"max_hp_gain":0,"max_hp_loss":0,"event_name":"Living Wall","floor":2,"gold_loss":0},{"damage_healed":0,"gold_gain":75,"player_choice":"Gather Gold","damage_taken":11,"max_hp_gain":0,"max_hp_loss":0,"event_name":"World of Goop","floor":5,"gold_loss":0},{"damage_healed":0,"gold_gain":0,"player_choice":"Entered Light","damage_taken":14,"max_hp_gain":0,"max_hp_loss":0,"event_name":"Shining Light","floor":11,"gold_loss":0,"cards_upgraded":["Prepared","Survivor"]},{"damage_healed":0,"gold_gain":0,"player_choice":"Opened","damage_taken":0,"relics_obtained":["Boot"],"max_hp_gain":0,"max_hp_loss":0,"event_name":"The Mausoleum","floor":19,"gold_loss":0},{"damage_healed":0,"gold_gain":0,"player_choice":"2 cards matched","damage_taken":0,"max_hp_gain":0,"max_hp_loss":0,"event_name":"Match and Keep!","floor":21,"gold_loss":0,"cards_obtained":["Burst","Neutralize"]}],"is_beta":false,"boss_relics":[{"not_picked":["Snecko Eye","Ectoplasm"],"picked":"Busted Crown"}],"items_purged_floors":[12,20],"is_endless":false,"potions_floor_spawned":[1,6,8],"killed_by":"Book of Stabbing","ascension_level":7}