{"gold_per_floor":[114,129,50,64,14,14,40,59,59,20,20,20,36,36,36,135,135,154,173,9,19,36,63,63,394,394,394,394],"floor_reached":28,"playtime":1785,"items_purged":["Strike_B"],"score":260,"play_id":"3831cfb5-baf4-4af3-91cd-03582685042c","local_time":"20181123005035","is_ascension_mode":true,"campfire_choices":[{"data":"Genetic Algorithm","floor":6,"key":"SMITH"},{"data":"Zap","floor":12,"key":"SMITH"},{"floor":15,"key":"REST"},{"floor":24,"key":"REST"}],"neow_cost":"NONE","seed_source_timestamp":3647192911612,"circlet_count":0,"master_deck":["Defend_B","Defend_B","Zap+1","Dualcast","Reinforced Body","BootSequence","Genetic Algorithm+1","Hologram","Doom and Gloom","Reinforced Body","Capacitor","Redo+1","Multi-Cast+1","Melter+1","Melter+1","Tempest+1","White Noise+1","Redo+1","BootSequence+1","FTL+1","Turbo+1","Reinforced Body+1","Redo+1","Buffer+1"],"relics":["Cracked Core","Anchor","Odd Mushroom","PreservedInsect","Toxic Egg 2","Astrolabe","Frozen Egg 2","Old Coin","Meat on the Bone"],"potions_floor_usage":[7,16,16,23,28],"damage_taken":[{"damage":1,"enemies":"Cultist","floor":1,"turns":3},{"damage":0,"enemies":"2 Louse","floor":2,"turns":1},{"damage":0,"enemies":"Small Slimes","floor":4,"turns":3},{"damage":19,"enemies":"The Mushroom Lair","floor":7,"turns":3},{"damage":0,"enemies":"3 Louse","floor":8,"turns":2},{"damage":4,"enemies":"Exordium Thugs","floor":13,"turns":4},{"damage":48,"enemies":"Slime Boss","floor":16,"turns":13},{"damage":17,"enemies":"3 Byrds","floor":18,"turns":4},{"damage":7,"enemies":"2 Thieves","floor":19,"turns":4},{"damage":17,"enemies":"3 Cultists","floor":21,"turns":6},{"damage":14,"enemies":"Shelled Parasite and Fungi","floor":22,"turns":3},{"damage":19,"enemies":"Gremlin Leader","floor":23,"turns":6},{"damage":4,"enemies":"Slavers","floor":25,"turns":4},{"damage":24,"enemies":"Centurion and Healer","floor":28,"turns":2}],"seed_played":"-1970366181454216144","potions_obtained":[{"floor":1,"key":"Explosive Potion"},{"floor":4,"key":"Ancient Potion"},{"floor":7,"key":"Weak Potion"},{"floor":21,"key":"Block Potion"},{"floor":25,"key":"PowerPotion"}],"is_trial":false,"path_per_floor":["M","M","$","M","?","R","?","M","T","$","?","R","M","?","R","B",null,"M","M","$","M","M","E","R","E","T","?","M"],"character_chosen":"DEFECT","items_purchased":["Genetic Algorithm","Capacitor","Redo+1","BootSequence+1"],"campfire_rested":2,"item_purchase_floors":[3,10,20,20],"current_hp_per_floor":[74,74,74,74,74,74,55,55,55,55,43,43,39,39,61,13,75,58,51,51,34,20,1,23,19,19,19,0],"gold":394,"neow_bonus":"RANDOM_COMMON_RELIC","is_prod":false,"is_daily":false,"chose_seed":false,"campfire_upgraded":2,"win_rate":0,"timestamp":1542930635,"path_taken":["M","M","$","M","?","R","?","M","T","$","?","R","M","?","R","BOSS","M","M","$","M","M","E","R","E","T","?","?"],"build_version":"2018-11-15","purchased_purges":1,"victory":false,"max_hp_per_floor":[75,75,75,75,75,75,75,75,75,75,75,75,75,75,75,75,75,75,75,75,75,75,75,75,75,75,75,75],"card_choices":[{"not_picked":["Force Field","Skim"],"picked":"Reinforced Body","floor":1},{"not_picked":["Beam Cell","Rebound"],"picked":"BootSequence","floor":2},{"not_picked":["Auto Shields","Streamline"],"picked":"Hologram","floor":4},{"not_picked":["Hologram","Heatsinks"],"picked":"Doom and Gloom","floor":7},{"not_picked":["Glacier","Steam"],"picked":"Reinforced Body","floor":8},{"not_picked":["Streamline","Leap+1"],"picked":"Redo+1","floor":13},{"not_picked":["Biased Cognition","Machine Learning"],"picked":"Multi-Cast+1","floor":16},{"not_picked":["Leap+1","Compile Driver","Aggregate+1"],"picked":"SKIP","floor":18},{"not_picked":["Sunder","Go for the Eyes"],"picked":"White Noise+1","floor":19},{"not_picked":["Stack+1","Cold Snap"],"picked":"FTL+1","floor":21},{"not_picked":["Streamline","Capacitor"],"picked":"Turbo+1","floor":22},{"not_picked":["Ball Lightning","Force Field+1"],"picked":"Reinforced Body+1","floor":23},{"not_picked":["Steam Power+1","Ball Lightning"],"picked":"Redo+1","floor":25}],"player_experience":400512,"relics_obtained":[{"floor":7,"key":"Odd Mushroom"},{"floor":9,"key":"PreservedInsect"},{"floor":23,"key":"Frozen Egg 2"},{"floor":25,"key":"Old Coin"},{"floor":26,"key":"Meat on the Bone"}],"event_choices":[{"cards_removed":["Strike_B"],"damage_healed":0,"gold_gain":0,"player_choice":"Card Removal","damage_taken":0,"max_hp_gain":0,"max_hp_loss":0,"event_name":"The Cleric","floor":5,"gold_loss":50},{"damage_healed":0,"gold_gain":0,"player_choice":"Fought Mushrooms","damage_taken":0,"max_hp_gain":0,"max_hp_loss":0,"event_name":"Mushrooms","floor":7,"gold_loss":0},{"damage_healed":0,"gold_gain":0,"player_choice":"Success","damage_taken":12,"relics_obtained":["Toxic Egg 2"],"max_hp_gain":0,"max_hp_loss":0,"event_name":"Scrap Ooze","floor":11,"gold_loss":0},{"cards_removed":["Defend_B"],"damage_healed":0,"gold_gain":0,"player_choice":"Offered Basic","damage_taken":0,"max_hp_gain":0,"max_hp_loss":0,"event_name":"Bonfire Elementals","floor":14,"gold_loss":0},{"damage_healed":0,"gold_gain":0,"player_choice":"1 cards matched","damage_taken":0,"max_hp_gain":0,"max_hp_loss":0,"event_name":"Match and Keep!","floor":27,"gold_loss":0,"cards_obtained":["Buffer"]}],"is_beta":false,"boss_relics":[{"not_picked":["Inserter","Empty Cage"],"picked":"Astrolabe"}],"items_purged_floors":[20],"is_endless":false,"potions_floor_spawned":[1,4,7,21,25],"killed_by":"Centurion and Healer","ascension_level":1}