{"gold_per_floor":[216,43,63,74,90,122,72,104,104,116,154,11,311,326,326,421,421,433,503,603,616,19,19,51,0,0,10,21,21,52,66,66,164,164,174,186,204,8,53,0,16,16,16,16,16,16,16,27,27,27],"floor_reached":51,"playtime":3258,"items_purged":["Defend_R"],"score":839,"play_id":"09b92f98-07ee-468c-8c8a-ed06f51988a5","local_time":"20180911022233","is_ascension_mode":true,"campfire_choices":[{"floor":10,"key":"REST"},{"data":"Shockwave","floor":15,"key":"SMITH"},{"floor":23,"key":"REST"},{"data":"Demon Form","floor":29,"key":"SMITH"},{"floor":32,"key":"REST"},{"data":"Perfected Strike","floor":45,"key":"SMITH"},{"data":"Perfected Strike","floor":47,"key":"SMITH"},{"data":"Perfected Strike","floor":49,"key":"SMITH"}],"neow_cost":"NONE","seed_source_timestamp":5867488537801,"circlet_count":0,"master_deck":["Strike_R","Strike_R","Strike_R","Strike_R","Strike_R","Defend_R","Defend_R","Bash","Dropkick","Clash","Shockwave+1","Cleave","Dropkick","Limit Break","Clash","Perfected Strike+1","Flex+1","Bandage Up+1","Perfected Strike+1","Demon Form+1","Shrug It Off+1","Sever Soul+1","Perfected Strike+1","Dual Wield+1","Endless Agony+1","Iron Wave+1","Dodge and Roll+1","Finesse+1","Mind Blast+1","Acrobatics+1","Panache","Finesse+1","Outmaneuver+1","Distraction+1","Undo+1","Sweeping Beam+1","Twin Strike+1","Conserve Battery+1","Apotheosis+1","Twin Strike+1","Doubt","Setup+1"],"relics":["Black Blood","Red Skull","Matryoshka","Dodecahedron","MawBank","Toxic Egg 2","Strawberry","Old Coin","Pen Nib","Mummified Hand","Mango","Shuriken","PrismaticShard","Molten Egg 2","Nunchaku","Pear","Bag of Preparation","Orrery","Charon\u0027s Ashes","Red Mask","Pantograph"],"potions_floor_usage":[6,8,20,24,24,27,37,37,50,50],"damage_taken":[{"damage":3,"enemies":"Small Slimes","floor":1,"turns":3},{"damage":6,"enemies":"Jaw Worm","floor":3,"turns":2},{"damage":5,"enemies":"2 Louse","floor":4,"turns":3},{"damage":16,"enemies":"Exordium Thugs","floor":5,"turns":5},{"damage":8,"enemies":"3 Sentries","floor":6,"turns":5},{"damage":15,"enemies":"Gremlin Nob","floor":8,"turns":4},{"damage":12,"enemies":"3 Sentries","floor":11,"turns":6},{"damage":10,"enemies":"Looter","floor":14,"turns":2},{"damage":43,"enemies":"The Guardian","floor":16,"turns":7},{"damage":14,"enemies":"3 Byrds","floor":18,"turns":4},{"damage":28,"enemies":"Colosseum Slavers","floor":20,"turns":4},{"damage":55,"enemies":"Colosseum Nobs","floor":20,"turns":6},{"damage":10,"enemies":"Spheric Guardian","floor":21,"turns":3},{"damage":39,"enemies":"Book of Stabbing","floor":24,"turns":4},{"damage":27,"enemies":"3 Cultists","floor":27,"turns":5},{"damage":0,"enemies":"Cultist and Chosen","floor":28,"turns":4},{"damage":47,"enemies":"Slavers","floor":30,"turns":4},{"damage":0,"enemies":"Centurion and Healer","floor":31,"turns":3},{"damage":18,"enemies":"Champ","floor":33,"turns":6},{"damage":0,"enemies":"Orb Walker","floor":35,"turns":2},{"damage":14,"enemies":"3 Darklings","floor":36,"turns":3},{"damage":85,"enemies":"Reptomancer","floor":37,"turns":4},{"damage":38,"enemies":"Mysterious Sphere","floor":39,"turns":4},{"damage":14,"enemies":"4 Shapes","floor":41,"turns":3},{"damage":13,"enemies":"Sphere and 2 Shapes","floor":48,"turns":3},{"damage":93,"enemies":"Donu and Deca","floor":50,"turns":6}],"seed_played":"282742689832430902","potions_obtained":[{"floor":4,"key":"SneckoOil"},{"floor":5,"key":"Energy Potion"},{"floor":6,"key":"SpeedPotion"},{"floor":18,"key":"Fruit Juice"},{"floor":20,"key":"PowerPotion"},{"floor":24,"key":"FearPotion"},{"floor":33,"key":"EssenceOfSteel"},{"floor":35,"key":"BloodPotion"},{"floor":36,"key":"SpeedPotion"},{"floor":41,"key":"BloodPotion"},{"floor":48,"key":"Explosive Potion"}],"is_trial":false,"path_per_floor":["M","$","M","M","M","E","?","E","T","R","E","$","?","M","R","B",null,"M","T","?","M","$","R","E","$","T","M","M","R","E","M","R","B",null,"M","M","M","$","?","?","M","$","T","?","R","$","R","M","R","B"],"character_chosen":"IRONCLAD","items_purchased":["Red Skull","Clash","Flex+1","Bandage Up+1","PrismaticShard","Dual Wield+1","Molten Egg 2","Iron Wave+1","Apotheosis+1"],"campfire_rested":3,"item_purchase_floors":[2,2,12,12,22,22,22,25,38],"current_hp_per_floor":[80,80,80,80,70,68,68,59,59,80,81,81,78,74,74,43,87,83,83,45,45,45,76,53,53,63,52,62,62,31,41,75,73,116,116,112,48,48,20,20,16,16,16,116,116,116,116,113,113,50],"gold":27,"neow_bonus":"HUNDRED_GOLD","is_prod":false,"is_daily":false,"chose_seed":false,"campfire_upgraded":5,"win_rate":0,"timestamp":1536625353,"path_taken":["M","$","M","M","M","E","?","E","T","R","E","?","?","?","R","BOSS","M","?","?","?","?","R","E","$","T","?","M","R","E","M","R","BOSS","M","M","M","$","?","?","M","?","T","?","R","$","R","M","R","BOSS"],"build_version":"2018-09-06","purchased_purges":1,"victory":true,"max_hp_per_floor":[80,80,80,80,80,80,80,80,80,80,87,87,87,87,87,87,87,87,87,106,106,106,106,106,106,116,116,116,116,116,116,116,116,116,116,116,116,116,116,116,116,116,116,116,116,116,116,116,116,116],"card_choices":[{"not_picked":["Sword Boomerang","Heavy Blade"],"picked":"Dropkick","floor":1},{"not_picked":["Wild Strike","True Grit"],"picked":"Shockwave","floor":3},{"not_picked":["Rampage","Metallicize"],"picked":"Cleave","floor":4},{"not_picked":["Flex","Cleave"],"picked":"Dropkick","floor":5},{"not_picked":["Body Slam","Anger"],"picked":"Limit Break","floor":6},{"not_picked":["Rampage","Cleave"],"picked":"Clash","floor":8},{"not_picked":["Flame Barrier+1","Carnage"],"picked":"Perfected Strike","floor":11},{"not_picked":["Headbutt","Evolve"],"picked":"Perfected Strike","floor":14},{"not_picked":["Barricade","Limit Break+1"],"picked":"Demon Form","floor":16},{"not_picked":["Clash","Armaments+1"],"picked":"Shrug It Off+1","floor":18},{"not_picked":["Burning Pact+1","Armaments+1"],"picked":"Sever Soul+1","floor":20},{"not_picked":["Reckless Charge","Disarm+1"],"picked":"Perfected Strike","floor":21},{"not_picked":["Redo+1","Offering+1"],"picked":"Endless Agony+1","floor":24},{"not_picked":["Terror+1","Cleave+1"],"picked":"Dodge and Roll+1","floor":27},{"not_picked":["Thunderclap+1","Disarm+1"],"picked":"Finesse+1","floor":28},{"not_picked":["Leap+1","Deep Breath+1"],"picked":"Mind Blast+1","floor":30},{"not_picked":["Wild Strike+1","Compile Driver+1"],"picked":"Acrobatics+1","floor":31},{"not_picked":["Echo Form","Exhume+1"],"picked":"Panache","floor":33},{"not_picked":["Blade Dance+1","Dagger Throw+1"],"picked":"Finesse+1","floor":34},{"not_picked":["Masterful Stab+1","Ball Lightning+1"],"picked":"Outmaneuver+1","floor":34},{"not_picked":["Flame Barrier+1","Barrage+1"],"picked":"Distraction+1","floor":34},{"not_picked":["Fission+1","Concentrate+1"],"picked":"Undo+1","floor":34},{"not_picked":["Deflect+1","Poisoned Stab+1"],"picked":"Sweeping Beam+1","floor":35},{"not_picked":["Blade Dance+1","Sever Soul+1"],"picked":"Twin Strike+1","floor":36},{"not_picked":["Reinforced Body+1","Dagger Spray+1"],"picked":"Conserve Battery+1","floor":37},{"not_picked":["Well Laid Plans+1","Bouncing Flask+1"],"picked":"Twin Strike+1","floor":41},{"not_picked":["Go for the Eyes+1","Sword Boomerang+1"],"picked":"Setup+1","floor":48}],"player_experience":295477,"relics_obtained":[{"floor":6,"key":"Matryoshka"},{"floor":8,"key":"Dodecahedron"},{"floor":9,"key":"MawBank"},{"floor":9,"key":"Toxic Egg 2"},{"floor":11,"key":"Strawberry"},{"floor":19,"key":"Pen Nib"},{"floor":19,"key":"Mummified Hand"},{"floor":20,"key":"Mango"},{"floor":20,"key":"Shuriken"},{"floor":24,"key":"Nunchaku"},{"floor":26,"key":"Pear"},{"floor":30,"key":"Bag of Preparation"},{"floor":39,"key":"Charon\u0027s Ashes"},{"floor":43,"key":"Pantograph"}],"event_choices":[{"event_name":"The Cleric","player_choice":"Card Removal","floor":7,"damage_taken":0},{"event_name":"Scrap Ooze","player_choice":"success","floor":13,"damage_taken":3},{"event_name":"Colosseum","player_choice":"Fight","floor":20,"damage_taken":0},{"event_name":"Colosseum","player_choice":"Fought Nobs","floor":20,"damage_taken":0},{"event_name":"Mysterious Sphere","player_choice":"Fight","floor":39,"damage_taken":0},{"event_name":"Tomb of Lord Red Mask","player_choice":"Paid","floor":40,"damage_taken":0},{"event_name":"MindBloom","player_choice":"Heal","floor":44,"damage_taken":0}],"is_beta":false,"boss_relics":[{"not_picked":["Busted Crown","Runic Cube"],"picked":"Black Blood"},{"not_picked":["Cursed Key","White Beast Statue"],"picked":"Orrery"}],"items_purged_floors":[22],"is_endless":false,"potions_floor_spawned":[4,5,6,18,20,20,24,33,35,36,41,48],"ascension_level":1}