{"gold_per_floor":[117,117,192,211,229,262,262,262,262,262,279,279,298,298,298,417,417,433,457,457,255,255,295,309,309,309,342,365,386,401,316,316,437,437,456,18,36,50,0,40,64,64,64,64,127,146,146,179,179,179],"floor_reached":51,"playtime":4106,"items_purged":["Strike_B+1","Strike_B+1","Strike_B+1"],"score":792,"play_id":"52560c15-1454-41fa-b8f3-5197219c9236","local_time":"20180903011841","is_ascension_mode":true,"campfire_choices":[{"floor":8,"key":"REST"},{"data":"Dualcast","floor":10,"key":"SMITH"},{"data":"Thunder Strike","floor":12,"key":"SMITH"},{"floor":15,"key":"REST"},{"floor":25,"key":"REST"},{"floor":32,"key":"REST"},{"floor":44,"key":"REST"},{"data":"Writhe","floor":47,"key":"PURGE"},{"floor":49,"key":"REST"}],"neow_cost":"NONE","seed_source_timestamp":45742747988121,"circlet_count":0,"master_deck":["Strike_B+1","Defend_B+1","Defend_B+1","Defend_B+1","Defend_B+1","Zap","Dualcast+1","Thunder Strike+1","Sweeping Beam","Static Discharge","White Noise","Glacier","Ball Lightning","Tempest","Biased Cognition","Steam+1","Conserve Battery","Storm","Reinforced Body","Auto Shields+1","BootSequence","Loop","Recycle+1","Self Repair","Heatsinks","Doom and Gloom","Electrodynamics","Streamline+1","Metamorphosis","Gash+1","Barrage","Buffer","Tempest+1","Barrage+1","Redo","Hologram+1"],"relics":["Cracked Core","Girya","Symbiotic Virus","Smiling Mask","Golden Idol","Fusion Hammer","Regal Pillow","DataDisk","Bottled Lightning","Anchor","Runic Pyramid","Runic Capacitor","Red Mask","Art of War","Bottled Tornado","Peace Pipe","Sundial"],"potions_floor_usage":[16,16,16,33,33,38,38,40,50],"damage_taken":[{"damage":14,"enemies":"Jaw Worm","floor":1,"turns":4},{"damage":1,"enemies":"Cultist","floor":4,"turns":3},{"damage":6,"enemies":"2 Louse","floor":5,"turns":3},{"damage":16,"enemies":"Gremlin Nob","floor":6,"turns":3},{"damage":6,"enemies":"Blue Slaver","floor":11,"turns":4},{"damage":9,"enemies":"Red Slaver","floor":13,"turns":3},{"damage":14,"enemies":"Slime Boss","floor":16,"turns":6},{"damage":0,"enemies":"Chosen","floor":18,"turns":3},{"damage":20,"enemies":"2 Thieves","floor":19,"turns":4},{"damage":24,"enemies":"Gremlin Leader","floor":23,"turns":6},{"damage":8,"enemies":"Shelled Parasite and Fungi","floor":24,"turns":3},{"damage":36,"enemies":"Slavers","floor":27,"turns":4},{"damage":11,"enemies":"Centurion and Healer","floor":28,"turns":5},{"damage":7,"enemies":"Snake Plant","floor":29,"turns":3},{"damage":0,"enemies":"Chosen and Byrds","floor":30,"turns":5},{"damage":27,"enemies":"Automaton","floor":33,"turns":6},{"damage":0,"enemies":"Orb Walker","floor":35,"turns":3},{"damage":0,"enemies":"3 Shapes","floor":37,"turns":4},{"damage":9,"enemies":"Transient","floor":38,"turns":5},{"damage":27,"enemies":"2 Orb Walkers","floor":40,"turns":3},{"damage":44,"enemies":"3 Darklings","floor":41,"turns":4},{"damage":16,"enemies":"Mysterious Sphere","floor":45,"turns":4},{"damage":5,"enemies":"Reptomancer","floor":46,"turns":3},{"damage":25,"enemies":"Giant Head","floor":48,"turns":7},{"damage":48,"enemies":"Donu and Deca","floor":50,"turns":6}],"seed_played":"8668495710382488922","potions_obtained":[{"floor":4,"key":"Fire Potion"},{"floor":5,"key":"EssenceOfSteel"},{"floor":11,"key":"SteroidPotion"},{"floor":19,"key":"FairyPotion"},{"floor":29,"key":"Strength Potion"},{"floor":30,"key":"Weak Potion"},{"floor":35,"key":"Explosive Potion"},{"floor":37,"key":"Poison Potion"},{"floor":38,"key":"Explosive Potion"},{"floor":40,"key":"Strength Potion"}],"is_trial":false,"path_per_floor":["M","?","?","M","M","E","?","R","T","R","M","R","M","?","R","B",null,"M","M","?","$","?","E","M","R","T","E","M","M","M","$","R","B",null,"M","$","M","M","?","E","M","?","T","R","?","M","R","E","R","B"],"character_chosen":"DEFECT","items_purchased":["Storm","Reinforced Body","Doom and Gloom","Metamorphosis","Runic Capacitor"],"campfire_rested":6,"item_purchase_floors":[21,21,31,36,36],"current_hp_per_floor":[61,61,50,49,43,27,15,37,37,37,31,31,22,4,26,12,75,75,55,55,55,55,31,23,60,60,24,13,6,6,6,43,23,75,75,75,75,73,73,46,9,28,28,65,49,44,44,26,63,22],"gold":179,"neow_bonus":"ONE_RANDOM_RARE_CARD","is_prod":false,"is_daily":false,"chose_seed":false,"campfire_upgraded":2,"win_rate":0,"timestamp":1535930321,"path_taken":["M","?","?","M","M","E","?","R","T","R","?","R","M","?","R","BOSS","M","M","?","$","?","E","?","R","T","E","M","M","M","$","R","BOSS","M","$","M","M","?","E","M","?","T","R","?","M","R","E","R","BOSS"],"build_version":"2018-08-30","purchased_purges":3,"victory":true,"max_hp_per_floor":[75,75,75,75,75,75,75,75,75,75,75,75,75,75,75,75,75,75,75,75,75,75,75,75,75,75,75,75,75,75,75,75,75,75,75,75,75,75,75,75,75,75,75,75,75,75,75,75,75,75],"card_choices":[{"not_picked":["Cold Snap","Steam","Sunder"],"picked":"SKIP","floor":1},{"not_picked":["Static Discharge","Steam"],"picked":"White Noise","floor":4},{"not_picked":["Stack","Sweeping Beam","Turbo"],"picked":"SKIP","floor":5},{"not_picked":["Go for the Eyes","Compile Driver"],"picked":"Glacier","floor":6},{"not_picked":["Leap","Rebound"],"picked":"Ball Lightning","floor":11},{"not_picked":["Steam","Cold Snap"],"picked":"Tempest","floor":13},{"not_picked":["Hyperbeam","Core Surge"],"picked":"Biased Cognition","floor":16},{"not_picked":["Leap+1","Steam Power"],"picked":"Steam+1","floor":18},{"not_picked":["Beam Cell","Redo+1"],"picked":"Conserve Battery","floor":19},{"not_picked":["FTL+1","Lockon"],"picked":"Auto Shields+1","floor":23},{"not_picked":["Coolheaded","Chill"],"picked":"BootSequence","floor":24},{"not_picked":["Gash+1","Turbo"],"picked":"Loop","floor":27},{"not_picked":["Ball Lightning","Streamline"],"picked":"Recycle+1","floor":28},{"not_picked":["Ball Lightning","Go for the Eyes+1"],"picked":"Self Repair","floor":29},{"not_picked":["Gash","Compile Driver"],"picked":"Heatsinks","floor":30},{"not_picked":["Reboot","Meteor Strike"],"picked":"Electrodynamics","floor":33},{"not_picked":["Steam","Scrape+1"],"picked":"Streamline+1","floor":35},{"not_picked":["Go for the Eyes","Beam Cell"],"picked":"Gash+1","floor":37},{"not_picked":["Chill","Sweeping Beam"],"picked":"Barrage","floor":38},{"not_picked":["Coolheaded","Rip and Tear"],"picked":"Buffer","floor":40},{"not_picked":["Go for the Eyes","Chaos"],"picked":"Tempest+1","floor":41},{"not_picked":["Static Discharge+1","Force Field+1"],"picked":"Barrage+1","floor":45},{"not_picked":["Stack+1","Undo"],"picked":"Redo","floor":46},{"not_picked":["Genetic Algorithm","Fusion"],"picked":"Hologram+1","floor":48}],"player_experience":282076,"relics_obtained":[{"floor":6,"key":"Girya"},{"floor":9,"key":"Smiling Mask"},{"floor":23,"key":"DataDisk"},{"floor":26,"key":"Bottled Lightning"},{"floor":27,"key":"Anchor"},{"floor":40,"key":"Art of War"},{"floor":43,"key":"Bottled Tornado"},{"floor":45,"key":"Peace Pipe"},{"floor":48,"key":"Sundial"}],"event_choices":[{"event_name":"Match and Keep!","player_choice":"2 cards matched","floor":2,"damage_taken":0},{"event_name":"World of Goop","player_choice":"Gather Gold","floor":3,"damage_taken":0},{"event_name":"Scrap Ooze","player_choice":"success","floor":7,"damage_taken":12},{"event_name":"Golden Idol","player_choice":"Take Damage","floor":14,"damage_taken":0},{"event_name":"Back to Basics","player_choice":"Simplicity","floor":20,"damage_taken":0},{"event_name":"The Mausoleum","player_choice":"Yes","floor":22,"damage_taken":0},{"event_name":"Tomb of Lord Red Mask","player_choice":"Paid","floor":39,"damage_taken":0},{"event_name":"Winding Halls","player_choice":"Writhe","floor":42,"damage_taken":0},{"event_name":"Mysterious Sphere","player_choice":"Fight","floor":45,"damage_taken":0}],"is_beta":false,"boss_relics":[{"not_picked":["Ectoplasm","Astrolabe"],"picked":"Fusion Hammer"},{"not_picked":["Busted Crown","Eternal Feather"],"picked":"Runic Pyramid"}],"items_purged_floors":[21,31,36],"is_endless":false,"potions_floor_spawned":[4,5,11,19,29,30,35,37,38,40],"ascension_level":2}