{"gold_per_floor":[109,129,129,142,157,157,12,12,12,12,23,23,37,53,53,155,205,194,194,44,44,59,23,23,23,23,35,62,74,105,117],"floor_reached":31,"playtime":2135,"items_purged":["Injury"],"score":272,"play_id":"c765fc4e-807f-4496-9bfd-a52e3e963ba4","local_time":"20190829020749","is_ascension_mode":true,"campfire_choices":[{"data":"Biased Cognition","floor":6,"key":"SMITH"},{"data":"Turbo","floor":8,"key":"SMITH"},{"data":"Heatsinks","floor":12,"key":"SMITH"},{"floor":15,"key":"REST"},{"data":"Self Repair","floor":24,"key":"SMITH"},{"data":"Meteor Strike","floor":27,"key":"SMITH"}],"neow_cost":"CURSE","seed_source_timestamp":103374339608900,"circlet_count":0,"master_deck":["Strike_B","Strike_B","Strike_B+1","Defend_B","Defend_B","Defend_B","Defend_B","Zap","Dualcast","Biased Cognition+1","Cold Snap","Aggregate","Machine Learning","Capacitor","Turbo+1","Heatsinks+1","Force Field","Reprogram","Reinforced Body","Meteor Strike+1","Self Repair","Aggregate","Self Repair+1","Redo","Loop","Darkness+1","Seek"],"relics":["Cracked Core","Kunai","Ice Cream","Tiny House","MawBank"],"potions_floor_usage":[5,14,14,16,16,18,18],"damage_taken":[{"damage":1,"enemies":"Cultist","floor":1,"turns":3},{"damage":8,"enemies":"2 Louse","floor":2,"turns":2},{"damage":0,"enemies":"Jaw Worm","floor":4,"turns":3},{"damage":27,"enemies":"Exordium Thugs","floor":5,"turns":4},{"damage":0,"enemies":"Large Slime","floor":11,"turns":4},{"damage":9,"enemies":"Blue Slaver","floor":13,"turns":3},{"damage":14,"enemies":"Exordium Wildlife","floor":14,"turns":5},{"damage":9,"enemies":"Slime Boss","floor":16,"turns":8},{"damage":20,"enemies":"2 Thieves","floor":18,"turns":5},{"damage":11,"enemies":"3 Byrds","floor":22,"turns":7},{"damage":21,"enemies":"Centurion and Healer","floor":28,"turns":11},{"damage":32,"enemies":"Snake Plant","floor":30,"turns":5},{"damage":36,"enemies":"3 Cultists","floor":31,"turns":3}],"seed_played":"7417771911128468848","potions_obtained":[{"floor":2,"key":"Explosive Potion"},{"floor":4,"key":"SkillPotion"},{"floor":13,"key":"Explosive Potion"},{"floor":14,"key":"EntropicBrew"},{"floor":17,"key":"Strength Potion"},{"floor":30,"key":"Energy Potion"}],"is_trial":false,"path_per_floor":["M","M","?","M","M","R","$","R","T","?","M","R","M","M","R","B",null,"M","?","$","?","M","$","R","$","T","R","M","?","M","M"],"character_chosen":"DEFECT","items_purchased":["Heatsinks","Aggregate","Self Repair","Loop"],"campfire_rested":1,"item_purchase_floors":[7,20,20,23],"current_hp_per_floor":[74,66,66,66,39,39,39,39,39,32,32,32,23,9,31,22,80,66,66,66,51,54,54,54,54,54,54,50,55,33,0],"gold":117,"neow_bonus":"THREE_RARE_CARDS","is_prod":false,"is_daily":false,"chose_seed":false,"campfire_upgraded":5,"win_rate":0,"timestamp":1567037269,"path_taken":["M","M","?","?","M","R","$","R","T","?","M","R","M","M","R","BOSS","M","?","?","?","M","?","R","$","T","R","?","?","M","M"],"build_version":"2019-07-17","purchased_purges":1,"victory":false,"max_hp_per_floor":[75,75,75,75,75,75,75,75,75,75,75,75,75,75,75,75,80,80,80,80,85,85,85,85,85,85,85,85,85,85,85],"card_choices":[{"not_picked":["Fission","Hyperbeam"],"picked":"Biased Cognition","floor":0},{"not_picked":["Streamline","Stack","Go for the Eyes"],"picked":"SKIP","floor":1},{"not_picked":["Rebound","Streamline"],"picked":"Cold Snap","floor":2},{"not_picked":["Steam","Glacier"],"picked":"Capacitor","floor":4},{"not_picked":["Sunder","Beam Cell"],"picked":"Turbo","floor":5},{"not_picked":["Stack","Rebound"],"picked":"Force Field","floor":11},{"not_picked":["Streamline","Sunder"],"picked":"Reprogram","floor":13},{"not_picked":["Gash","Compile Driver"],"picked":"Reinforced Body","floor":14},{"not_picked":["Reboot","Fission"],"picked":"Meteor Strike","floor":16},{"not_picked":["Genetic Algorithm","Sweeping Beam"],"picked":"Gash","floor":17},{"not_picked":["Coolheaded","Rip and Tear"],"picked":"Self Repair","floor":18},{"not_picked":["Go for the Eyes","Scrape"],"picked":"Redo","floor":22},{"not_picked":["Beam Cell","Chill+1"],"picked":"Darkness+1","floor":28},{"not_picked":["Beam Cell","Steam+1"],"picked":"Seek","floor":30}],"player_experience":598695,"relics_obtained":[{"floor":9,"key":"Kunai"},{"floor":26,"key":"MawBank"}],"event_choices":[{"damage_healed":0,"gold_gain":0,"player_choice":"2 cards matched","damage_taken":0,"max_hp_gain":0,"max_hp_loss":0,"event_name":"Match and Keep!","floor":3,"gold_loss":0,"cards_obtained":["Aggregate","Machine Learning"]},{"damage_healed":0,"gold_gain":0,"player_choice":"Success","damage_taken":7,"relics_obtained":["Ice Cream"],"max_hp_gain":0,"max_hp_loss":0,"event_name":"Scrap Ooze","floor":10,"gold_loss":0},{"cards_removed":["Strike_B"],"damage_healed":0,"gold_gain":0,"player_choice":"Card Removal","damage_taken":0,"max_hp_gain":0,"max_hp_loss":0,"event_name":"Wheel of Change","floor":19,"gold_loss":0},{"damage_healed":0,"gold_gain":0,"player_choice":"Shed Blood","damage_taken":20,"max_hp_gain":5,"max_hp_loss":0,"event_name":"Forgotten Altar","floor":21,"gold_loss":0},{"cards_removed":["Gash"],"damage_healed":5,"gold_gain":0,"player_choice":"Offered Common","damage_taken":0,"max_hp_gain":0,"max_hp_loss":0,"event_name":"Bonfire Elementals","floor":29,"gold_loss":0},{"cards_removed":["Gash"],"damage_healed":5,"gold_gain":0,"player_choice":"Offered Special","damage_taken":0,"max_hp_gain":0,"max_hp_loss":0,"event_name":"Bonfire Elementals","floor":29,"gold_loss":0}],"is_beta":false,"boss_relics":[{"not_picked":["FrozenCore","Coffee Dripper"],"picked":"Tiny House"}],"items_purged_floors":[7],"is_endless":false,"potions_floor_spawned":[2,4,13,14,30],"killed_by":"3 Cultists","ascension_level":4}