{"gold_per_floor":[114,64,74,74,85,120,120,152,152,56,56],"floor_reached":11,"playtime":545,"items_purged":[],"score":85,"play_id":"20b1ed24-913f-492c-abba-667550341fde","local_time":"20180713000434","is_ascension_mode":true,"campfire_choices":[{"data":"Double Energy","floor":7,"key":"SMITH"}],"neow_cost":"NONE","seed_source_timestamp":88292002141699,"circlet_count":0,"master_deck":["Strike_B","Strike_B","Defend_B","Defend_B","Defend_B","Defend_B","Zap","Dualcast","Beam Cell","Echo Form","Beam Cell","Double Energy+1","BootSequence","Storm","Capacitor"],"relics":["Cracked Core","Lantern","Pantograph","The Courier","Gremlin Horn"],"potions_floor_usage":[],"damage_taken":[{"damage":1,"enemies":"Cultist","floor":1,"turns":3},{"damage":5,"enemies":"Small Slimes","floor":3,"turns":3},{"damage":8,"enemies":"Jaw Worm","floor":5,"turns":3},{"damage":26,"enemies":"Lagavulin","floor":6,"turns":5},{"damage":23,"enemies":"3 Sentries","floor":8,"turns":7},{"damage":7,"enemies":"Blue Slaver","floor":11,"turns":3}],"seed_played":"-5319323809603100776","potions_obtained":[{"floor":6,"key":"SteroidPotion"},{"floor":8,"key":"Fire Potion"}],"is_trial":false,"path_per_floor":["M","?","M","?","M","E","R","E","T","$"],"character_chosen":"DEFECT","items_purchased":["Storm","Capacitor"],"campfire_rested":0,"item_purchase_floors":[10,10],"current_hp_per_floor":[74,74,69,62,54,28,28,5,5,5,0],"gold":56,"neow_bonus":"RANDOM_COMMON_RELIC","is_prod":false,"is_daily":false,"chose_seed":false,"campfire_upgraded":1,"win_rate":0,"timestamp":1531433074,"path_taken":["M","?","?","?","M","E","R","E","T","$","M"],"build_version":"2018-07-05","purchased_purges":0,"victory":false,"max_hp_per_floor":[75,75,75,75,75,75,75,75,75,75,75],"card_choices":[{"not_picked":["Redo","Cold Snap"],"picked":"Beam Cell","floor":1},{"not_picked":["Stack","Barrage"],"picked":"Echo Form","floor":3},{"not_picked":["Coolheaded","Compile Driver"],"picked":"Beam Cell","floor":5},{"not_picked":["Streamline","Leap"],"picked":"Double Energy","floor":6},{"not_picked":["Chaos","Chill"],"picked":"BootSequence","floor":8}],"player_experience":174462,"relics_obtained":[{"floor":6,"key":"Pantograph"},{"floor":8,"key":"The Courier"},{"floor":9,"key":"Gremlin Horn"}],"event_choices":[{"event_name":"The Cleric","player_choice":"Card Removal","floor":2,"damage_taken":0},{"event_name":"Golden Wing","player_choice":"Card Removal","floor":4,"damage_taken":0}],"boss_relics":[],"items_purged_floors":[],"is_endless":false,"potions_floor_spawned":[6,8],"killed_by":"Blue Slaver","ascension_level":1}