{"path_per_floor":["M","M","$","?","?","R","M","M","T","M","M","R","?","M","R"],"character_chosen":"THE_SILENT","items_purchased":["Enlightenment","Blade Dance","Masterful Stab"],"gold_per_floor":[362,372,12,12,12,12,22,32,104,119,133,133,133,145,145],"floor_reached":16,"campfire_rested":0,"playtime":1993,"current_hp_per_floor":[70,69,69,69,69,69,69,67,67,60,60,60,65,65,65],"items_purged":[],"gold":145,"play_id":"7f58704c-593b-49ee-af25-daa749dbf03d","is_prod":false,"is_daily":false,"campfire_rituals":0,"campfire_upgraded":3,"is_hardmode":false,"path_taken":["M","M","$","?","?","R","M","M","T","M","M","R","?","M","R","BOSS"],"build_version":"2018-01-18-PROD4","purchased_purges":0,"victory":false,"master_deck":["Defend_G","Defend_G","Defend_G","Defend_G","Defend_G","Strike_G","Strike_G","Strike_G","Strike_G","Strike_G","Survivor","Neutralize","Slice","Acrobatics","Enlightenment","Blade Dance","Masterful Stab","Flying Knee","Deflect","Caltrops","Endless Agony","Flying Knee"],"max_hp_per_floor":[70,70,70,70,70,70,70,70,70,70,70,70,75,75,75],"relics":["Ring of the Snake","Centennial Puzzle"],"campfire_meditates":0,"card_choices":[{"not_picked":["Dash","Masterful Stab"],"picked":"Slice"},{"not_picked":["Dodge and Roll","Slice"],"picked":"Acrobatics"},{"not_picked":["Masterful Stab","Well Laid Plans"],"picked":"Flying Knee"},{"not_picked":["Malaise","Masterful Stab"],"picked":"Deflect"},{"not_picked":["Backflip","Acrobatics"],"picked":"Caltrops"},{"not_picked":["Dodge and Roll","Quick Slash"],"picked":"Endless Agony"},{"not_picked":["Slice","PiercingWail"],"picked":"Flying Knee"}],"player_experience":6593,"potions_floor_usage":[],"damage_taken":[{"damage":0,"enemies":"Cultist","floor":1,"turns":4},{"damage":1,"enemies":"Jaw Worm","floor":2,"turns":4},{"damage":0,"enemies":"Small Slimes","floor":7,"turns":3},{"damage":2,"enemies":"Looter","floor":8,"turns":3},{"damage":7,"enemies":"Exordium Thugs","floor":10,"turns":5},{"damage":0,"enemies":"2 Fungi Beasts","floor":11,"turns":4},{"damage":0,"enemies":"Large Slime","floor":14,"turns":5},{"damage":65,"enemies":"The Guardian","floor":16,"turns":10}],"event_choices":[{"event_name":"Living Wall","player_choice":"Forget","floor":4,"damage_taken":0},{"event_name":"The Cleric","player_choice":"Leave","floor":5,"damage_taken":0},{"event_name":"Big Fish","player_choice":"Donut","floor":13,"damage_taken":0}],"boss_relics":[],"potions_floor_spawned":[2,10],"seed_played":"5750894683844331704","killed_by":"The Guardian","is_trial":false}