{"gold_per_floor":[115,115,14,89,107,107,132,132,132,132,170,20,20,38,38,38],"floor_reached":16,"playtime":766,"items_purged":["Defend_R","Defend_R"],"score":117,"play_id":"b8e4698b-385a-4bf5-8bf7-ff4f5c295dae","local_time":"20180906205730","is_ascension_mode":true,"campfire_choices":[{"data":"Perfected Strike","floor":6,"key":"SMITH"},{"data":"Bash","floor":8,"key":"SMITH"},{"floor":13,"key":"REST"},{"data":"Infernal Blade","floor":15,"key":"SMITH"}],"neow_cost":"NONE","seed_source_timestamp":7354593285473,"circlet_count":0,"master_deck":["Strike_R","Strike_R","Strike_R","Strike_R","Strike_R","Defend_R","Bash+1","Perfected Strike+1","Shrug It Off","Shrug It Off","Shrug It Off","Injury","Infernal Blade+1","Flex","Havoc"],"relics":["Burning Blood","Kunai","Gremlin Horn","Golden Idol","Champion Belt"],"potions_floor_usage":[11,11,11],"damage_taken":[{"damage":0,"enemies":"Small Slimes","floor":1,"turns":3},{"damage":9,"enemies":"2 Louse","floor":5,"turns":2},{"damage":29,"enemies":"3 Sentries","floor":7,"turns":7},{"damage":37,"enemies":"Lagavulin","floor":11,"turns":7},{"damage":4,"enemies":"Jaw Worm","floor":14,"turns":2},{"damage":38,"enemies":"The Guardian","floor":16,"turns":8}],"seed_played":"-1969133215386506394","potions_obtained":[{"floor":5,"key":"GamblersBrew"},{"floor":7,"key":"EntropicBrew"}],"is_trial":false,"path_per_floor":["M","?","$","?","M","R","E","R","T","?","E","$","R","M","R"],"character_chosen":"IRONCLAD","items_purchased":["Shrug It Off","Flex"],"campfire_rested":1,"item_purchase_floors":[3,12],"current_hp_per_floor":[80,80,80,69,66,66,43,43,43,43,12,12,36,38,38,0],"gold":38,"neow_bonus":"REMOVE_CARD","is_prod":false,"is_daily":false,"chose_seed":false,"campfire_upgraded":3,"win_rate":0,"timestamp":1536260250,"path_taken":["M","?","$","?","M","R","E","R","T","?","E","$","R","?","R","BOSS"],"build_version":"2018-08-30","purchased_purges":2,"victory":false,"max_hp_per_floor":[80,80,80,80,80,80,80,80,80,80,80,80,80,80,80,80],"card_choices":[{"not_picked":["Flex","Clothesline"],"picked":"Perfected Strike","floor":1},{"not_picked":["Shockwave","Disarm"],"picked":"Shrug It Off","floor":5},{"not_picked":["Feel No Pain","Heavy Blade"],"picked":"Shrug It Off","floor":7},{"not_picked":["Offering","Armaments"],"picked":"Infernal Blade","floor":11},{"not_picked":["Warcry","Hemokinesis"],"picked":"Havoc","floor":14}],"player_experience":288229,"relics_obtained":[{"floor":7,"key":"Kunai"},{"floor":9,"key":"Gremlin Horn"},{"floor":11,"key":"Champion Belt"}],"event_choices":[{"event_name":"Liars Game","player_choice":"disagreed","floor":2,"damage_taken":0},{"event_name":"World of Goop","player_choice":"Gather Gold","floor":4,"damage_taken":0},{"event_name":"Golden Idol","player_choice":"Take Wound","floor":10,"damage_taken":0}],"is_beta":false,"boss_relics":[],"items_purged_floors":[3,12],"is_endless":false,"potions_floor_spawned":[5,7],"killed_by":"The Guardian","ascension_level":2}