{"gold_per_floor":[119,119,119,119,133,164,188,201,201,44,44],"floor_reached":11,"playtime":715,"items_purged":["Strike_B"],"score":88,"play_id":"2fab9fec-2fc4-41d3-8fb5-c3dab5ae0bc4","local_time":"20181218204949","is_ascension_mode":true,"campfire_choices":[],"neow_cost":"NONE","seed_source_timestamp":17797361343585,"circlet_count":0,"master_deck":["Strike_B","Defend_B","Defend_B","Defend_B","Defend_B","Zap+1","Dualcast","Redo","Sweeping Beam","Self Repair","White Noise","Meteor Strike","Machine Learning"],"relics":["Cracked Core","Golden Idol","Kunai","Ginger"],"potions_floor_usage":[6],"damage_taken":[{"damage":7,"enemies":"Small Slimes","floor":1,"turns":4},{"damage":0,"enemies":"2 Louse","floor":5,"turns":2},{"damage":34,"enemies":"Gremlin Nob","floor":6,"turns":4},{"damage":2,"enemies":"Jaw Worm","floor":7,"turns":4},{"damage":7,"enemies":"2 Fungi Beasts","floor":8,"turns":3},{"damage":16,"enemies":"Gremlin Gang","floor":11,"turns":1}],"seed_played":"3184677156747164732","potions_obtained":[{"floor":5,"key":"SkillPotion"},{"floor":8,"key":"Ancient Potion"}],"is_trial":false,"path_per_floor":["M","?","?","?","M","E","M","M","T","$","M"],"character_chosen":"DEFECT","items_purchased":["Machine Learning"],"campfire_rested":0,"item_purchase_floors":[10],"current_hp_per_floor":[68,61,61,43,43,9,14,14,14,14,0],"gold":44,"neow_bonus":"UPGRADE_CARD","is_prod":false,"is_daily":false,"chose_seed":false,"campfire_upgraded":0,"win_rate":0,"timestamp":1545162589,"path_taken":["M","?","?","?","M","E","M","M","T","$","M"],"build_version":"2018-12-13","purchased_purges":1,"victory":false,"max_hp_per_floor":[75,75,75,75,75,75,75,75,75,75,75],"card_choices":[{"not_picked":["Sweeping Beam","Glacier"],"picked":"Redo","floor":1},{"not_picked":["Barrage","Undo"],"picked":"Sweeping Beam","floor":5},{"not_picked":["Streamline","Scrape"],"picked":"Self Repair","floor":6},{"not_picked":["Rebound","Go for the Eyes"],"picked":"White Noise","floor":7},{"not_picked":["Glacier","Hologram"],"picked":"Meteor Strike","floor":8}],"player_experience":436843,"relics_obtained":[{"floor":6,"key":"Kunai"},{"floor":9,"key":"Ginger"}],"event_choices":[{"cards_removed":["Strike_B"],"damage_healed":0,"gold_gain":0,"player_choice":"Card Removal","damage_taken":7,"max_hp_gain":0,"max_hp_loss":0,"event_name":"Golden Wing","floor":2,"gold_loss":0},{"cards_removed":["Strike_B"],"damage_healed":0,"gold_gain":0,"player_choice":"Forget","damage_taken":0,"max_hp_gain":0,"max_hp_loss":0,"event_name":"Living Wall","floor":3,"gold_loss":0},{"damage_healed":0,"gold_gain":0,"player_choice":"Take Damage","damage_taken":18,"relics_obtained":["Golden Idol"],"max_hp_gain":0,"max_hp_loss":0,"event_name":"Golden Idol","floor":4,"gold_loss":0}],"is_beta":false,"boss_relics":[],"items_purged_floors":[10],"is_endless":false,"potions_floor_spawned":[5,8],"killed_by":"Gremlin Gang","ascension_level":4}