{"gold_per_floor":[116,128,144,157,157,157,170,186,186,46,80,94,94,122,122,219,219,233,218,229,229,229,229,229],"floor_reached":24,"playtime":1890,"items_purged":[],"score":298,"play_id":"a13be126-931c-42e2-850e-250fea623edf","local_time":"20190509023907","is_ascension_mode":true,"campfire_choices":[{"data":"Tools of the Trade","floor":6,"key":"SMITH"},{"data":"Calculated Gamble","floor":13,"key":"SMITH"},{"floor":15,"key":"REST"},{"data":"Storm of Steel","floor":23,"key":"SMITH"}],"neow_cost":"NONE","seed_source_timestamp":18851406160000,"circlet_count":0,"master_deck":["Defend_G","Defend_G","Defend_G","Defend_G","Defend_G","Strike_G","Strike_G","Strike_G","Strike_G","Strike_G","Survivor","Neutralize","Catalyst","Slice","Tools of the Trade+1","Cloak And Dagger","Predator","Accuracy","Accuracy","Cloak And Dagger","Deadly Poison","Calculated Gamble+1","Outmaneuver","Underhanded Strike","Storm of Steel+1","Underhanded Strike+1","Acrobatics+1","After Image","Decay"],"relics":["Ring of the Snake","Tough Bandages","Pear","Ginger","Cursed Key","Kunai"],"potions_floor_usage":[4,4,12,14,14,19,19,20],"damage_taken":[{"damage":0,"enemies":"Cultist","floor":1,"turns":4},{"damage":7,"enemies":"Small Slimes","floor":2,"turns":5},{"damage":6,"enemies":"Jaw Worm","floor":3,"turns":6},{"damage":0,"enemies":"3 Louse","floor":4,"turns":3},{"damage":3,"enemies":"Blue Slaver","floor":7,"turns":5},{"damage":12,"enemies":"Lots of Slimes","floor":8,"turns":5},{"damage":15,"enemies":"3 Sentries","floor":11,"turns":9},{"damage":4,"enemies":"3 Louse","floor":12,"turns":3},{"damage":9,"enemies":"Lagavulin","floor":14,"turns":6},{"damage":25,"enemies":"The Guardian","floor":16,"turns":10},{"damage":8,"enemies":"Chosen","floor":18,"turns":5},{"damage":10,"enemies":"2 Thieves","floor":19,"turns":4},{"damage":14,"enemies":"Snake Plant","floor":20,"turns":4},{"damage":51,"enemies":"Gremlin Leader","floor":24,"turns":5}],"seed_played":"-507596877172698586","potions_obtained":[{"floor":1,"key":"EssenceOfSteel"},{"floor":3,"key":"Fire Potion"},{"floor":8,"key":"EntropicBrew"},{"floor":11,"key":"Regen Potion"},{"floor":14,"key":"Weak Potion"},{"floor":20,"key":"Fruit Juice"}],"is_trial":false,"path_per_floor":["M","M","M","M","?","R","M","M","T","$","E","M","R","E","R","B",null,"M","M","M","T","?","R","E"],"character_chosen":"THE_SILENT","items_purchased":["Accuracy","Cloak And Dagger","Deadly Poison"],"campfire_rested":1,"item_purchase_floors":[10,10,10],"current_hp_per_floor":[70,63,57,57,50,50,47,35,35,35,30,35,35,26,52,27,72,64,54,45,45,45,45,0],"gold":229,"neow_bonus":"TEN_PERCENT_HP_BONUS","is_prod":false,"is_daily":false,"chose_seed":false,"campfire_upgraded":3,"win_rate":0,"timestamp":1557362347,"path_taken":["M","M","M","?","?","R","M","M","T","$","E","?","R","E","R","BOSS","M","M","M","?","?","R","E"],"build_version":"2019-01-23","purchased_purges":0,"victory":false,"max_hp_per_floor":[77,77,77,77,77,77,77,77,77,77,87,87,87,87,87,87,87,87,87,92,92,92,92,92],"card_choices":[{"not_picked":["Finisher","Deadly Poison"],"picked":"Catalyst","floor":1},{"not_picked":["Choke","Acrobatics"],"picked":"Slice","floor":2},{"not_picked":["Blur","Caltrops"],"picked":"Tools of the Trade","floor":3},{"not_picked":["Bane","Flying Knee"],"picked":"Cloak And Dagger","floor":4},{"not_picked":["Well Laid Plans","Concentrate"],"picked":"Predator","floor":7},{"not_picked":["Outmaneuver","Flying Knee"],"picked":"Accuracy","floor":8},{"not_picked":["Reflex","Cloak And Dagger"],"picked":"Calculated Gamble","floor":11},{"not_picked":["Backflip","Poisoned Stab"],"picked":"Outmaneuver","floor":12},{"not_picked":["Sucker Punch","Terror"],"picked":"Underhanded Strike","floor":14},{"not_picked":["Burst","Envenom"],"picked":"Storm of Steel","floor":16},{"not_picked":["Sucker Punch","Slice"],"picked":"Underhanded Strike+1","floor":18},{"not_picked":["Outmaneuver","Crippling Poison"],"picked":"Acrobatics+1","floor":19},{"not_picked":["Sucker Punch","Acrobatics"],"picked":"After Image","floor":20}],"player_experience":525581,"relics_obtained":[{"floor":9,"key":"Tough Bandages"},{"floor":11,"key":"Pear"},{"floor":14,"key":"Ginger"},{"floor":21,"key":"Kunai"}],"event_choices":[{"damage_healed":0,"gold_gain":0,"player_choice":"Damaged","damage_taken":7,"max_hp_gain":0,"max_hp_loss":0,"event_name":"Wheel of Change","floor":5,"gold_loss":0},{"damage_healed":0,"gold_gain":0,"player_choice":"Ignored","damage_taken":0,"max_hp_gain":0,"max_hp_loss":0,"event_name":"Ghosts","floor":22,"gold_loss":0}],"is_beta":false,"boss_relics":[{"not_picked":["Busted Crown","Ectoplasm"],"picked":"Cursed Key"}],"items_purged_floors":[],"is_endless":false,"potions_floor_spawned":[1,3,8,11,14,20],"killed_by":"Gremlin Leader","ascension_level":6}