{"gold_per_floor":[118,118,134,134,84,60,90,90,90,102,102,50,50,68,68,163,163,183,183,11,11,21,52,52,64,64,64,96,96,108,128,128,231,281,299,315,315],"floor_reached":37,"playtime":2415,"items_purged":["Defend_R"],"score":479,"play_id":"94eeccf1-e41d-462d-aac4-b43fdabb6f95","local_time":"20190130204509","is_ascension_mode":true,"campfire_choices":[{"data":"Clash","floor":8,"key":"SMITH"},{"data":"Limit Break","floor":11,"key":"SMITH"},{"data":"Heavy Blade","floor":13,"key":"SMITH"},{"data":"Cleave","floor":15,"key":"SMITH"},{"data":"Shrug It Off","floor":24,"key":"SMITH"},{"data":"Blind","floor":29,"key":"SMITH"},{"data":"Demon Form","floor":32,"key":"SMITH"}],"neow_cost":"TEN_PERCENT_HP_LOSS","seed_source_timestamp":5938141606500,"circlet_count":0,"master_deck":["Bash","Metallicize","Limit Break+1","Clash+1","Shrug It Off+1","Flex","Heavy Blade+1","Cleave+1","Demon Form+1","Decay","Clash+1","Blind+1","Bite+1","Bite+1","Bite+1","Bite+1","Bite+1","Thunderclap+1","Pummel+1","Clash+1","Headbutt+1","Heavy Blade+1","Twin Strike+1","Exhume+1","Iron Wave+1","Bludgeon+1"],"relics":["Burning Blood","Omamori","Dodecahedron","Ornamental Fan","Calling Bell","Dream Catcher","Molten Egg 2","Dead Branch","MutagenicStrength","Boot","Meat on the Bone","Paper Frog","Tiny House"],"potions_floor_usage":[18,28,31,31,33,37],"damage_taken":[{"damage":10,"enemies":"Jaw Worm","floor":1,"turns":4},{"damage":0,"enemies":"Small Slimes","floor":3,"turns":3},{"damage":25,"enemies":"Lagavulin","floor":7,"turns":5},{"damage":0,"enemies":"Cultist","floor":10,"turns":2},{"damage":5,"enemies":"2 Fungi Beasts","floor":14,"turns":2},{"damage":5,"enemies":"Slime Boss","floor":16,"turns":9},{"damage":2,"enemies":"Chosen","floor":18,"turns":4},{"damage":0,"enemies":"Spheric Guardian","floor":22,"turns":3},{"damage":0,"enemies":"Gremlin Leader","floor":23,"turns":2},{"damage":17,"enemies":"3 Cultists","floor":25,"turns":4},{"damage":50,"enemies":"Slavers","floor":28,"turns":5},{"damage":21,"enemies":"Centurion and Healer","floor":30,"turns":4},{"damage":27,"enemies":"Shelled Parasite and Fungi","floor":31,"turns":4},{"damage":25,"enemies":"Automaton","floor":33,"turns":6},{"damage":23,"enemies":"3 Darklings","floor":35,"turns":4},{"damage":13,"enemies":"Orb Walker","floor":36,"turns":3},{"damage":59,"enemies":"2 Orb Walkers","floor":37,"turns":4}],"seed_played":"-4134557460649656526","potions_obtained":[{"floor":1,"key":"Weak Potion"},{"floor":22,"key":"Energy Potion"},{"floor":23,"key":"Regen Potion"},{"floor":28,"key":"Regen Potion"},{"floor":30,"key":"AttackPotion"},{"floor":31,"key":"Ancient Potion"},{"floor":34,"key":"FairyPotion"},{"floor":36,"key":"EssenceOfSteel"}],"is_trial":false,"path_per_floor":["M","?","M","?","?","$","E","R","T","M","R","$","R","M","R","B",null,"M","?","$","?","M","E","R","M","T","$","E","R","M","M","R","B",null,"M","M","?"],"character_chosen":"IRONCLAD","items_purchased":["Clash","Heavy Blade","Blind"],"campfire_rested":0,"item_purchase_floors":[6,12,20],"current_hp_per_floor":[68,61,67,67,67,67,48,48,48,54,54,54,54,55,55,56,72,72,72,72,50,50,50,50,45,45,45,39,39,36,36,36,38,55,44,40,0],"gold":315,"neow_bonus":"REMOVE_TWO","is_prod":false,"is_daily":false,"chose_seed":false,"campfire_upgraded":7,"win_rate":0,"timestamp":1548877509,"path_taken":["M","?","M","?","?","?","E","R","T","?","R","$","R","M","R","BOSS","M","?","$","?","M","E","R","M","T","$","E","R","M","M","R","BOSS","M","M","?"],"build_version":"2019-01-23","purchased_purges":1,"victory":false,"max_hp_per_floor":[72,72,72,72,72,72,72,72,72,72,72,72,72,72,72,72,72,72,72,72,50,50,50,50,50,50,50,50,50,50,50,50,50,55,55,55,55],"card_choices":[{"not_picked":["Pommel Strike","True Grit"],"picked":"Metallicize","floor":1},{"not_picked":["Shrug It Off","Headbutt"],"picked":"Limit Break","floor":3},{"not_picked":["True Grit","Dropkick"],"picked":"Shrug It Off","floor":7},{"not_picked":["Shrug It Off","Armaments"],"picked":"Flex","floor":10},{"not_picked":["Warcry","Twin Strike"],"picked":"Cleave","floor":14},{"not_picked":["Brutality","Double Tap"],"picked":"Demon Form","floor":16},{"not_picked":["Dual Wield","Twin Strike+1"],"picked":"Clash+1","floor":18},{"not_picked":["Havoc","Anger+1"],"picked":"Thunderclap+1","floor":22},{"not_picked":["Wild Strike+1","Clothesline+1"],"picked":"Pummel+1","floor":23},{"not_picked":["Heavy Blade+1","Anger+1"],"picked":"Clash+1","floor":25},{"not_picked":["Dark Embrace","Reckless Charge+1"],"picked":"Headbutt+1","floor":28},{"not_picked":["Body Slam+1","Sword Boomerang+1"],"picked":"Heavy Blade+1","floor":30},{"not_picked":["Wild Strike+1","Warcry+1"],"picked":"Twin Strike+1","floor":31},{"not_picked":["Dark Embrace","Brutality"],"picked":"Exhume","floor":33},{"not_picked":["Flex","Armaments"],"picked":"Iron Wave+1","floor":34},{"not_picked":["Second Wind+1","Cleave+1"],"picked":"Bludgeon+1","floor":35},{"not_picked":["Cleave+1","Anger+1","Clothesline+1"],"picked":"SKIP","floor":36}],"player_experience":456163,"relics_obtained":[{"floor":7,"key":"Dodecahedron"},{"floor":9,"key":"Ornamental Fan"},{"floor":17,"key":"Dream Catcher"},{"floor":17,"key":"Molten Egg 2"},{"floor":17,"key":"Dead Branch"},{"floor":23,"key":"Boot"},{"floor":26,"key":"Meat on the Bone"},{"floor":28,"key":"Paper Frog"}],"event_choices":[{"damage_healed":0,"gold_gain":0,"player_choice":"Success","damage_taken":7,"relics_obtained":["Omamori"],"max_hp_gain":0,"max_hp_loss":0,"event_name":"Scrap Ooze","floor":2,"gold_loss":0},{"cards_removed":["Defend_R"],"damage_healed":0,"gold_gain":0,"player_choice":"Forget","damage_taken":0,"max_hp_gain":0,"max_hp_loss":0,"event_name":"Living Wall","floor":4,"gold_loss":0},{"cards_removed":["Defend_R"],"damage_healed":0,"gold_gain":0,"player_choice":"Card Removal","damage_taken":0,"max_hp_gain":0,"max_hp_loss":0,"event_name":"The Cleric","floor":5,"gold_loss":50},{"damage_healed":0,"gold_gain":0,"player_choice":"Inject Mutagens","damage_taken":0,"relics_obtained":["MutagenicStrength"],"max_hp_gain":0,"max_hp_loss":0,"event_name":"Drug Dealer","floor":19,"gold_loss":0},{"damage_healed":0,"gold_gain":0,"player_choice":"Became a vampire","damage_taken":0,"max_hp_gain":0,"max_hp_loss":22,"event_name":"Vampires","floor":21,"gold_loss":0,"cards_obtained":["Bite","Bite","Bite","Bite","Bite"]},{"damage_healed":0,"gold_gain":0,"player_choice":"Fight","damage_taken":0,"max_hp_gain":0,"max_hp_loss":0,"event_name":"Mysterious Sphere","floor":37,"gold_loss":0}],"is_beta":false,"boss_relics":[{"not_picked":["Philosopher\u0027s Stone","Empty Cage"],"picked":"Calling Bell"},{"not_picked":["Runic Pyramid","Astrolabe"],"picked":"Tiny House"}],"items_purged_floors":[20],"is_endless":false,"potions_floor_spawned":[1,22,23,28,30,31,36],"killed_by":"2 Orb Walkers","ascension_level":1}