{"gold_per_floor":[112,37,37,49,49,79,79,111,111,111,122,122,134,147,147,245,245,256,270,270,24,124,124,135,135,135,135,145,145,164,164,164,164],"floor_reached":33,"playtime":1624,"items_purged":["Strike_B"],"score":306,"play_id":"69b45333-10d8-4028-9387-8ff6150d5c38","local_time":"20190518042507","is_ascension_mode":true,"campfire_choices":[{"floor":7,"key":"REST"},{"data":"Gash","floor":15,"key":"SMITH"},{"floor":23,"key":"REST"},{"floor":25,"key":"REST"},{"data":"Electrodynamics","floor":27,"key":"SMITH"},{"floor":29,"key":"REST"},{"data":"Streamline","floor":32,"key":"SMITH"}],"neow_cost":"NONE","seed_source_timestamp":115585602351700,"circlet_count":0,"master_deck":["Strike_B+1","Strike_B+1","Defend_B+1","Zap","Dualcast","Redo","Hologram","Static Discharge","Gash+1","Doom and Gloom","Parasite","Streamline+1","Gash+1","Electrodynamics+1","Redo+1","Conserve Battery","Capacitor","Self Repair","Beam Cell+1","Reboot","Streamline","Self Repair+1"],"relics":["Cracked Core","Letter Opener","Strawberry","Whetstone","Darkstone Periapt","Anchor","Empty Cage","Bottled Lightning","Emotion Chip","Ornamental Fan","Dodecahedron"],"potions_floor_usage":[6,16,22,22,33],"damage_taken":[{"damage":0,"enemies":"2 Louse","floor":1,"turns":2},{"damage":7,"enemies":"Jaw Worm","floor":4,"turns":2},{"damage":21,"enemies":"Lagavulin","floor":6,"turns":5},{"damage":20,"enemies":"3 Sentries","floor":8,"turns":5},{"damage":0,"enemies":"Small Slimes","floor":11,"turns":3},{"damage":0,"enemies":"Red Slaver","floor":13,"turns":3},{"damage":0,"enemies":"Looter","floor":14,"turns":2},{"damage":13,"enemies":"Slime Boss","floor":16,"turns":6},{"damage":21,"enemies":"2 Thieves","floor":18,"turns":3},{"damage":24,"enemies":"Spheric Guardian","floor":19,"turns":3},{"damage":0,"enemies":"Colosseum Slavers","floor":22,"turns":1},{"damage":39,"enemies":"Colosseum Nobs","floor":22,"turns":4},{"damage":24,"enemies":"Snake Plant","floor":24,"turns":5},{"damage":18,"enemies":"3 Cultists","floor":28,"turns":4},{"damage":11,"enemies":"Sentry and Sphere","floor":30,"turns":3},{"damage":50,"enemies":"Collector","floor":33,"turns":5}],"seed_played":"-7902377047000328495","potions_obtained":[{"floor":1,"key":"Dexterity Potion"},{"floor":13,"key":"Fire Potion"},{"floor":14,"key":"Poison Potion"},{"floor":19,"key":"SmokeBomb"},{"floor":28,"key":"Dexterity Potion"},{"floor":30,"key":"SteroidPotion"}],"is_trial":false,"path_per_floor":["M","$","?","M","?","E","R","E","T","?","M","T","M","M","R","B",null,"M","M","?","$","?","R","M","R","T","R","M","R","M","?","R","B"],"character_chosen":"DEFECT","items_purchased":["Bottled Lightning"],"campfire_rested":4,"item_purchase_floors":[21],"current_hp_per_floor":[75,75,63,56,41,27,51,31,31,57,57,57,57,57,57,44,88,67,43,43,43,4,30,13,39,39,39,21,47,43,43,43,0],"gold":164,"neow_bonus":"THREE_CARDS","is_prod":false,"is_daily":false,"chose_seed":false,"campfire_upgraded":3,"win_rate":0,"timestamp":1558146307,"path_taken":["M","$","?","M","?","E","R","E","T","?","M","?","?","M","R","BOSS","M","M","?","$","?","R","M","R","T","R","M","R","M","?","R","BOSS"],"build_version":"2019-01-23","purchased_purges":1,"victory":false,"max_hp_per_floor":[75,75,75,75,75,82,82,82,82,88,88,88,88,88,88,88,88,88,88,88,88,88,88,88,88,88,88,88,88,88,88,88,88],"card_choices":[{"not_picked":["Barrage","Coolheaded"],"picked":"Redo","floor":0},{"not_picked":["Rebound","Blizzard"],"picked":"Hologram","floor":1},{"not_picked":["Redo","Turbo"],"picked":"Static Discharge","floor":4},{"not_picked":["Hologram","Stack"],"picked":"Gash","floor":6},{"not_picked":["Conserve Battery","Cold Snap"],"picked":"Doom and Gloom","floor":8},{"not_picked":["Consume","Steam","Barrage"],"picked":"SKIP","floor":11},{"not_picked":["Barrage","Cold Snap"],"picked":"Streamline","floor":13},{"not_picked":["Redo","Blizzard"],"picked":"Gash","floor":14},{"not_picked":["Thunder Strike","Meteor Strike"],"picked":"Electrodynamics","floor":16},{"not_picked":["Turbo","Ball Lightning"],"picked":"Redo","floor":18},{"not_picked":["Sunder+1","Redo"],"picked":"Conserve Battery","floor":19},{"not_picked":["Stack+1","Steam Power+1"],"picked":"Beam Cell+1","floor":22},{"not_picked":["Conserve Battery","Stack"],"picked":"Reboot","floor":24},{"not_picked":["Hologram","Force Field"],"picked":"Streamline","floor":28},{"not_picked":["Fusion","Leap"],"picked":"Self Repair+1","floor":30}],"player_experience":542549,"relics_obtained":[{"floor":6,"key":"Strawberry"},{"floor":8,"key":"Whetstone"},{"floor":9,"key":"Darkstone Periapt"},{"floor":12,"key":"Anchor"},{"floor":22,"key":"Emotion Chip"},{"floor":22,"key":"Ornamental Fan"},{"floor":26,"key":"Dodecahedron"}],"event_choices":[{"damage_healed":0,"gold_gain":0,"player_choice":"Success","damage_taken":12,"relics_obtained":["Letter Opener"],"max_hp_gain":0,"max_hp_loss":0,"event_name":"Scrap Ooze","floor":3,"gold_loss":0},{"damage_healed":0,"gold_gain":0,"player_choice":"Entered Light","damage_taken":15,"max_hp_gain":0,"max_hp_loss":0,"event_name":"Shining Light","floor":5,"gold_loss":0,"cards_upgraded":["Defend_B","Strike_B"]},{"damage_healed":20,"gold_gain":0,"player_choice":"Healed and dodged fight","damage_taken":0,"max_hp_gain":0,"max_hp_loss":0,"event_name":"Mushrooms","floor":10,"gold_loss":0,"cards_obtained":["Parasite"]},{"damage_healed":0,"gold_gain":0,"cards_transformed":["Defend_B","Defend_B"],"player_choice":"Became Test Subject","damage_taken":0,"max_hp_gain":0,"max_hp_loss":0,"event_name":"Drug Dealer","floor":20,"gold_loss":0,"cards_obtained":["Capacitor","Self Repair"]},{"damage_healed":0,"gold_gain":0,"player_choice":"Fight","damage_taken":0,"max_hp_gain":0,"max_hp_loss":0,"event_name":"Colosseum","floor":22,"gold_loss":0},{"damage_healed":0,"gold_gain":0,"player_choice":"Fought Nobs","damage_taken":0,"max_hp_gain":0,"max_hp_loss":0,"event_name":"Colosseum","floor":22,"gold_loss":0},{"damage_healed":0,"gold_gain":0,"player_choice":"Forge","damage_taken":0,"max_hp_gain":0,"max_hp_loss":0,"event_name":"Accursed Blacksmith","floor":31,"gold_loss":0,"cards_upgraded":["Redo"]}],"is_beta":false,"boss_relics":[{"not_picked":["Nuclear Battery","White Beast Statue"],"picked":"Empty Cage"}],"items_purged_floors":[2],"is_endless":false,"potions_floor_spawned":[1,13,14,19,22,28,30],"killed_by":"Collector","ascension_level":4}