{"gold_per_floor":[109,122,16,16,16,16,50,4,27,27,46,46,121,121,121,245,245,263,340,363,363,363,363],"floor_reached":23,"playtime":981,"items_purged":[],"score":247,"play_id":"2641c024-0fd0-4158-8a2a-644701db24f7","local_time":"20190221005802","is_ascension_mode":true,"campfire_choices":[{"floor":6,"key":"REST"},{"data":"Inflame","floor":10,"key":"SMITH"},{"floor":12,"key":"REST"},{"data":"Inflame","floor":15,"key":"SMITH"}],"neow_cost":"PERCENT_DAMAGE","seed_source_timestamp":22368041200700,"circlet_count":0,"master_deck":["Strike_R","Strike_R+1","Strike_R","Strike_R","Strike_R","Defend_R+1","Defend_R","Bash","Shockwave","Warcry","Inflame+1","Shrug It Off","Heavy Blade+1","Flex","Cleave","Inflame+1","Demon Form","Headbutt+1","Dual Wield","Ghostly","Ghostly","Ghostly","Ghostly","Ghostly","Writhe"],"relics":["Burning Blood","Golden Idol","Centennial Puzzle","Dream Catcher","Runic Cube","Kunai","Lantern"],"potions_floor_usage":[16,20,23],"damage_taken":[{"damage":3,"enemies":"Jaw Worm","floor":1,"turns":5},{"damage":0,"enemies":"Small Slimes","floor":2,"turns":3},{"damage":28,"enemies":"Gremlin Nob","floor":7,"turns":5},{"damage":0,"enemies":"Cultist","floor":11,"turns":3},{"damage":32,"enemies":"Hexaghost","floor":16,"turns":6},{"damage":30,"enemies":"Spheric Guardian","floor":18,"turns":5},{"damage":22,"enemies":"2 Thieves","floor":20,"turns":4},{"damage":14,"enemies":"Gremlin Leader","floor":23,"turns":5}],"seed_played":"-3647310341038196588","potions_obtained":[{"floor":2,"key":"Energy Potion"},{"floor":16,"key":"GamblersBrew"},{"floor":18,"key":"Strength Potion"},{"floor":20,"key":"Ancient Potion"}],"is_trial":false,"path_per_floor":["M","M","$","?","?","R","E","$","T","R","M","R","?","?","R","B",null,"M","T","M","?","?","E"],"character_chosen":"IRONCLAD","items_purchased":["Inflame","Shrug It Off","Flex"],"campfire_rested":2,"item_purchase_floors":[3,3,8],"current_hp_per_floor":[59,65,65,45,29,53,31,31,31,31,37,61,50,50,50,24,80,56,56,40,40,40,26],"gold":363,"neow_bonus":"REMOVE_TWO","is_prod":false,"is_daily":false,"chose_seed":false,"campfire_upgraded":2,"win_rate":0,"timestamp":1550707082,"path_taken":["M","M","$","?","?","R","E","?","T","R","M","R","?","?","R","BOSS","M","?","M","?","?","E"],"build_version":"2019-01-23","purchased_purges":0,"victory":false,"max_hp_per_floor":[80,80,80,80,80,80,80,80,80,80,80,80,80,80,80,80,80,80,80,80,40,40,40],"card_choices":[{"not_picked":["Anger","Second Wind"],"picked":"Shockwave","floor":1},{"not_picked":["Corruption","Blood for Blood"],"picked":"Warcry","floor":2},{"not_picked":["Havoc","Body Slam"],"picked":"Heavy Blade","floor":7},{"not_picked":["Body Slam","Warcry"],"picked":"Cleave","floor":11},{"not_picked":["Cleave","Sword Boomerang"],"picked":"Inflame","floor":12},{"not_picked":["Berserk","Impervious"],"picked":"Demon Form","floor":16},{"not_picked":["Body Slam","Havoc+1"],"picked":"Headbutt+1","floor":18},{"not_picked":["Wild Strike","Iron Wave"],"picked":"Dual Wield","floor":20}],"player_experience":467323,"relics_obtained":[{"floor":7,"key":"Centennial Puzzle"},{"floor":9,"key":"Dream Catcher"},{"floor":19,"key":"Kunai"}],"event_choices":[{"damage_healed":0,"gold_gain":0,"player_choice":"Take Damage","damage_taken":20,"relics_obtained":["Golden Idol"],"max_hp_gain":0,"max_hp_loss":0,"event_name":"Golden Idol","floor":4,"gold_loss":0},{"damage_healed":0,"gold_gain":0,"player_choice":"Entered Light","damage_taken":16,"max_hp_gain":0,"max_hp_loss":0,"event_name":"Shining Light","floor":5,"gold_loss":0,"cards_upgraded":["Strike_R","Defend_R"]},{"damage_healed":0,"gold_gain":75,"player_choice":"Gather Gold","damage_taken":11,"max_hp_gain":0,"max_hp_loss":0,"event_name":"World of Goop","floor":13,"gold_loss":0},{"damage_healed":0,"gold_gain":0,"player_choice":"Upgraded","damage_taken":0,"max_hp_gain":0,"max_hp_loss":0,"event_name":"Upgrade Shrine","floor":14,"gold_loss":0,"cards_upgraded":["Heavy Blade"]},{"damage_healed":0,"gold_gain":0,"player_choice":"Became a Ghost","damage_taken":0,"max_hp_gain":0,"max_hp_loss":40,"event_name":"Ghosts","floor":21,"gold_loss":0,"cards_obtained":["Ghostly","Ghostly","Ghostly","Ghostly","Ghostly"]},{"damage_healed":0,"gold_gain":0,"player_choice":"Opened","damage_taken":0,"relics_obtained":["Lantern"],"max_hp_gain":0,"max_hp_loss":0,"event_name":"The Mausoleum","floor":22,"gold_loss":0,"cards_obtained":["Writhe"]}],"is_beta":false,"boss_relics":[{"not_picked":["Ectoplasm","Philosopher\u0027s Stone"],"picked":"Runic Cube"}],"items_purged_floors":[],"is_endless":false,"potions_floor_spawned":[2,16,18,20],"killed_by":"Gremlin Leader","ascension_level":4}