{"gold_per_floor":[10,10,27,27,45,45,61,61,61,75,75,101,116,77,77,173,173,188,201,201],"floor_reached":20,"playtime":1328,"items_purged":[],"score":211,"play_id":"667d516f-b878-48f1-a222-3ec788c04054","local_time":"20190331175302","is_ascension_mode":true,"campfire_choices":[{"data":"Static Discharge","floor":6,"key":"SMITH"},{"floor":11,"key":"REST"},{"floor":15,"key":"REST"}],"neow_cost":"NO_GOLD","seed_source_timestamp":11323414041500,"circlet_count":0,"master_deck":["Strike_B","Strike_B","Strike_B","Defend_B","Defend_B","Defend_B+1","Defend_B","Zap","Dualcast","Barrage","Cold Snap","Scrape","Thunder Strike+1","Static Discharge+1","Darkness","Gash","Conserve Battery","Beam Cell","Go for the Eyes","Glacier","Multi-Cast","Beam Cell","Creative AI","Steam+1","Scrape","Echo Form","Genetic Algorithm"],"relics":["Cracked Core","Prayer Wheel","Unceasing Top","Nunchaku","Sozu"],"potions_floor_usage":[3,12],"damage_taken":[{"damage":7,"enemies":"Small Slimes","floor":1,"turns":3},{"damage":4,"enemies":"2 Louse","floor":3,"turns":2},{"damage":0,"enemies":"Jaw Worm","floor":5,"turns":4},{"damage":3,"enemies":"3 Louse","floor":7,"turns":3},{"damage":8,"enemies":"Blue Slaver","floor":10,"turns":3},{"damage":27,"enemies":"Gremlin Nob","floor":12,"turns":4},{"damage":6,"enemies":"Looter","floor":13,"turns":3},{"damage":40,"enemies":"Slime Boss","floor":16,"turns":11},{"damage":21,"enemies":"Chosen","floor":18,"turns":5},{"damage":14,"enemies":"3 Byrds","floor":19,"turns":5},{"damage":44,"enemies":"Masked Bandits","floor":20,"turns":3}],"seed_played":"-4142711083836679942","potions_obtained":[{"floor":1,"key":"Weak Potion"},{"floor":10,"key":"Dexterity Potion"}],"is_trial":false,"path_per_floor":["M","?","M","?","M","R","M","?","T","M","R","E","M","?","R","B",null,"M","M","?"],"character_chosen":"DEFECT","items_purchased":[],"campfire_rested":2,"item_purchase_floors":[],"current_hp_per_floor":[68,61,57,42,42,42,39,39,39,31,53,26,20,20,42,2,75,54,40,0],"gold":201,"neow_bonus":"ONE_RARE_RELIC","is_prod":false,"is_daily":false,"chose_seed":false,"campfire_upgraded":1,"win_rate":0,"timestamp":1554047582,"path_taken":["M","?","M","?","M","R","?","?","T","M","R","E","M","?","R","BOSS","M","M","?"],"build_version":"2019-01-23","purchased_purges":0,"victory":false,"max_hp_per_floor":[75,75,75,75,75,75,75,75,75,75,75,75,75,75,75,75,75,75,75,75],"card_choices":[{"not_picked":["Rip and Tear","Ball Lightning"],"picked":"Barrage","floor":1},{"not_picked":["Rebound","Turbo"],"picked":"Cold Snap","floor":1},{"not_picked":["Turbo","Leap"],"picked":"Scrape","floor":3},{"not_picked":["Tempest","BootSequence"],"picked":"Thunder Strike","floor":3},{"not_picked":["Streamline","Steam"],"picked":"Static Discharge","floor":5},{"not_picked":["Ball Lightning","Streamline"],"picked":"Darkness","floor":5},{"not_picked":["Stack","Chaos"],"picked":"Gash","floor":7},{"not_picked":["Hello World","Defragment"],"picked":"Conserve Battery","floor":7},{"not_picked":["Thunder Strike","Cold Snap"],"picked":"Beam Cell","floor":10},{"not_picked":["Compile Driver","Darkness"],"picked":"Go for the Eyes","floor":10},{"not_picked":["Sweeping Beam","Steam"],"picked":"Glacier","floor":12},{"not_picked":["Loop","Rebound"],"picked":"Multi-Cast","floor":13},{"not_picked":["Ball Lightning","Rebound"],"picked":"Beam Cell","floor":13},{"not_picked":["Meteor Strike","Multi-Cast"],"picked":"Creative AI","floor":16},{"not_picked":["Leap","Steam Power+1"],"picked":"Steam+1","floor":18},{"not_picked":["Ball Lightning","BootSequence+1"],"picked":"Scrape","floor":18},{"not_picked":["Sweeping Beam","Rip and Tear"],"picked":"Echo Form","floor":19},{"not_picked":["Rebound","Sweeping Beam+1"],"picked":"Genetic Algorithm","floor":19}],"player_experience":475902,"relics_obtained":[{"floor":9,"key":"Unceasing Top"},{"floor":12,"key":"Nunchaku"}],"event_choices":[{"cards_removed":["Strike_B"],"damage_healed":0,"gold_gain":0,"player_choice":"Card Removal","damage_taken":7,"max_hp_gain":0,"max_hp_loss":0,"event_name":"Golden Wing","floor":2,"gold_loss":0},{"damage_healed":0,"gold_gain":0,"player_choice":"Entered Light","damage_taken":15,"max_hp_gain":0,"max_hp_loss":0,"event_name":"Shining Light","floor":4,"gold_loss":0,"cards_upgraded":["Thunder Strike","Defend_B"]},{"damage_healed":0,"gold_gain":0,"player_choice":"Ignored","damage_taken":0,"max_hp_gain":0,"max_hp_loss":0,"event_name":"Liars Game","floor":8,"gold_loss":0},{"damage_healed":0,"gold_gain":0,"player_choice":"Left Gold","damage_taken":0,"max_hp_gain":0,"max_hp_loss":0,"event_name":"World of Goop","floor":14,"gold_loss":39},{"damage_healed":0,"gold_gain":0,"player_choice":"Fought Bandits","damage_taken":0,"max_hp_gain":0,"max_hp_loss":0,"event_name":"Masked Bandits","floor":20,"gold_loss":0}],"is_beta":false,"boss_relics":[{"not_picked":["Velvet Choker","White Beast Statue"],"picked":"Sozu"}],"items_purged_floors":[],"is_endless":false,"potions_floor_spawned":[1,10,18],"killed_by":"Masked Bandits","ascension_level":4}