{"gold_per_floor":[113,113,126,139,14,39,39,13,13,13,28,28,28,28,28,131,131,150,150,150,161,171,171,171,86,86,86,105,105,115,135,135,135],"floor_reached":33,"playtime":1989,"items_purged":[],"score":282,"play_id":"8bb3eba7-f0aa-4492-bd7e-7a249cb7cc3b","local_time":"20181106185317","is_ascension_mode":true,"campfire_choices":[{"data":"Perfected Strike","floor":7.0,"key":"SMITH"},{"data":"Twin Strike","floor":10.0,"key":"SMITH"},{"floor":13.0,"key":"REST"},{"data":"Thunderclap","floor":15.0,"key":"SMITH"},{"data":"Wild Strike","floor":23.0,"key":"SMITH"},{"floor":27.0,"key":"REST"},{"data":"Wild Strike","floor":32.0,"key":"SMITH"}],"neow_cost":"PERCENT_DAMAGE","seed_source_timestamp":0,"circlet_count":0,"master_deck":["Strike_R","Strike_R","Strike_R","Strike_R","Strike_R","Defend_R","Defend_R","Defend_R","Defend_R","Bash","Perfected Strike+1","Twin Strike+1","Thunderclap+1","Ghostly Armor","Trip","Wild Strike+1","Cleave","Wild Strike+1","Barricade+1","Clash+1","Headbutt","Twin Strike+1","Bloodletting+1","Evolve+1","Havoc+1","Pommel Strike+1"],"special_seed":0,"relics":["Burning Blood","Gambling Chip","Torii","Frozen Egg 2","White Beast Statue","Enchiridion","MutagenicStrength","Potion Belt","The Courier"],"potions_floor_usage":[33,33],"damage_taken":[{"damage":5.0,"enemies":"2 Louse","floor":1.0,"turns":4.0},{"damage":1.0,"enemies":"Cultist","floor":3.0,"turns":3.0},{"damage":0.0,"enemies":"Small Slimes","floor":4.0,"turns":2.0},{"damage":30.0,"enemies":"Lagavulin","floor":6.0,"turns":6.0},{"damage":13.0,"enemies":"Blue Slaver","floor":11.0,"turns":2.0},{"damage":15.0,"enemies":"Slime Boss","floor":16.0,"turns":5.0},{"damage":7.0,"enemies":"Chosen","floor":18.0,"turns":3.0},{"damage":3.0,"enemies":"Shell Parasite","floor":21.0,"turns":4.0},{"damage":40.0,"enemies":"Snake Plant","floor":22.0,"turns":4.0},{"damage":15.0,"enemies":"Cultist and Chosen","floor":28.0,"turns":4.0},{"damage":0.0,"enemies":"Centurion and Healer","floor":30.0,"turns":3.0},{"damage":11.0,"enemies":"3 Cultists","floor":31.0,"turns":4.0},{"damage":70,"enemies":"Champ","floor":33,"turns":7}],"seed_played":"548948624643459313","potions_obtained":[{"floor":4.0,"key":"Strength Potion"},{"floor":6.0,"key":"SkillPotion"},{"floor":11.0,"key":"GamblersBrew"},{"floor":16.0,"key":"BloodPotion"},{"floor":21.0,"key":"LiquidBronze"},{"floor":22.0,"key":"EssenceOfSteel"},{"floor":28.0,"key":"LiquidBronze"},{"floor":30.0,"key":"Fruit Juice"},{"floor":31.0,"key":"Poison Potion"}],"is_trial":false,"path_per_floor":["M","?","M","M","$","E","R","$","T","R","M","$","R","?","R","B",null,"M","?","?","M","M","R","?","?","T","R","M","?","M","M","R","B"],"character_chosen":"IRONCLAD","items_purchased":["Ghostly Armor","Trip","Cleave"],"campfire_rested":2,"item_purchase_floors":[5,5,8],"current_hp_per_floor":[57,57,62,68,68,44,44,44,44,44,37,37,61,66,66,57,85,84,68,68,79,45,45,45,45,45,70,61,61,67,67,67,0],"gold":135,"neow_bonus":"ONE_RARE_RELIC","is_prod":false,"is_daily":false,"chose_seed":false,"campfire_upgraded":5,"win_rate":0,"timestamp":1541526797,"path_taken":["M","?","M","M","$","E","R","?","T","R","M","$","R","?","R","BOSS","M","?","?","M","M","R","?","?","T","R","M","?","?","M","R","BOSS"],"build_version":"2018-11-01","purchased_purges":0,"victory":false,"max_hp_per_floor":[80,80,80,80,80,80,80,80,80,80,80,80,80,85,85,85,85,85,85,85,85,85,85,85,85,85,85,85,85,85,90,90,90],"card_choices":[{"not_picked":["Carnage","Sever Soul"],"picked":"Perfected Strike","floor":1.0},{"not_picked":["Entrench","Sword Boomerang"],"picked":"Twin Strike","floor":3.0},{"not_picked":["Iron Wave","True Grit"],"picked":"Thunderclap","floor":4.0},{"not_picked":["Body Slam","Immolate"],"picked":"Wild Strike","floor":6.0},{"not_picked":["Second Wind","Carnage"],"picked":"Wild Strike","floor":11.0},{"not_picked":["Brutality+1","Dark Embrace+1"],"picked":"Barricade+1","floor":16.0},{"not_picked":["Rupture+1","Shockwave"],"picked":"Clash+1","floor":18.0},{"not_picked":["Anger","Cleave"],"picked":"Headbutt","floor":21.0},{"not_picked":["Anger","Pommel Strike"],"picked":"Twin Strike+1","floor":22.0},{"not_picked":["Armaments","Havoc"],"picked":"Bloodletting+1","floor":28.0},{"not_picked":["Ghostly Armor+1","Clash"],"picked":"Havoc+1","floor":30.0},{"not_picked":["Heavy Blade","Clash"],"picked":"Pommel Strike+1","floor":31.0}],"player_experience":371983,"relics_obtained":[{"floor":6.0,"key":"Torii"},{"floor":9.0,"key":"Frozen Egg 2"},{"floor":19.0,"key":"Enchiridion"},{"floor":26.0,"key":"The Courier"}],"event_choices":[{"damage_healed":0.0,"max_hp_gain":0.0,"max_hp_loss":0.0,"gold_gain":0.0,"event_name":"The Woman in Blue","player_choice":"Bought 0 Potions","floor":2.0,"gold_loss":0.0,"damage_taken":0.0},{"damage_healed":0.0,"max_hp_gain":5.0,"max_hp_loss":0.0,"gold_gain":0.0,"event_name":"Big Fish","player_choice":"Donut","floor":14.0,"gold_loss":0.0,"damage_taken":0.0},{"damage_healed":0.0,"max_hp_gain":0.0,"max_hp_loss":0.0,"gold_gain":0.0,"event_name":"Cursed Tome","player_choice":"Obtained Book","floor":19.0,"gold_loss":0.0,"damage_taken":16.0},{"damage_healed":0.0,"max_hp_gain":0.0,"max_hp_loss":0.0,"gold_gain":0.0,"event_name":"Drug Dealer","player_choice":"Inject Mutagens","floor":20.0,"gold_loss":0.0,"damage_taken":0.0,"relics_obtained":["MutagenicStrength"]},{"damage_healed":0.0,"max_hp_gain":0.0,"max_hp_loss":0.0,"gold_gain":0.0,"event_name":"The Mausoleum","player_choice":"Ignored","floor":24.0,"gold_loss":0.0,"damage_taken":0.0},{"damage_healed":0.0,"max_hp_gain":0.0,"max_hp_loss":0.0,"gold_gain":0.0,"event_name":"Addict","player_choice":"Obtained Relic","floor":25.0,"gold_loss":85.0,"damage_taken":0.0,"relics_obtained":["Potion Belt"]},{"damage_healed":0.0,"max_hp_gain":0.0,"max_hp_loss":0.0,"gold_gain":0.0,"event_name":"The Library","player_choice":"Read","floor":29.0,"gold_loss":0.0,"damage_taken":0.0,"cards_obtained":["Evolve"]}],"is_beta":false,"boss_relics":[{"not_picked":["Runic Dome","Ectoplasm"],"picked":"White Beast Statue"}],"items_purged_floors":[],"is_endless":false,"potions_floor_spawned":[4,6,11,16,18,21,22,28,30,31],"killed_by":"Champ","ascension_level":3}