{"gold_per_floor":[112,128,128,128,53,53,82,82,107,126,126,126,157,57,57,158,158,178,194,213,41,141,141,155,155],"floor_reached":25,"playtime":1607,"items_purged":["Strike_G","Strike_G","Strike_G"],"score":219,"play_id":"4605e7ad-1b08-4134-ba57-865fbfa8fbe9","local_time":"20180726013948","is_ascension_mode":true,"campfire_choices":[{"data":"Deadly Poison","floor":6,"key":"SMITH"},{"data":"Phantasmal Killer","floor":8,"key":"SMITH"},{"data":"Blur","floor":12,"key":"SMITH"},{"data":"Poisoned Stab","floor":15,"key":"SMITH"},{"data":"Storm of Steel","floor":23,"key":"SMITH"}],"neow_cost":"","seed_source_timestamp":156933207940,"circlet_count":0,"master_deck":["Defend_G+1","Defend_G","Strike_G+1","Strike_G","Survivor","Neutralize","Poisoned Stab+1","Deadly Poison+1","Phantasmal Killer+1","Blur+1","Infinite Blades","Storm of Steel+1","Poisoned Stab+1","Dagger Throw+1","Well Laid Plans+1","Deadly Poison","Poisoned Stab"],"relics":["Ring of the Snake","Mango","Vajra","Regal Pillow","Letter Opener","Empty Cage"],"potions_floor_usage":[7,13,20,25],"damage_taken":[{"damage":0,"enemies":"2 Louse","floor":1,"turns":3},{"damage":0,"enemies":"Jaw Worm","floor":2,"turns":4},{"damage":6,"enemies":"Gremlin Nob","floor":7,"turns":3},{"damage":0,"enemies":"Small Slimes","floor":10,"turns":2},{"damage":10,"enemies":"Lagavulin","floor":13,"turns":4},{"damage":10,"enemies":"Hexaghost","floor":16,"turns":8},{"damage":0,"enemies":"Chosen","floor":18,"turns":4},{"damage":6,"enemies":"Spheric Guardian","floor":19,"turns":4},{"damage":18,"enemies":"Centurion and Healer","floor":20,"turns":6},{"damage":1,"enemies":"Cultist and Chosen","floor":24,"turns":4},{"damage":67,"enemies":"Gremlin Leader","floor":25,"turns":3}],"seed_played":"-8669807152975933066","potions_obtained":[{"floor":1,"key":"SteroidPotion"},{"floor":7,"key":"SteroidPotion"},{"floor":16,"key":"GamblersBrew"},{"floor":18,"key":"Swift Potion"},{"floor":20,"key":"Strength Potion"}],"is_trial":false,"path_per_floor":["M","M","?","?","$","R","E","R","T","M","?","R","E","$","R","B",null,"M","M","M","$","?","R","M"],"character_chosen":"THE_SILENT","items_purchased":["Deadly Poison"],"campfire_rested":0,"item_purchase_floors":[21],"current_hp_per_floor":[70,70,72,65,65,65,59,59,59,59,42,42,32,32,32,22,84,84,78,60,60,60,60,59,0],"gold":155,"neow_bonus":"","is_prod":false,"is_daily":false,"chose_seed":false,"campfire_upgraded":5,"win_rate":0,"timestamp":1532561988,"path_taken":["M","M","?","?","$","R","E","R","T","M","?","R","E","$","R","BOSS","M","M","M","$","?","R","M","E"],"build_version":"2018-07-19v2","purchased_purges":3,"victory":false,"max_hp_per_floor":[70,70,84,84,84,84,84,84,84,84,84,84,84,84,84,84,84,84,84,84,84,84,84,84,84],"card_choices":[{"not_picked":["All Out Attack","Expertise"],"picked":"Poisoned Stab","floor":1},{"not_picked":["Dagger Spray","Slice"],"picked":"Deadly Poison","floor":2},{"not_picked":["Tactician","Venomology"],"picked":"Phantasmal Killer","floor":7},{"not_picked":["Cloak And Dagger","Underhanded Strike"],"picked":"Blur","floor":10},{"not_picked":["Outmaneuver","Cloak And Dagger"],"picked":"Infinite Blades","floor":13},{"not_picked":["Night Terror","Venomology"],"picked":"Storm of Steel","floor":16},{"not_picked":["Footwork+1","Leg Sweep"],"picked":"Poisoned Stab+1","floor":18},{"not_picked":["Flying Knee","Choke+1"],"picked":"Dagger Throw+1","floor":19},{"not_picked":["Quick Slash","Phantasmal Killer"],"picked":"Well Laid Plans+1","floor":20},{"not_picked":["Sucker Punch","Slice"],"picked":"Poisoned Stab","floor":24}],"player_experience":207047,"relics_obtained":[{"floor":7,"key":"Vajra"},{"floor":9,"key":"Regal Pillow"},{"floor":13,"key":"Letter Opener"}],"event_choices":[{"event_name":"Scrap Ooze","player_choice":"success","floor":3,"damage_taken":12},{"event_name":"Golden Wing","player_choice":"Card Removal","floor":4,"damage_taken":0},{"event_name":"Shining Light","player_choice":"Entered Light","floor":11,"damage_taken":0},{"event_name":"Golden Shrine","player_choice":"Pray","floor":22,"damage_taken":0}],"is_beta":false,"boss_relics":[{"not_picked":["Busted Crown","Fusion Hammer"],"picked":"Empty Cage"}],"items_purged_floors":[5,14,21],"is_endless":false,"potions_floor_spawned":[1,7,16,18,20],"killed_by":"Gremlin Leader","ascension_level":1}