{"gold_per_floor":[111,186,6,18,18,47,47,47,47,47,77,77,77,91,91,196,196,215,265,329,343,99,99,129,129,202,236,236,250,215,229,229,326,326,339,39,89,149,199,199,199],"floor_reached":41,"playtime":3240,"items_purged":["Defend_R","Defend_R"],"score":479,"play_id":"365bf741-bbeb-484f-a490-318f82449841","local_time":"20180928002852","is_ascension_mode":true,"campfire_choices":[{"data":"Thunderclap","floor":8,"key":"SMITH"},{"data":"Perfected Strike","floor":10,"key":"SMITH"},{"data":"Cleave","floor":12,"key":"SMITH"},{"floor":15,"key":"REST"},{"floor":23,"key":"REST"},{"floor":25,"key":"REST"},{"data":"Spot Weakness","floor":28,"key":"SMITH"},{"floor":32,"key":"REST"},{"data":"Spot Weakness","floor":40,"key":"SMITH"}],"neow_cost":"NONE","seed_source_timestamp":92783896669103,"circlet_count":0,"master_deck":["Strike_R","Strike_R","Strike_R","Strike_R","Strike_R","Bash","Spot Weakness+1","Spot Weakness+1","Cleave+1","Perfected Strike+1","Thunderclap+1","Fire Breathing","Reaper","Armaments","Heavy Blade+1","Dropkick+1","Heavy Blade+1","Clash+1","Perfected Strike+1","Feed","Infernal Blade","Discovery","Secret Weapon","Madness","Madness","Twin Strike+1"],"relics":["Black Blood","Bottled Lightning","Question Card","Red Skull","SsserpentHead","Bag of Preparation","Boot","Frozen Egg 2","Ancient Tea Set","Matryoshka","Empty Cage"],"potions_floor_usage":[16,24,27,33,38],"damage_taken":[{"damage":0,"enemies":"Small Slimes","floor":1,"turns":3},{"damage":0,"enemies":"2 Louse","floor":4,"turns":2},{"damage":26,"enemies":"3 Sentries","floor":6,"turns":5},{"damage":31,"enemies":"Lagavulin","floor":11,"turns":5},{"damage":0,"enemies":"Cultist","floor":14,"turns":2},{"damage":64,"enemies":"Hexaghost","floor":16,"turns":8},{"damage":54,"enemies":"3 Byrds","floor":18,"turns":4},{"damage":19,"enemies":"Chosen","floor":20,"turns":4},{"damage":13,"enemies":"Snecko","floor":21,"turns":3},{"damage":28,"enemies":"Book of Stabbing","floor":24,"turns":3},{"damage":6,"enemies":"Gremlin Leader","floor":27,"turns":5},{"damage":28,"enemies":"3 Cultists","floor":29,"turns":4},{"damage":18,"enemies":"Chosen and Byrds","floor":31,"turns":4},{"damage":64,"enemies":"Collector","floor":33,"turns":6},{"damage":11,"enemies":"3 Shapes","floor":35,"turns":2},{"damage":64,"enemies":"3 Darklings","floor":38,"turns":6},{"damage":75,"enemies":"Giant Head","floor":41,"turns":6}],"seed_played":"6993118424065664175","potions_obtained":[{"floor":14,"key":"PowerPotion"},{"floor":18,"key":"GamblersBrew"},{"floor":24,"key":"Block Potion"},{"floor":31,"key":"AttackPotion"},{"floor":33,"key":"PowerPotion"}],"is_trial":false,"path_per_floor":["M","?","$","M","?","E","?","R","T","R","E","R","?","M","R","B",null,"M","?","M","M","$","R","E","R","T","E","R","M","?","M","R","B",null,"M","$","?","M","?","R"],"character_chosen":"IRONCLAD","items_purchased":["Spot Weakness","Cleave","Bag of Preparation","Discovery","Secret Weapon"],"campfire_rested":4,"item_purchase_floors":[3,3,22,36,36],"current_hp_per_floor":[80,69,69,75,80,60,60,60,60,60,35,35,35,41,65,7,80,36,21,22,19,19,44,26,51,51,55,55,37,37,43,68,14,85,84,84,73,35,74,74,0],"gold":199,"neow_bonus":"REMOVE_CARD","is_prod":false,"is_daily":false,"chose_seed":false,"campfire_upgraded":5,"win_rate":0,"timestamp":1538087332,"path_taken":["M","?","$","M","?","E","?","R","T","R","E","R","?","M","R","BOSS","M","?","?","M","$","R","E","R","T","E","R","M","?","M","R","BOSS","M","$","?","?","?","R","E"],"build_version":"2018-09-20","purchased_purges":2,"victory":false,"max_hp_per_floor":[80,80,80,80,80,80,80,80,80,80,80,80,80,80,80,80,80,80,85,85,85,85,85,85,85,85,85,85,85,85,85,85,85,85,85,85,85,85,74,74,74],"card_choices":[{"not_picked":["Body Slam","Thunderclap"],"picked":"Spot Weakness","floor":1},{"not_picked":["Anger","Twin Strike"],"picked":"Perfected Strike","floor":4},{"not_picked":["Brutality","Clothesline"],"picked":"Thunderclap","floor":6},{"not_picked":["Flex","Havoc","Uppercut"],"picked":"Corruption","floor":11},{"not_picked":["Heavy Blade","Evolve","Twin Strike"],"picked":"Fire Breathing","floor":14},{"not_picked":["Berserk","Feed","Dark Embrace"],"picked":"Reaper","floor":16},{"not_picked":["Sever Soul","Thunderclap","Pommel Strike"],"picked":"Armaments","floor":18},{"not_picked":["Flame Barrier","True Grit","Power Through+1"],"picked":"Heavy Blade+1","floor":20},{"not_picked":["Body Slam","Warcry+1","Clash"],"picked":"Dropkick+1","floor":21},{"not_picked":["Entrench","Clothesline","Carnage","Corruption+1"],"picked":"SKIP","floor":24},{"not_picked":["Feel No Pain+1","Thunderclap+1","Sentinel+1"],"picked":"Heavy Blade+1","floor":27},{"not_picked":["Perfected Strike","Bloodletting","Intimidate"],"picked":"Clash+1","floor":29},{"not_picked":["Shrug It Off","Bloodletting+1","Twin Strike"],"picked":"Perfected Strike+1","floor":31},{"not_picked":["Juggernaut+1","Exhume","Brutality+1"],"picked":"Feed","floor":33},{"not_picked":["Hemokinesis+1","Sword Boomerang+1","Pommel Strike+1"],"picked":"Infernal Blade","floor":35},{"not_picked":["Body Slam+1","Blood for Blood+1","Second Wind+1"],"picked":"Twin Strike+1","floor":38}],"player_experience":322566,"relics_obtained":[{"floor":6,"key":"Bottled Lightning"},{"floor":9,"key":"Question Card"},{"floor":11,"key":"Red Skull"},{"floor":24,"key":"Boot"},{"floor":26,"key":"Frozen Egg 2"},{"floor":27,"key":"Ancient Tea Set"}],"event_choices":[{"event_name":"World of Goop","player_choice":"Gather Gold","floor":2,"damage_taken":0},{"event_name":"Wheel of Change","player_choice":"Full Heal","floor":5,"damage_taken":0},{"event_name":"Golden Idol","player_choice":"Ignored","floor":7,"damage_taken":0},{"event_name":"FaceTrader","player_choice":"Trade","floor":13,"damage_taken":0},{"event_name":"Forgotten Altar","player_choice":"Shed Blood","floor":19,"damage_taken":0},{"event_name":"Addict","player_choice":"Obtained Relic","floor":30,"damage_taken":0},{"event_name":"Winding Halls","player_choice":"Embrace Madness","floor":37,"damage_taken":0},{"event_name":"The Moai Head","player_choice":"Heal","floor":39,"damage_taken":0}],"is_beta":false,"boss_relics":[{"not_picked":["Astrolabe","Ectoplasm"],"picked":"Black Blood"},{"not_picked":["Sozu","Busted Crown"],"picked":"Empty Cage"}],"items_purged_floors":[3,22],"is_endless":false,"potions_floor_spawned":[14,18,24,31,33],"killed_by":"Giant Head","ascension_level":2}