{"path_per_floor":["M","?","?","M","M","R","M","R","T","M","?","R","E","M","R"],"character_chosen":"IRONCLAD","items_purchased":[],"gold_per_floor":[110,110,110,124,144,144,158,158,239,260,288,288,326,341,341],"floor_reached":16,"campfire_rested":1,"playtime":2586,"current_hp_per_floor":[77,57,45,49,49,80,80,80,80,80,80,80,71,66,66],"items_purged":[],"gold":341,"play_id":"b1086266-0d56-42a9-87d7-a8a2505ffb2f","is_prod":false,"is_daily":false,"is_ascension_mode":false,"campfire_upgraded":3,"path_taken":["M","?","?","M","M","R","M","R","T","?","?","R","E","M","R","BOSS"],"build_version":"2018-01-25-PROD3","purchased_purges":0,"victory":false,"master_deck":["Strike_R","Strike_R","Strike_R","Strike_R","Strike_R","Defend_R","Defend_R","Defend_R","Defend_R","Bash","Flex","Flex+1","Pommel Strike","Flame Barrier","Shrug It Off+1","Seeing Red","Burning Pact","Inflame","Armaments+1"],"max_hp_per_floor":[80,80,80,80,80,80,80,80,80,80,80,80,80,80,80],"relics":["Burning Blood","Golden Idol","Regal Pillow","Mummified Hand","Odd Mushroom","Meat on the Bone"],"card_choices":[{"not_picked":["Sword Boomerang","Perfected Strike"],"picked":"Flex"},{"not_picked":["Evolve","Body Slam"],"picked":"Flex"},{"not_picked":["Anger","Heavy Blade"],"picked":"Pommel Strike"},{"not_picked":["Dropkick","Limit Break"],"picked":"Flame Barrier"},{"not_picked":["Pommel Strike","Sword Boomerang"],"picked":"Shrug It Off"},{"not_picked":["True Grit","Clothesline"],"picked":"Seeing Red"},{"not_picked":["Shrug It Off","Rage"],"picked":"Burning Pact"},{"not_picked":["Twin Strike","Cleave"],"picked":"Inflame"},{"not_picked":["Shrug It Off","Iron Wave"],"picked":"Armaments"}],"player_experience":41224,"potions_floor_usage":[5,11,13],"damage_taken":[{"damage":9,"enemies":"Jaw Worm","floor":1,"turns":4},{"damage":2,"enemies":"2 Louse","floor":4,"turns":3},{"damage":6,"enemies":"Blue Slaver","floor":5,"turns":4},{"damage":6,"enemies":"2 Fungi Beasts","floor":7,"turns":3},{"damage":5,"enemies":"Looter","floor":10,"turns":3},{"damage":4,"enemies":"The Mushroom Lair","floor":11,"turns":5},{"damage":15,"enemies":"Lagavulin","floor":13,"turns":9},{"damage":11,"enemies":"Red Slaver","floor":14,"turns":5},{"damage":68,"enemies":"Slime Boss","floor":16,"turns":10}],"event_choices":[{"event_name":"Golden Idol","player_choice":"Take Damage","floor":2,"damage_taken":0},{"event_name":"Scrap Ooze","player_choice":"success","floor":3,"damage_taken":12},{"event_name":"Mushrooms","player_choice":"Fought Mushrooms","floor":11,"damage_taken":0}],"boss_relics":[],"potions_floor_spawned":[4,5,7],"seed_played":"-2891086096028653119","killed_by":"Slime Boss","ascension_level":0,"is_trial":false}