{"gold_per_floor":[118,118,293,306,32,32,64,83,83,96,96,107,107,127,127,223,223,242,1,1,15,15,15],"floor_reached":23,"playtime":1252,"items_purged":["Doubt"],"score":239,"play_id":"58885493-334e-4ef4-b314-10d7828a826c","local_time":"20190518035733","is_ascension_mode":true,"campfire_choices":[{"data":"Havoc","floor":6,"key":"SMITH"},{"floor":13,"key":"REST"},{"data":"Flame Barrier","floor":15,"key":"SMITH"}],"neow_cost":"PERCENT_DAMAGE","seed_source_timestamp":114302356311400,"circlet_count":0,"master_deck":["Strike_R+1","Strike_R","Strike_R","Strike_R","Strike_R","Defend_R+1","Defend_R","Bash","Havoc+1","Pommel Strike","Shrug It Off","Thunderclap","Rampage","Thunderclap","Flame Barrier+1","Exhume","Shrug It Off","Flame Barrier","Perfected Strike","Demon Form","Bash","Perfected Strike+1"],"relics":["Burning Blood","HandDrill","Paper Frog","Juzu Bracelet","Matryoshka","Runic Pyramid","Membership Card"],"potions_floor_usage":[8,14,23,23],"damage_taken":[{"damage":9,"enemies":"2 Louse","floor":1,"turns":3},{"damage":0,"enemies":"Small Slimes","floor":4,"turns":2},{"damage":32,"enemies":"Lagavulin","floor":7,"turns":4},{"damage":0,"enemies":"Jaw Worm","floor":8,"turns":2},{"damage":12,"enemies":"Gremlin Gang","floor":10,"turns":3},{"damage":9,"enemies":"Red Slaver","floor":12,"turns":3},{"damage":8,"enemies":"Looter","floor":14,"turns":2},{"damage":17,"enemies":"Hexaghost","floor":16,"turns":8},{"damage":0,"enemies":"3 Byrds","floor":18,"turns":1},{"damage":0,"enemies":"Chosen","floor":21,"turns":5},{"damage":85,"enemies":"Gremlin Leader","floor":23,"turns":5}],"seed_played":"1543389484971374735","potions_obtained":[{"floor":4,"key":"Strength Potion"},{"floor":12,"key":"Weak Potion"},{"floor":14,"key":"SteroidPotion"},{"floor":16,"key":"Ancient Potion"},{"floor":21,"key":"FearPotion"}],"is_trial":false,"path_per_floor":["M","?","?","M","$","R","E","M","T","M","T","M","R","M","R","B",null,"M","$","?","M","$","E"],"character_chosen":"IRONCLAD","items_purchased":["HandDrill","Membership Card","Flame Barrier"],"campfire_rested":1,"item_purchase_floors":[5,19,19],"current_hp_per_floor":[53,37,37,43,43,43,17,23,23,17,17,14,38,36,36,25,66,72,72,72,78,78,0],"gold":15,"neow_bonus":"REMOVE_TWO","is_prod":false,"is_daily":false,"chose_seed":false,"campfire_upgraded":2,"win_rate":0,"timestamp":1558144653,"path_taken":["M","?","?","M","$","R","E","M","T","M","?","M","R","M","R","BOSS","M","$","?","M","?","E"],"build_version":"2019-01-23","purchased_purges":1,"victory":false,"max_hp_per_floor":[80,80,80,80,80,80,80,80,80,80,80,80,80,80,80,80,80,80,80,80,80,80,80],"card_choices":[{"not_picked":["Reckless Charge","Fire Breathing"],"picked":"Havoc","floor":1},{"not_picked":["Headbutt","Body Slam"],"picked":"Pommel Strike","floor":4},{"not_picked":["Disarm","Intimidate"],"picked":"Shrug It Off","floor":7},{"not_picked":["Carnage","Clash"],"picked":"Thunderclap","floor":8},{"not_picked":["Hemokinesis","Dual Wield"],"picked":"Rampage","floor":10},{"not_picked":["Second Wind","Heavy Blade"],"picked":"Thunderclap","floor":12},{"not_picked":["Corruption","Perfected Strike"],"picked":"Flame Barrier","floor":14},{"not_picked":["Impervious","Bludgeon"],"picked":"Exhume","floor":16},{"not_picked":["Sword Boomerang","Cleave"],"picked":"Shrug It Off","floor":18},{"not_picked":["Clothesline+1","Combust+1"],"picked":"Perfected Strike+1","floor":21}],"player_experience":541297,"relics_obtained":[{"floor":7,"key":"Paper Frog"},{"floor":9,"key":"Juzu Bracelet"},{"floor":11,"key":"Matryoshka"}],"event_choices":[{"damage_healed":0,"gold_gain":0,"player_choice":"Entered Light","damage_taken":16,"max_hp_gain":0,"max_hp_loss":0,"event_name":"Shining Light","floor":2,"gold_loss":0,"cards_upgraded":["Strike_R","Defend_R"]},{"damage_healed":0,"gold_gain":175,"player_choice":"AGREE","damage_taken":0,"max_hp_gain":0,"max_hp_loss":0,"event_name":"Liars Game","floor":3,"gold_loss":0,"cards_obtained":["Doubt"]},{"damage_healed":0,"gold_gain":0,"player_choice":"3 cards matched","damage_taken":0,"max_hp_gain":0,"max_hp_loss":0,"event_name":"Match and Keep!","floor":20,"gold_loss":0,"cards_obtained":["Perfected Strike","Demon Form","Bash"]}],"is_beta":false,"boss_relics":[{"not_picked":["Velvet Choker","Calling Bell"],"picked":"Runic Pyramid"}],"items_purged_floors":[5],"is_endless":false,"potions_floor_spawned":[4,12,14,16,21],"killed_by":"Gremlin Leader","ascension_level":5}