{"gold_per_floor":[110,121,131,131,154,193,205,217],"floor_reached":8,"playtime":666,"items_purged":[],"score":67,"play_id":"281ea7a3-1f3b-46e6-83a5-c47e0abe7e71","local_time":"20181019193524","is_ascension_mode":true,"campfire_choices":[{"floor":7,"key":"REST"}],"neow_cost":"NONE","seed_source_timestamp":3199585785186,"circlet_count":0,"master_deck":["Defend_G","Defend_G","Defend_G","Defend_G","Defend_G","Strike_G","Strike_G","Strike_G","Strike_G","Strike_G","Survivor","Neutralize","Forethought","Heel Hook","Prepared","Flying Knee","Leg Sweep","Acrobatics"],"relics":["Ring of the Snake","MawBank","FossilizedHelix"],"potions_floor_usage":[],"damage_taken":[{"damage":7,"enemies":"2 Louse","floor":1,"turns":3},{"damage":0,"enemies":"Cultist","floor":2,"turns":4},{"damage":7,"enemies":"Small Slimes","floor":3,"turns":5},{"damage":11,"enemies":"3 Louse","floor":5,"turns":4},{"damage":41,"enemies":"Gremlin Nob","floor":6,"turns":6},{"damage":10,"enemies":"Exordium Thugs","floor":8,"turns":9}],"seed_played":"1476342268521852159","potions_obtained":[{"floor":2,"key":"Dexterity Potion"},{"floor":5,"key":"Ancient Potion"},{"floor":6,"key":"Swift Potion"}],"is_trial":false,"path_per_floor":["M","M","M","?","M","E","R"],"character_chosen":"THE_SILENT","items_purchased":[],"campfire_rested":1,"item_purchase_floors":[],"current_hp_per_floor":[63,63,56,56,45,4,25,15],"gold":217,"neow_bonus":"RANDOM_COLORLESS","is_prod":false,"is_daily":false,"chose_seed":false,"campfire_upgraded":0,"win_rate":0,"timestamp":1539970524,"path_taken":["M","M","M","?","M","E","R","M"],"build_version":"2018-10-18","purchased_purges":0,"victory":false,"max_hp_per_floor":[70,70,70,70,70,70,70,70],"card_choices":[{"not_picked":["Sucker Punch","Deflect"],"picked":"Heel Hook","floor":1},{"not_picked":["Calculated Gamble","Blade Dance"],"picked":"Prepared","floor":2},{"not_picked":["PiercingWail","Outmaneuver"],"picked":"Flying Knee","floor":3},{"not_picked":["Catalyst","Dodge and Roll"],"picked":"Leg Sweep","floor":5},{"not_picked":["Deflect","Bane"],"picked":"Acrobatics","floor":6}],"player_experience":362662,"relics_obtained":[{"floor":6,"key":"FossilizedHelix"}],"event_choices":[{"damage_healed":0,"gold_gain":0,"player_choice":"Gave Potion","damage_taken":0,"relics_obtained":["MawBank"],"max_hp_gain":0,"max_hp_loss":0,"event_name":"WeMeetAgain","floor":4,"gold_loss":0}],"is_beta":false,"boss_relics":[],"items_purged_floors":[],"is_endless":false,"potions_floor_spawned":[2,5,6],"killed_by":"Exordium Thugs","ascension_level":3}