{"path_per_floor":["M","M","$","?","M","R","M","R","T","M","?","?","M","?","R","B",null,"M","M"],"character_chosen":"THE_SILENT","items_purchased":["Malaise"],"gold_per_floor":[110,123,14,14,27,27,40,40,40,56,56,56,70,70,70,169,199,209,223],"floor_reached":20,"campfire_rested":0,"playtime":2963,"current_hp_per_floor":[62,62,62,50,50,50,50,50,50,49,63,63,58,58,58,48,68,59,19],"items_purged":["Strike_G"],"gold":223,"play_id":"66ffa72b-1df6-454c-b50b-b6272b4c355a","is_prod":false,"is_daily":false,"is_ascension_mode":false,"campfire_upgraded":3,"path_taken":["M","M","$","?","M","R","M","R","T","M","?","?","M","?","R","BOSS","M","M","?"],"build_version":"2018-02-01-PROD3","purchased_purges":1,"victory":false,"master_deck":["Defend_G","Defend_G","Defend_G","Defend_G","Strike_G","Strike_G","Survivor","Neutralize","Unload","Wraith Form+1","Infinite Blades","Flechettes","Malaise+1","Malaise+1","Flying Knee","Footwork","Caltrops","A Thousand Cuts","Dodge and Roll","Blur","Acrobatics+1"],"max_hp_per_floor":[63,63,63,63,63,63,63,63,63,63,63,63,63,63,63,63,68,68,68],"relics":["Ring of the Snake","Gremlin Horn","Ice Cream","Tiny House"],"card_choices":[{"not_picked":["Finisher","Acrobatics"],"picked":"Infinite Blades"},{"not_picked":["Acrobatics","Poisoned Stab"],"picked":"Flechettes"},{"not_picked":["Dagger Throw","Infinite Blades"],"picked":"Malaise"},{"not_picked":["Dodge and Roll","Slice"],"picked":"Flying Knee"},{"not_picked":["Skewer","Dagger Spray"],"picked":"Footwork"},{"not_picked":["Escape Plan","Dodge and Roll"],"picked":"Caltrops"},{"not_picked":["Bullet Time","Doppelganger"],"picked":"A Thousand Cuts"},{"not_picked":["Prepared","Predator"],"picked":"Dodge and Roll"},{"not_picked":["Deadly Poison","Malaise"],"picked":"Blur"},{"not_picked":["Deadly Poison","PiercingWail"],"picked":"Acrobatics"}],"player_experience":65566,"potions_floor_usage":[16,18,18,20,20],"damage_taken":[{"damage":1,"enemies":"2 Louse","floor":1,"turns":3},{"damage":0,"enemies":"Small Slimes","floor":2,"turns":3},{"damage":0,"enemies":"Blue Slaver","floor":5,"turns":5},{"damage":0,"enemies":"Looter","floor":7,"turns":3},{"damage":1,"enemies":"3 Louse","floor":10,"turns":4},{"damage":5,"enemies":"Exordium Thugs","floor":13,"turns":6},{"damage":10,"enemies":"The Guardian","floor":16,"turns":11},{"damage":9,"enemies":"Spheric Guardian","floor":18,"turns":6},{"damage":40,"enemies":"Chosen","floor":19,"turns":9},{"damage":25,"enemies":"Centurion and Healer","floor":20,"turns":10}],"event_choices":[{"event_name":"Scrap Ooze","player_choice":"success","floor":4,"damage_taken":12},{"event_name":"Big Fish","player_choice":"Banana","floor":11,"damage_taken":0},{"event_name":"Bonfire Elementals","player_choice":"BASIC","floor":12,"damage_taken":0},{"event_name":"The Lab","player_choice":"Got Potions","floor":14,"damage_taken":0}],"boss_relics":[{"not_picked":["Runic Pyramid","Ectoplasm"],"picked":"Tiny House"}],"potions_floor_spawned":[1,7,13,19],"seed_played":"2190916324902525924","killed_by":"Centurion and Healer","ascension_level":0,"is_trial":false}