{"gold_per_floor":[118,68,86,102,102,102,28,28,54,81,81,112,37,37,37,139,139,152,152,169,169,25,25,25,40,40,40],"floor_reached":27,"playtime":1674,"items_purged":[],"score":239,"play_id":"69ccd9a3-b7b8-49d7-9659-7a08e7e84435","local_time":"20180906214822","is_ascension_mode":true,"campfire_choices":[{"data":"Accuracy","floor":6,"key":"SMITH"},{"data":"Blade Dance","floor":8,"key":"SMITH"},{"floor":11,"key":"REST"},{"floor":15,"key":"REST"},{"floor":23,"key":"REST"}],"neow_cost":"NONE","seed_source_timestamp":9498483808909,"circlet_count":0,"master_deck":["Survivor","Neutralize","Deadly Poison","Distraction","Blade Dance+1","Accuracy+1","Noxious Fumes","Quick Slash","Cloak And Dagger","Dodge and Roll","Infinite Blades","Finisher","A Thousand Cuts","Crippling Poison","Poisoned Stab","Cloak And Dagger","Blur","Concentrate","Predator","Prepared","Prepared","Deadly Poison","Outmaneuver+1","RitualDagger","Accuracy+1","J.A.X.","Bullet Time","Dagger Throw+1"],"relics":["Ring of the Snake","Dream Catcher","Torii","Art of War","Pandora\u0027s Box","Lantern","Bird Faced Urn"],"potions_floor_usage":[10,12],"damage_taken":[{"damage":8,"enemies":"Small Slimes","floor":1,"turns":4},{"damage":0,"enemies":"Jaw Worm","floor":3,"turns":5},{"damage":2,"enemies":"2 Louse","floor":4,"turns":3},{"damage":28,"enemies":"Gremlin Nob","floor":10,"turns":5},{"damage":38,"enemies":"3 Sentries","floor":12,"turns":8},{"damage":14,"enemies":"Hexaghost","floor":16,"turns":8},{"damage":30,"enemies":"Chosen","floor":18,"turns":5},{"damage":27,"enemies":"Spheric Guardian","floor":20,"turns":4},{"damage":21,"enemies":"Centurion and Healer","floor":25,"turns":5},{"damage":19,"enemies":"Sentry and Sphere","floor":27,"turns":3}],"seed_played":"7614368377056501897","potions_obtained":[{"floor":1,"key":"FearPotion"},{"floor":4,"key":"Ancient Potion"}],"is_trial":false,"path_per_floor":["M","?","M","M","?","R","$","R","T","E","R","E","$","?","R","B",null,"M","?","M","?","$","R","$","M","T"],"character_chosen":"THE_SILENT","items_purchased":["Noxious Fumes","Infinite Blades","Lantern"],"campfire_rested":3,"item_purchase_floors":[7,13,22],"current_hp_per_floor":[62,62,62,60,65,65,65,65,65,37,59,21,21,21,43,29,75,45,39,12,12,12,34,34,13,13,0],"gold":40,"neow_bonus":"THREE_CARDS","is_prod":false,"is_daily":false,"chose_seed":false,"campfire_upgraded":2,"win_rate":0,"timestamp":1536263302,"path_taken":["M","?","M","M","?","R","$","R","T","E","R","E","$","?","R","BOSS","M","?","M","?","$","R","$","?","T","M"],"build_version":"2018-08-30","purchased_purges":0,"victory":false,"max_hp_per_floor":[70,70,70,70,75,75,75,75,75,75,75,75,75,75,75,75,75,75,75,75,75,75,75,75,75,75,75],"card_choices":[{"not_picked":["Bane","Flying Knee"],"picked":"Deadly Poison","floor":0},{"not_picked":["Leg Sweep","Well Laid Plans"],"picked":"Distraction","floor":1},{"not_picked":["Terror","Cloak And Dagger"],"picked":"Blade Dance","floor":3},{"not_picked":["Deadly Poison","Slice"],"picked":"Accuracy","floor":4},{"not_picked":["Outmaneuver","Flying Knee"],"picked":"Quick Slash","floor":10},{"not_picked":["Terror","Backflip"],"picked":"Cloak And Dagger","floor":11},{"not_picked":["Grand Finale","Reflex"],"picked":"Dodge and Roll","floor":12},{"not_picked":["Reflex","Dagger Spray"],"picked":"Finisher","floor":15},{"not_picked":["Die Die Die","Glass Knife"],"picked":"A Thousand Cuts","floor":16},{"not_picked":["Dagger Throw+1","Calculated Gamble"],"picked":"Outmaneuver+1","floor":18},{"not_picked":["Poisoned Stab","Deadly Poison+1"],"picked":"Accuracy+1","floor":20},{"not_picked":["Outmaneuver","Underhanded Strike"],"picked":"Bullet Time","floor":23},{"not_picked":["Endless Agony+1","Dodge and Roll"],"picked":"Dagger Throw+1","floor":25}],"player_experience":290339,"relics_obtained":[{"floor":9,"key":"Dream Catcher"},{"floor":10,"key":"Torii"},{"floor":12,"key":"Art of War"},{"floor":26,"key":"Bird Faced Urn"}],"event_choices":[{"event_name":"The Cleric","player_choice":"Card Removal","floor":2,"damage_taken":0},{"event_name":"Big Fish","player_choice":"Donut","floor":5,"damage_taken":0},{"event_name":"Golden Idol","player_choice":"Ignored","floor":14,"damage_taken":0},{"event_name":"Nest","player_choice":"Joined the Cult","floor":19,"damage_taken":0},{"event_name":"Drug Dealer","player_choice":"Got JAX","floor":21,"damage_taken":0}],"is_beta":false,"boss_relics":[{"not_picked":["Black Star","Eternal Feather"],"picked":"Pandora\u0027s Box"}],"items_purged_floors":[],"is_endless":false,"potions_floor_spawned":[1,4],"killed_by":"Sentry and Sphere","ascension_level":2}