{"gold_per_floor":[217,233,76,86,96,96,96,25,25,25,40,63,83,101,101,202,202,212,212,137,150,15,15],"floor_reached":23,"playtime":1305,"items_purged":["Strike_G","Strike_G+1"],"score":256,"play_id":"c0b717a2-db0d-4686-9f34-e95225edc726","local_time":"20190903013908","is_ascension_mode":true,"campfire_choices":[{"data":"Accuracy","floor":6,"key":"SMITH"},{"data":"Blade Dance","floor":10,"key":"SMITH"},{"data":"Phantasmal Killer","floor":15,"key":"SMITH"}],"neow_cost":"NONE","seed_source_timestamp":19970411360300,"circlet_count":0,"master_deck":["Strike_G+1","Strike_G+1","Defend_G+1","Defend_G+1","Defend_G+1","Defend_G+1","Defend_G+1","Survivor","Neutralize","Accuracy+1","Infinite Blades","Blade Dance+1","Expertise","Infinite Blades","Backstab","Phantasmal Killer+1","Envenom","Infinite Blades","Blade Dance","Backflip","Dodge and Roll","Blur","Crippling Poison","Accuracy"],"relics":["Ring of the Snake","Bottled Tornado","Pen Nib","Orrery"],"potions_floor_usage":[5,14,16,23],"damage_taken":[{"damage":1,"enemies":"Cultist","floor":1,"turns":4},{"damage":0,"enemies":"2 Louse","floor":2,"turns":3},{"damage":17,"enemies":"Jaw Worm","floor":4,"turns":8},{"damage":22,"enemies":"Exordium Wildlife","floor":5,"turns":6},{"damage":4,"enemies":"2 Fungi Beasts","floor":11,"turns":3},{"damage":4,"enemies":"Exordium Thugs","floor":13,"turns":4},{"damage":4,"enemies":"Exordium Wildlife","floor":14,"turns":3},{"damage":20,"enemies":"The Guardian","floor":16,"turns":8},{"damage":8,"enemies":"Chosen","floor":18,"turns":4},{"damage":18,"enemies":"3 Byrds","floor":21,"turns":4},{"damage":32,"enemies":"Book of Stabbing","floor":23,"turns":4}],"seed_played":"-8062028491915014862","potions_obtained":[{"floor":4,"key":"Strength Potion"},{"floor":5,"key":"FearPotion"},{"floor":14,"key":"Regen Potion"},{"floor":21,"key":"SteroidPotion"}],"is_trial":false,"path_per_floor":["M","M","$","M","M","R","?","$","T","R","M","T","M","M","R","B",null,"M","?","?","M","$","E"],"character_chosen":"THE_SILENT","items_purchased":["Accuracy","Expertise","Accuracy"],"campfire_rested":0,"item_purchase_floors":[3,8,22],"current_hp_per_floor":[62,62,62,45,23,23,46,46,46,46,42,42,38,34,34,19,57,49,49,49,31,31,0],"gold":15,"neow_bonus":"HUNDRED_GOLD","is_prod":false,"is_daily":false,"chose_seed":false,"campfire_upgraded":3,"win_rate":0,"timestamp":1567467548,"path_taken":["M","M","$","?","M","R","?","?","T","R","M","?","M","M","R","BOSS","M","?","?","M","$","E"],"build_version":"2019-07-17","purchased_purges":2,"victory":false,"max_hp_per_floor":[70,70,70,70,70,70,70,70,70,70,70,70,70,70,70,70,70,70,70,70,70,70,70],"card_choices":[{"not_picked":["Bane","Skewer","Poisoned Stab"],"picked":"SKIP","floor":1},{"not_picked":["Riddle With Holes","Skewer","Deadly Poison"],"picked":"SKIP","floor":2},{"not_picked":["Skewer","Quick Slash"],"picked":"Infinite Blades","floor":4},{"not_picked":["Well Laid Plans","Calculated Gamble"],"picked":"Blade Dance","floor":5},{"not_picked":["Distraction","Deflect"],"picked":"Infinite Blades","floor":11},{"not_picked":["Dagger Throw","Slice"],"picked":"Backstab","floor":13},{"not_picked":["Expertise","Calculated Gamble"],"picked":"Phantasmal Killer","floor":14},{"not_picked":["Die Die Die","Tools of the Trade"],"picked":"Envenom","floor":16},{"not_picked":["Dagger Throw","Acrobatics"],"picked":"Infinite Blades","floor":17},{"not_picked":["All Out Attack","Dash"],"picked":"Blade Dance","floor":17},{"not_picked":["Well Laid Plans","All Out Attack"],"picked":"Backflip","floor":17},{"not_picked":["Reflex","Quick Slash"],"picked":"Dodge and Roll","floor":17},{"not_picked":["Poisoned Stab","Unload"],"picked":"Blur","floor":18},{"not_picked":["Prepared","Acrobatics"],"picked":"Crippling Poison","floor":21}],"player_experience":606973,"relics_obtained":[{"floor":9,"key":"Bottled Tornado"},{"floor":12,"key":"Pen Nib"}],"event_choices":[{"damage_healed":23,"gold_gain":0,"player_choice":"Banana","damage_taken":0,"max_hp_gain":0,"max_hp_loss":0,"event_name":"Big Fish","floor":7,"gold_loss":0},{"damage_healed":0,"gold_gain":0,"player_choice":"Simplicity","damage_taken":0,"max_hp_gain":0,"max_hp_loss":0,"event_name":"Back to Basics","floor":19,"gold_loss":0,"cards_upgraded":["Strike_G","Strike_G","Strike_G","Strike_G","Defend_G","Defend_G","Defend_G","Defend_G","Defend_G"]},{"cards_removed":["Strike_G"],"damage_healed":0,"gold_gain":0,"player_choice":"Gave Gold","damage_taken":0,"max_hp_gain":0,"max_hp_loss":0,"event_name":"Beggar","floor":20,"gold_loss":75}],"is_beta":false,"boss_relics":[{"not_picked":["Busted Crown","Tiny House"],"picked":"Orrery"}],"items_purged_floors":[3,22],"is_endless":false,"potions_floor_spawned":[4,5,14,21],"killed_by":"Book of Stabbing","ascension_level":8}