{"gold_per_floor":[15,26,37,37,37,37,37,37,117,117,134,145,70,90,90,186,186,199,199,199,211,40,40,40,59,109,109,109],"floor_reached":28,"playtime":2387,"items_purged":["Strike_R","Clash+1"],"score":221,"play_id":"edb623fc-73f2-426c-920c-524651a704ce","local_time":"20180705004349","is_ascension_mode":true,"campfire_choices":[{"data":"Clash","floor":6,"key":"SMITH"},{"data":"Juggernaut","floor":15,"key":"SMITH"},{"data":"Metallicize","floor":23,"key":"SMITH"}],"neow_cost":"NO_GOLD","seed_source_timestamp":94975454247523,"circlet_count":0,"master_deck":["Strike_R","Strike_R","Strike_R","Strike_R","Defend_R","Defend_R+1","Defend_R","Defend_R","Bash+1","True Grit","Juggernaut+1","Limit Break","Rage","RitualDagger","Flex","Metallicize+1"],"relics":["Burning Blood","Dead Branch","Mummified Hand","Runic Pyramid","Omamori"],"potions_floor_usage":[11,16,16,21,24],"damage_taken":[{"damage":0,"enemies":"Small Slimes","floor":1,"turns":3},{"damage":7,"enemies":"Jaw Worm","floor":2,"turns":3},{"damage":0,"enemies":"Cultist","floor":3,"turns":3},{"damage":0,"enemies":"3 Louse","floor":11,"turns":2},{"damage":0,"enemies":"2 Fungi Beasts","floor":12,"turns":3},{"damage":8,"enemies":"Red Slaver","floor":14,"turns":3},{"damage":38,"enemies":"The Guardian","floor":16,"turns":8},{"damage":30,"enemies":"Shell Parasite","floor":18,"turns":15},{"damage":21,"enemies":"2 Thieves","floor":21,"turns":4},{"damage":0,"enemies":"Chosen and Byrds","floor":24,"turns":3},{"damage":32,"enemies":"Slaver and Parasite","floor":25,"turns":8},{"damage":30,"enemies":"Snake Plant","floor":28,"turns":2}],"seed_played":"-8961906666565671025","potions_obtained":[{"floor":8,"key":"Fire Potion"},{"floor":8,"key":"SmokeBomb"},{"floor":8,"key":"SneckoOil"},{"floor":12,"key":"PowerPotion"},{"floor":18,"key":"Explosive Potion"}],"is_trial":false,"path_per_floor":["M","M","M","$","?","R","$","?","T","?","M","M","$","M","R","B",null,"M","?","?","M","$","R","M","M","T","?"],"character_chosen":"IRONCLAD","items_purchased":["Metallicize"],"campfire_rested":0,"item_purchase_floors":[22],"current_hp_per_floor":[80,79,80,80,64,64,64,64,64,64,70,76,76,74,74,42,80,56,56,50,35,35,35,41,27,27,27,0],"gold":109,"neow_bonus":"ONE_RARE_RELIC","is_prod":false,"is_daily":false,"chose_seed":false,"campfire_upgraded":3,"win_rate":0,"timestamp":1530744229,"path_taken":["M","M","M","$","?","R","$","?","T","?","M","?","?","M","R","BOSS","M","?","?","M","$","R","M","M","T","?","M"],"build_version":"2018-06-28","purchased_purges":2,"victory":false,"max_hp_per_floor":[80,80,80,80,80,80,80,80,80,80,80,80,80,80,80,80,80,80,80,80,80,80,80,80,84,84,84,84],"card_choices":[{"not_picked":["Clash","Armaments"],"picked":"True Grit","floor":1},{"not_picked":["Corruption","Searing Blow"],"picked":"Clash","floor":2},{"not_picked":["Cleave","Iron Wave","Havoc"],"picked":"SKIP","floor":3},{"not_picked":["Rupture","Body Slam","Anger"],"picked":"SKIP","floor":11},{"not_picked":["Heavy Blade","True Grit"],"picked":"Juggernaut","floor":12},{"not_picked":["Clothesline","Reckless Charge","Dual Wield"],"picked":"SKIP","floor":14},{"not_picked":["Demon Form","Brutality"],"picked":"Limit Break","floor":16},{"not_picked":["Corruption","Clash+1","Power Through"],"picked":"SKIP","floor":18},{"not_picked":["Pommel Strike+1","Armaments"],"picked":"Flex","floor":21},{"not_picked":["Anger","Cleave","Disarm"],"picked":"SKIP","floor":25}],"player_experience":152979,"relics_obtained":[{"floor":9,"key":"Mummified Hand"},{"floor":26,"key":"Omamori"}],"event_choices":[{"event_name":"Shining Light","player_choice":"Entered Light","floor":5,"damage_taken":0},{"event_name":"The Lab","player_choice":"Got Potions","floor":8,"damage_taken":0},{"event_name":"The Woman in Blue","player_choice":"Bought 0 Potions","floor":10,"damage_taken":0},{"event_name":"The Library","player_choice":"Read","floor":19,"damage_taken":0},{"event_name":"Nest","player_choice":"Joined the Cult","floor":20,"damage_taken":0},{"event_name":"Match and Keep!","player_choice":"0 cards matched","floor":27,"damage_taken":0}],"boss_relics":[{"not_picked":["Orrery","Philosopher\u0027s Stone"],"picked":"Runic Pyramid"}],"items_purged_floors":[13,22],"is_endless":false,"potions_floor_spawned":[12,14,18,24],"killed_by":"Snake Plant","ascension_level":1}