{"gold_per_floor":[217,233,89,104,104,104,134,152,206,221,236,248,248,265,265,370,370,383,395,395,409,334,368,368],"floor_reached":24,"playtime":1967,"items_purged":["Strike_B"],"score":233,"play_id":"0d7674df-a5e7-4565-8e52-94db2f52d8f3","local_time":"20180709010100","is_ascension_mode":true,"campfire_choices":[{"data":"Self Repair","floor":6,"key":"SMITH"},{"floor":15,"key":"REST"}],"neow_cost":"NONE","seed_source_timestamp":442051565903981,"circlet_count":0,"master_deck":["Strike_B","Strike_B","Defend_B+1","Defend_B","Defend_B+1","Zap","Dualcast","Hologram","Self Repair+1","Meteor Strike","Thunder Strike","Rainbow+1","Tempest+1","Hello World","Sweeping Beam","Self Repair","BootSequence+1","Multi-Cast+1","Auto Shields+1","Streamline","Fusion+1"],"relics":["Cracked Core","Toxic Egg 2","War Paint","Shovel","Velvet Choker","Blood Vial"],"potions_floor_usage":[11,14,14,16,21,21,24],"damage_taken":[{"damage":6,"enemies":"Jaw Worm","floor":1,"turns":3},{"damage":0,"enemies":"Cultist","floor":2,"turns":4},{"damage":5,"enemies":"Small Slimes","floor":4,"turns":4},{"damage":47,"enemies":"Lagavulin","floor":7,"turns":11},{"damage":11,"enemies":"2 Fungi Beasts","floor":8,"turns":3},{"damage":10,"enemies":"3 Louse","floor":10,"turns":4},{"damage":21,"enemies":"Exordium Wildlife","floor":11,"turns":4},{"damage":15,"enemies":"Red Slaver","floor":12,"turns":4},{"damage":8,"enemies":"Lots of Slimes","floor":14,"turns":2},{"damage":13,"enemies":"Hexaghost","floor":16,"turns":9},{"damage":17,"enemies":"3 Byrds","floor":18,"turns":5},{"damage":15,"enemies":"Spheric Guardian","floor":19,"turns":4},{"damage":41,"enemies":"Centurion and Healer","floor":21,"turns":5},{"damage":39,"enemies":"Slavers","floor":23,"turns":4},{"damage":29,"enemies":"3 Cultists","floor":24,"turns":4}],"seed_played":"-6510339899174760212","potions_obtained":[{"floor":2,"key":"Weak Potion"},{"floor":7,"key":"LiquidBronze"},{"floor":10,"key":"Dexterity Potion"},{"floor":11,"key":"AttackPotion"},{"floor":14,"key":"Explosive Potion"},{"floor":18,"key":"Strength Potion"},{"floor":23,"key":"FearPotion"}],"is_trial":false,"path_per_floor":["M","M","$","M","?","R","E","M","T","M","M","M","T","M","R","B",null,"M","M","?","M","?","E"],"character_chosen":"DEFECT","items_purchased":["Meteor Strike"],"campfire_rested":1,"item_purchase_floors":[3],"current_hp_per_floor":[69,69,69,71,71,71,34,33,33,33,22,17,17,9,31,28,75,75,75,75,51,51,22,0],"gold":368,"neow_bonus":"HUNDRED_GOLD","is_prod":false,"is_daily":false,"chose_seed":false,"campfire_upgraded":1,"win_rate":0,"timestamp":1531090860,"path_taken":["M","M","$","M","?","R","E","M","T","M","M","M","?","M","R","BOSS","M","?","?","M","?","E","?"],"build_version":"2018-07-05","purchased_purges":1,"victory":false,"max_hp_per_floor":[75,75,75,75,75,75,75,75,75,75,75,75,75,75,75,75,75,75,75,75,75,75,75,75],"card_choices":[{"not_picked":["Glacier","Leap"],"picked":"Hologram","floor":1},{"not_picked":["Turbo","Ball Lightning"],"picked":"Self Repair","floor":2},{"not_picked":["Recycle","Rebound"],"picked":"Thunder Strike","floor":4},{"not_picked":["Consume","Rebound"],"picked":"Rainbow","floor":7},{"not_picked":["Stack+1","Ball Lightning"],"picked":"Tempest+1","floor":8},{"not_picked":["Rebound","Coolheaded+1"],"picked":"Hello World","floor":10},{"not_picked":["Go for the Eyes","Compile Driver"],"picked":"Sweeping Beam","floor":11},{"not_picked":["Steam+1","Coolheaded+1"],"picked":"Self Repair","floor":12},{"not_picked":["Thunder Strike","Streamline"],"picked":"BootSequence+1","floor":14},{"not_picked":["Reboot+1","Biased Cognition"],"picked":"Multi-Cast+1","floor":16},{"not_picked":["Glacier+1","Cold Snap"],"picked":"Auto Shields+1","floor":18},{"not_picked":["Go for the Eyes","Coolheaded+1"],"picked":"Streamline","floor":19},{"not_picked":["Sweeping Beam","Compile Driver","Rebound"],"picked":"SKIP","floor":21},{"not_picked":["Auto Shields+1","Streamline"],"picked":"Fusion+1","floor":23}],"player_experience":165457,"relics_obtained":[{"floor":7,"key":"Toxic Egg 2"},{"floor":9,"key":"War Paint"},{"floor":13,"key":"Shovel"},{"floor":23,"key":"Blood Vial"}],"event_choices":[{"event_name":"Wheel of Change","player_choice":"Card Removal","floor":5,"damage_taken":0},{"event_name":"Drug Dealer","player_choice":"Ignored","floor":20,"damage_taken":0},{"event_name":"Beggar","player_choice":"Gave Gold","floor":22,"damage_taken":0}],"boss_relics":[{"not_picked":["Calling Bell","Eternal Feather"],"picked":"Velvet Choker"}],"items_purged_floors":[3],"is_endless":false,"potions_floor_spawned":[2,7,10,11,14,18,23],"killed_by":"3 Cultists","ascension_level":1}