{"path_per_floor":["M","?","M","?","?","R","$","R","T","M","M","?","?","E","R","B",null,"M","$","?","M","M"],"character_chosen":"DEFECT","items_purchased":["Toxic Egg 2","Storm"],"gold_per_floor":[119,69,86,86,86,86,11,11,11,24,43,43,14,348,348,453,453,463,44,44,61,77,77],"floor_reached":23,"campfire_rested":0,"playtime":1699,"item_purchase_floors":[19,19],"current_hp_per_floor":[72,72,71,64,57,57,57,57,57,56,54,38,38,27,27,9,82,74,74,74,64,45,0],"items_purged":["Strike_B","Defend_B"],"gold":77,"score":189,"play_id":"620e5694-a749-4c63-aaf7-33f620d2bd07","local_time":"20180611013201","is_prod":false,"is_daily":false,"chose_seed":false,"is_ascension_mode":false,"campfire_upgraded":3,"win_rate":0,"timestamp":1528673521,"campfire_choices":[{"data":"Zap","floor":6,"key":"SMITH"},{"data":"Barrage","floor":8,"key":"SMITH"},{"data":"Barrage","floor":15,"key":"SMITH"}],"path_taken":["M","?","M","?","?","R","$","R","T","?","?","?","?","E","R","BOSS","M","$","?","M","M","E"],"build_version":"2018-06-07v3","seed_source_timestamp":9587313091630,"purchased_purges":2,"victory":false,"master_deck":["Strike_B","Strike_B","Defend_B+1","Defend_B+1","Zap+1","Dualcast","Heatsinks","Barrage+1","Cold Snap","Gash","Barrage+1","Fission","Gash+1","Storm","Writhe","Leap+1","Ball Lightning+1"],"max_hp_per_floor":[82,82,82,82,82,82,82,82,82,82,82,82,82,82,82,82,82,82,82,82,82,82,82],"relics":["Cracked Core","Toolbox","Dodecahedron","Old Coin","Black Star","Toxic Egg 2","Ancient Tea Set"],"card_choices":[{"not_picked":["Ball Lightning","Gash"],"picked":"Heatsinks","floor":1},{"not_picked":["Reprogram","Blizzard"],"picked":"Barrage","floor":3},{"not_picked":["Go for the Eyes","Steam Power"],"picked":"Cold Snap","floor":10},{"not_picked":["Cold Snap","Leap"],"picked":"Gash","floor":11},{"not_picked":["Steam","Go for the Eyes"],"picked":"Barrage","floor":14},{"not_picked":["Meteor Strike","Biased Cognition"],"picked":"Fission","floor":16},{"not_picked":["Rebound","Turbo"],"picked":"Gash+1","floor":18},{"not_picked":["Go for the Eyes","Barrage"],"picked":"Leap+1","floor":21},{"not_picked":["Biased Cognition","Stack+1"],"picked":"Ball Lightning+1","floor":22}],"player_experience":104187,"potions_floor_usage":[14,16,22,22,23],"damage_taken":[{"damage":10,"enemies":"2 Louse","floor":1,"turns":3},{"damage":1,"enemies":"Cultist","floor":3,"turns":4},{"damage":1,"enemies":"Small Slimes","floor":10,"turns":3},{"damage":2,"enemies":"Exordium Thugs","floor":11,"turns":4},{"damage":11,"enemies":"Gremlin Nob","floor":14,"turns":4},{"damage":18,"enemies":"Hexaghost","floor":16,"turns":10},{"damage":8,"enemies":"Chosen","floor":18,"turns":7},{"damage":10,"enemies":"3 Byrds","floor":21,"turns":5},{"damage":19,"enemies":"Snake Plant","floor":22,"turns":5},{"damage":49,"enemies":"Slavers","floor":23,"turns":4}],"relics_obtained":[{"floor":9,"key":"Dodecahedron"},{"floor":14,"key":"Old Coin"}],"event_choices":[{"event_name":"The Cleric","player_choice":"Card Removal","floor":2,"damage_taken":0},{"event_name":"Scrap Ooze","player_choice":"success","floor":4,"damage_taken":7},{"event_name":"Golden Wing","player_choice":"Card Removal","floor":5,"damage_taken":0},{"event_name":"Shining Light","player_choice":"Entered Light","floor":12,"damage_taken":0},{"event_name":"World of Goop","player_choice":"Left","floor":13,"damage_taken":0},{"event_name":"The Mausoleum","player_choice":"Yes","floor":20,"damage_taken":0}],"boss_relics":[{"not_picked":["Velvet Choker","Runic Pyramid"],"picked":"Black Star"}],"items_purged_floors":[7,19],"potions_floor_spawned":[1,14,16,18,21],"seed_played":"4598798117954219772","killed_by":"Slavers","ascension_level":0,"potions_obtained":[{"floor":1,"key":"EssenceOfSteel"},{"floor":14,"key":"Weak Potion"},{"floor":16,"key":"Ancient Potion"},{"floor":18,"key":"Fire Potion"},{"floor":21,"key":"SkillPotion"}],"is_trial":false}