{"gold_per_floor":[11,11,22,32,32,32,42,42,42,60,60,26,36,211,211,314,314,327,19,19,19,19,19],"floor_reached":23,"playtime":1684,"items_purged":["Doubt"],"score":242,"play_id":"98219d46-7ba6-409e-bf76-9d28af29d480","local_time":"20190520231049","is_ascension_mode":true,"campfire_choices":[{"data":"Caltrops","floor":6,"key":"SMITH"},{"data":"Endless Agony","floor":8,"key":"SMITH"},{"data":"Blade Dance","floor":15,"key":"SMITH"}],"neow_cost":"NO_GOLD","seed_source_timestamp":6023625323800,"circlet_count":0,"master_deck":["Defend_G","Defend_G","Defend_G","Defend_G","Defend_G","Strike_G","Strike_G","Strike_G","Strike_G","Strike_G","Survivor","Neutralize","Caltrops+1","Underhanded Strike","Endless Agony+1","Blade Dance+1","Neutralize","Expertise","Setup","Blade Dance","Doppelganger","Setup+1","Endless Agony"],"relics":["Ring of the Snake","Dead Branch","Bag of Preparation","Snake Skull","Enchiridion"],"potions_floor_usage":[10,13,16,23],"damage_taken":[{"damage":2,"enemies":"Jaw Worm","floor":1,"turns":5},{"damage":4,"enemies":"Cultist","floor":3,"turns":5},{"damage":0,"enemies":"2 Louse","floor":4,"turns":4},{"damage":3,"enemies":"Blue Slaver","floor":7,"turns":4},{"damage":0,"enemies":"2 Fungi Beasts","floor":10,"turns":2},{"damage":3,"enemies":"3 Louse","floor":13,"turns":3},{"damage":28,"enemies":"Slime Boss","floor":16,"turns":8},{"damage":8,"enemies":"3 Byrds","floor":18,"turns":5},{"damage":32,"enemies":"Slavers","floor":23,"turns":4}],"seed_played":"-4420312140230340670","potions_obtained":[{"floor":4,"key":"EssenceOfSteel"},{"floor":7,"key":"Fire Potion"},{"floor":13,"key":"LiquidBronze"},{"floor":16,"key":"SpeedPotion"}],"is_trial":false,"path_per_floor":["M","?","M","M","$","R","M","R","T","M","?","$","M","?","R","B",null,"M","$","?","$","?","E"],"character_chosen":"THE_SILENT","items_purchased":["Setup","Snake Skull","Endless Agony"],"campfire_rested":0,"item_purchase_floors":[12,19,19],"current_hp_per_floor":[61,66,62,62,62,62,59,59,59,59,59,59,56,56,56,28,63,55,55,41,41,25,0],"gold":19,"neow_bonus":"ONE_RARE_RELIC","is_prod":false,"is_daily":false,"chose_seed":false,"campfire_upgraded":3,"win_rate":0,"timestamp":1558386649,"path_taken":["M","?","M","M","?","R","M","R","T","M","?","$","?","?","R","BOSS","M","$","?","$","?","E"],"build_version":"2019-01-23","purchased_purges":1,"victory":false,"max_hp_per_floor":[70,75,75,75,75,75,75,75,75,75,75,75,75,75,75,75,75,75,75,80,80,80,80],"card_choices":[{"not_picked":["Cloak And Dagger","Acrobatics"],"picked":"Caltrops","floor":1},{"not_picked":["Bane","Blade Dance"],"picked":"Underhanded Strike","floor":3},{"not_picked":["Quick Slash","Underhanded Strike","Slice"],"picked":"SKIP","floor":4},{"not_picked":["Underhanded Strike","Dodge and Roll"],"picked":"Endless Agony","floor":7},{"not_picked":["Dash","Underhanded Strike"],"picked":"Blade Dance","floor":10},{"not_picked":["All Out Attack","Flechettes"],"picked":"Blade Dance","floor":13},{"not_picked":["Die Die Die","Venomology"],"picked":"Doppelganger","floor":16},{"not_picked":["Bane","Deadly Poison"],"picked":"Setup+1","floor":18}],"player_experience":550470,"relics_obtained":[{"floor":9,"key":"Bag of Preparation"},{"floor":22,"key":"Enchiridion"}],"event_choices":[{"damage_healed":0,"gold_gain":0,"player_choice":"Donut","damage_taken":0,"max_hp_gain":5,"max_hp_loss":0,"event_name":"Big Fish","floor":2,"gold_loss":0},{"damage_healed":0,"gold_gain":0,"player_choice":"2 cards matched","damage_taken":0,"max_hp_gain":0,"max_hp_loss":0,"event_name":"Match and Keep!","floor":11,"gold_loss":0,"cards_obtained":["Neutralize","Expertise"]},{"damage_healed":0,"gold_gain":175,"player_choice":"AGREE","damage_taken":0,"max_hp_gain":0,"max_hp_loss":0,"event_name":"Liars Game","floor":14,"gold_loss":0,"cards_obtained":["Doubt"]},{"damage_healed":0,"gold_gain":0,"player_choice":"Shed Blood","damage_taken":19,"max_hp_gain":5,"max_hp_loss":0,"event_name":"Forgotten Altar","floor":20,"gold_loss":0},{"damage_healed":0,"gold_gain":0,"player_choice":"Obtained Book","damage_taken":16,"max_hp_gain":0,"max_hp_loss":0,"event_name":"Cursed Tome","floor":22,"gold_loss":0}],"is_beta":false,"boss_relics":[{"not_picked":["Coffee Dripper","Busted Crown","Runic Dome"]}],"items_purged_floors":[19],"is_endless":false,"potions_floor_spawned":[4,7,13,16],"killed_by":"Slavers","ascension_level":7}