{"path_per_floor":["M","?","M","?","M","R","M","R","T","R","$","E","M","E","R","B",null,"M","M","$","M","M","R","M","E","T","R","E","R","M","?","R","B",null,"M","?","$","M","$","R","M","R","T","T","E","M","M","$","R","B"],"character_chosen":"DEFECT","items_purchased":["Hello World+1","Magnetism+1","Conserve Battery","Defragment+1","Jack Of All Trades","Gash","Defragment+1"],"gold_per_floor":[15,15,34,109,124,124,141,141,141,141,30,59,79,112,112,209,209,224,241,20,30,50,50,66,99,99,99,125,125,137,137,137,234,234,249,249,24,35,12,12,22,22,97,146,176,195,214,18,18,18],"floor_reached":51,"campfire_rested":1,"playtime":4583,"item_purchase_floors":[11,20,20,37,37,39,48],"current_hp_per_floor":[74,74,73,62,61,61,65,65,72,72,72,65,59,64,64,35,82,77,79,79,82,62,62,50,29,29,29,32,32,40,40,40,62,82,82,72,72,82,82,82,82,96,96,96,65,57,58,58,86,51],"items_purged":["Strike_B","Strike_B","Strike_B"],"gold":18,"score":777,"play_id":"efd6c0c0-2fc7-40cd-a015-a176e6b3b87e","local_time":"20180615024611","is_prod":false,"is_daily":false,"chose_seed":false,"is_ascension_mode":false,"campfire_upgraded":2,"win_rate":0,"timestamp":1529023571,"campfire_choices":[{"data":"Self Repair","floor":6,"key":"SMITH"},{"floor":8,"key":"DIG"},{"floor":10,"key":"DIG"},{"floor":15,"key":"DIG"},{"floor":23,"key":"DIG"},{"floor":27,"key":"DIG"},{"data":"Defragment","floor":29,"key":"SMITH"},{"floor":32,"key":"DIG"},{"floor":40,"key":"DIG"},{"floor":42,"key":"DIG"},{"floor":49,"key":"REST"}],"path_taken":["M","?","M","?","M","R","M","R","T","R","$","E","M","E","R","BOSS","M","M","$","M","M","R","M","E","T","R","E","R","M","?","R","BOSS","M","?","?","M","$","R","?","R","T","?","E","M","M","$","R","BOSS"],"build_version":"2018-06-07v3","seed_source_timestamp":3305064360261,"purchased_purges":3,"victory":true,"master_deck":["Strike_B","Defend_B","Defend_B","Defend_B","Defend_B","Zap+1","Dualcast","Storm","Defragment+1","Self Repair+1","Hello World+1","Doom and Gloom","Buffer+1","Double Energy","Electrodynamics+1","Capacitor+1","Magnetism+1","Conserve Battery","Doom and Gloom+1","Glacier+1","Go for the Eyes+1","Hologram+1","Hello World+1","Biased Cognition+1","White Noise+1","Madness","Madness","Defragment+1","Jack Of All Trades","Sweeping Beam+1","Gash","Redo+1","Turbo+1","Consume+1","Tempest+1","Defragment+1"],"max_hp_per_floor":[75,75,75,75,75,75,75,75,82,82,82,82,82,82,82,82,82,82,82,82,82,82,82,82,82,82,82,82,82,82,82,82,82,82,82,82,82,82,82,82,82,96,96,96,96,96,96,96,96,96],"relics":["Cracked Core","Shovel","Frozen Egg 2","Strawberry","Bottled Tornado","Art of War","Dodecahedron","Kunai","Lizard Tail","Boot","Meat on the Bone","Gambling Chip","Dead Branch","Bronze Scales","Ancient Tea Set","Sozu","Bottled Lightning","Mango","Molten Egg 2","Oddly Smooth Stone","Bottled Flame"],"card_choices":[{"not_picked":["Redo","Hologram"],"picked":"Storm","floor":1},{"not_picked":["Ball Lightning","Coolheaded"],"picked":"Defragment","floor":3},{"not_picked":["Ball Lightning","Steam"],"picked":"Self Repair","floor":5},{"not_picked":["Streamline","Coolheaded","Steam"],"picked":"SKIP","floor":7},{"not_picked":["Beam Cell","BootSequence"],"picked":"Doom and Gloom","floor":12},{"not_picked":["Reprogram","Hologram"],"picked":"Buffer+1","floor":13},{"not_picked":["Stack","Reinforced Body"],"picked":"Double Energy","floor":14},{"not_picked":["Core Surge","Amplify"],"picked":"Electrodynamics+1","floor":16},{"not_picked":["Reinforced Body","Consume","Rip and Tear"],"picked":"SKIP","floor":18},{"not_picked":["Ball Lightning","Stack+1"],"picked":"Capacitor+1","floor":19},{"not_picked":["Steam","Coolheaded"],"picked":"Doom and Gloom+1","floor":21},{"not_picked":["Sweeping Beam","Melter"],"picked":"Glacier+1","floor":22},{"not_picked":["Melter","Streamline","Ball Lightning"],"picked":"SKIP","floor":24},{"not_picked":["BootSequence","Fission"],"picked":"Go for the Eyes+1","floor":25},{"not_picked":["Genetic Algorithm","Leap"],"picked":"Hologram+1","floor":28},{"not_picked":["Compile Driver","Cold Snap"],"picked":"Hello World+1","floor":30},{"not_picked":["Core Surge","Multi-Cast"],"picked":"Biased Cognition+1","floor":33},{"not_picked":["Beam Cell","Go for the Eyes"],"picked":"White Noise+1","floor":35},{"not_picked":["Cold Snap","Go for the Eyes"],"picked":"Sweeping Beam+1","floor":38},{"not_picked":["Ball Lightning","Hologram+1"],"picked":"Redo+1","floor":41},{"not_picked":["Leap+1","Stack+1"],"picked":"Turbo+1","floor":45},{"not_picked":["Glacier+1","Rebound+1"],"picked":"Consume+1","floor":46},{"not_picked":["Doom and Gloom+1","Conserve Battery"],"picked":"Tempest+1","floor":47}],"player_experience":112820,"potions_floor_usage":[12,14,24,24,28,30,30],"damage_taken":[{"damage":1,"enemies":"Cultist","floor":1,"turns":3},{"damage":1,"enemies":"2 Louse","floor":3,"turns":2},{"damage":1,"enemies":"Jaw Worm","floor":5,"turns":3},{"damage":6,"enemies":"Blue Slaver","floor":7,"turns":4},{"damage":17,"enemies":"3 Sentries","floor":12,"turns":6},{"damage":16,"enemies":"Exordium Wildlife","floor":13,"turns":4},{"damage":14,"enemies":"Gremlin Nob","floor":14,"turns":3},{"damage":39,"enemies":"Hexaghost","floor":16,"turns":11},{"damage":5,"enemies":"3 Byrds","floor":18,"turns":2},{"damage":8,"enemies":"2 Thieves","floor":19,"turns":3},{"damage":0,"enemies":"Snecko","floor":21,"turns":6},{"damage":20,"enemies":"Chosen and Byrds","floor":22,"turns":6},{"damage":22,"enemies":"Centurion and Healer","floor":24,"turns":5},{"damage":31,"enemies":"Gremlin Leader","floor":25,"turns":6},{"damage":26,"enemies":"Book of Stabbing","floor":28,"turns":6},{"damage":19,"enemies":"Cultist and Chosen","floor":30,"turns":3},{"damage":0,"enemies":"Champ","floor":33,"turns":9},{"damage":10,"enemies":"3 Darklings","floor":35,"turns":3},{"damage":0,"enemies":"Orb Walker","floor":38,"turns":4},{"damage":0,"enemies":"4 Shapes","floor":41,"turns":2},{"damage":53,"enemies":"2 Orb Walkers","floor":45,"turns":3},{"damage":8,"enemies":"Maw","floor":46,"turns":4},{"damage":21,"enemies":"3 Darklings","floor":47,"turns":3},{"damage":39,"enemies":"Time Eater","floor":50,"turns":7}],"relics_obtained":[{"floor":8,"key":"Frozen Egg 2"},{"floor":9,"key":"Strawberry"},{"floor":10,"key":"Bottled Tornado"},{"floor":12,"key":"Art of War"},{"floor":14,"key":"Dodecahedron"},{"floor":15,"key":"Kunai"},{"floor":23,"key":"Boot"},{"floor":25,"key":"Meat on the Bone"},{"floor":26,"key":"Gambling Chip"},{"floor":27,"key":"Dead Branch"},{"floor":28,"key":"Bronze Scales"},{"floor":32,"key":"Ancient Tea Set"},{"floor":40,"key":"Bottled Lightning"},{"floor":42,"key":"Mango"},{"floor":43,"key":"Molten Egg 2"},{"floor":44,"key":"Oddly Smooth Stone"},{"floor":45,"key":"Bottled Flame"}],"event_choices":[{"event_name":"Living Wall","player_choice":"Grow","floor":2,"damage_taken":0},{"event_name":"World of Goop","player_choice":"Gather Gold","floor":4,"damage_taken":0},{"event_name":"Drug Dealer","player_choice":"Ignored","floor":31,"damage_taken":0},{"event_name":"Winding Halls","player_choice":"Embrace Madness","floor":36,"damage_taken":0}],"boss_relics":[{"not_picked":["Inserter","Runic Dome"],"picked":"Lizard Tail"},{"not_picked":["Snecko Eye","Eternal Feather"],"picked":"Sozu"}],"items_purged_floors":[11,37,48],"potions_floor_spawned":[5,13,14,16,19,21,25,28,45,47],"seed_played":"4470661055385543878","ascension_level":0,"potions_obtained":[{"floor":5,"key":"AttackPotion"},{"floor":13,"key":"Regen Potion"},{"floor":14,"key":"SmokeBomb"},{"floor":16,"key":"LiquidBronze"},{"floor":19,"key":"SkillPotion"},{"floor":21,"key":"Fire Potion"},{"floor":25,"key":"AttackPotion"},{"floor":28,"key":"EntropicBrew"}],"is_trial":false}