{"gold_per_floor":[110,129,149,3,3,3,21,21,47,58,87,87,101,101],"floor_reached":14,"playtime":495,"items_purged":["Strike_B"],"score":110,"play_id":"8fb5321b-e179-46c7-b818-0485c17350f0","local_time":"20181111013013","is_ascension_mode":true,"campfire_choices":[{"data":"Defragment","floor":6,"key":"SMITH"},{"data":"Defragment","floor":8,"key":"SMITH"},{"data":"Tempest","floor":12,"key":"SMITH"}],"neow_cost":"NONE","seed_source_timestamp":48033107832179,"circlet_count":0,"master_deck":["Strike_B","Strike_B","Defend_B","Defend_B","Defend_B","Defend_B","Zap","Dualcast","Defragment+1","Conserve Battery","Barrage","Defragment+1","Tempest+1","All For One","Steam","Barrage"],"relics":["Cracked Core","PreservedInsect","Potion Belt"],"potions_floor_usage":[7,13],"damage_taken":[{"damage":3,"enemies":"2 Louse","floor":1,"turns":2},{"damage":7,"enemies":"Jaw Worm","floor":2,"turns":2},{"damage":13,"enemies":"Small Slimes","floor":3,"turns":3},{"damage":2,"enemies":"3 Louse","floor":7,"turns":2},{"damage":6,"enemies":"Red Slaver","floor":10,"turns":3},{"damage":8,"enemies":"Gremlin Nob","floor":11,"turns":3},{"damage":33,"enemies":"Gremlin Gang","floor":13,"turns":4},{"damage":0,"enemies":"Exordium Wildlife","floor":14,"turns":1}],"seed_played":"-4855092738025350824","potions_obtained":[{"floor":2,"key":"FearPotion"},{"floor":3,"key":"Fire Potion"},{"floor":11,"key":"GamblersBrew"},{"floor":13,"key":"Poison Potion"}],"is_trial":false,"path_per_floor":["M","M","M","$","?","R","M","R","T","M","E","R","M","M"],"character_chosen":"DEFECT","items_purchased":["Defragment"],"campfire_rested":0,"item_purchase_floors":[4],"current_hp_per_floor":[79,72,59,59,52,52,50,50,50,44,36,36,3,3],"gold":101,"neow_bonus":"TEN_PERCENT_HP_BONUS","is_prod":false,"is_daily":false,"chose_seed":false,"campfire_upgraded":3,"win_rate":0,"timestamp":1541896213,"path_taken":["M","M","M","$","?","R","M","R","T","M","E","R","M","M"],"build_version":"2018-11-08","purchased_purges":1,"victory":false,"max_hp_per_floor":[82,82,82,82,82,82,82,82,82,82,82,82,82,82],"card_choices":[{"not_picked":["Conserve Battery","BootSequence"],"picked":"Defragment","floor":1},{"not_picked":["Beam Cell","Capacitor"],"picked":"Conserve Battery","floor":2},{"not_picked":["Cold Snap","Sunder"],"picked":"Barrage","floor":3},{"not_picked":["Leap","Hologram"],"picked":"Tempest","floor":7},{"not_picked":["Hello World","Hologram"],"picked":"All For One","floor":10},{"not_picked":["Turbo","Hello World"],"picked":"Steam","floor":11},{"not_picked":["Streamline","Redo"],"picked":"Barrage","floor":13}],"player_experience":385074,"relics_obtained":[{"floor":9,"key":"PreservedInsect"},{"floor":11,"key":"Potion Belt"}],"event_choices":[{"cards_removed":["Strike_B"],"damage_healed":0,"gold_gain":0,"player_choice":"Card Removal","damage_taken":7,"max_hp_gain":0,"max_hp_loss":0,"event_name":"Golden Wing","floor":5,"gold_loss":0}],"is_beta":false,"boss_relics":[],"items_purged_floors":[4],"is_endless":false,"potions_floor_spawned":[2,3,11,13],"killed_by":"Exordium Wildlife","ascension_level":4}