{"path_per_floor":["M","M","?","M","$","M","E","R","T","M","M","E","$","M","R","B",null,"M","M","$","?","M","M","M"],"character_chosen":"IRONCLAD","items_purchased":["Heavy Blade","Shrug It Off"],"gold_per_floor":[116,129,129,140,14,28,57,57,102,114,125,153,53,64,64,163,163,174,189,10,10,21,38,51],"floor_reached":25,"campfire_rested":1,"playtime":2872,"current_hp_per_floor":[77,80,80,71,71,58,34,34,34,28,30,18,18,16,40,25,80,78,72,72,72,64,56,22],"items_purged":["Defend_R","Defend_R","Strike_R"],"gold":51,"score":219,"play_id":"aeb6bf75-aa52-4bae-a31b-2f706b2709c5","local_time":"20180311204423","is_prod":false,"is_daily":false,"is_ascension_mode":false,"campfire_upgraded":1,"timestamp":1520797463,"path_taken":["M","M","?","M","$","M","E","R","T","M","M","E","?","M","R","BOSS","M","M","?","?","M","M","M","M"],"build_version":"2018-03-09","purchased_purges":3,"victory":false,"master_deck":["Strike_R","Strike_R","Bash","Shrug It Off","Offering+1","Sword Boomerang","Heavy Blade","Rage","Armaments+1","Ghostly Armor","Headbutt","Pummel","Iron Wave","Iron Wave","Double Tap","Searing Blow+1","Cleave+1","Havoc+1","Headbutt","Body Slam","Shrug It Off","Shockwave","Fire Breathing+1"],"max_hp_per_floor":[80,80,80,80,80,80,80,80,80,80,80,80,80,80,80,80,80,80,80,80,80,80,80,80],"relics":["Burning Blood","Dream Catcher","Blood Vial","Bronze Scales","Astrolabe","Oddly Smooth Stone"],"card_choices":[{"not_picked":["Body Slam","Fire Breathing"],"picked":"Shrug It Off"},{"not_picked":["Body Slam","Wild Strike"],"picked":"Offering"},{"not_picked":["True Grit","Body Slam"],"picked":"Sword Boomerang"},{"not_picked":["Iron Wave","Warcry"],"picked":"Rage"},{"not_picked":["Headbutt","Brutality"],"picked":"Armaments"},{"not_picked":["Heavy Blade","Pommel Strike"],"picked":"Ghostly Armor"},{"not_picked":["Sentinel","Cleave"],"picked":"Headbutt"},{"not_picked":["Intimidate","Brutality"],"picked":"Pummel"},{"not_picked":["Flame Barrier","Body Slam"],"picked":"Iron Wave"},{"not_picked":["Clothesline","Armaments"],"picked":"Iron Wave"},{"not_picked":["Berserk","Impervious"],"picked":"Double Tap"},{"not_picked":["Body Slam","Twin Strike"],"picked":"Headbutt"},{"not_picked":["Burning Pact","Havoc"],"picked":"Body Slam"},{"not_picked":["Evolve","Twin Strike"],"picked":"Shockwave"},{"not_picked":["Thunderclap","Clash"],"picked":"Fire Breathing"}],"player_experience":134299,"potions_floor_usage":[7,7,16,18,25],"damage_taken":[{"damage":9,"enemies":"2 Louse","floor":1,"turns":2},{"damage":2,"enemies":"Small Slimes","floor":2,"turns":4},{"damage":15,"enemies":"Jaw Worm","floor":4,"turns":2},{"damage":19,"enemies":"Exordium Thugs","floor":6,"turns":4},{"damage":30,"enemies":"3 Sentries","floor":7,"turns":8},{"damage":14,"enemies":"Lots of Slimes","floor":10,"turns":4},{"damage":6,"enemies":"3 Louse","floor":11,"turns":3},{"damage":20,"enemies":"Lagavulin","floor":12,"turns":11},{"damage":10,"enemies":"Large Slime","floor":14,"turns":6},{"damage":35,"enemies":"The Guardian","floor":16,"turns":14},{"damage":8,"enemies":"Chosen","floor":18,"turns":5},{"damage":14,"enemies":"2 Thieves","floor":19,"turns":3},{"damage":16,"enemies":"Cultist and Chosen","floor":22,"turns":6},{"damage":16,"enemies":"Chosen and Byrds","floor":23,"turns":5},{"damage":42,"enemies":"Centurion and Healer","floor":24,"turns":5},{"damage":26,"enemies":"Snake Plant","floor":25,"turns":4}],"event_choices":[{"event_name":"Living Wall","player_choice":"Grow","floor":3,"damage_taken":0},{"event_name":"The Mausoleum","player_choice":"Yes","floor":21,"damage_taken":0}],"boss_relics":[{"not_picked":["Runic Dome","Runic Cube"],"picked":"Astrolabe"}],"potions_floor_spawned":[2,6,11,16,24],"seed_played":"-5455012637503302489","killed_by":"Snake Plant","ascension_level":0,"is_trial":false}