{"gold_per_floor":[118,118,43,58,75,75,91,19,90,56,56,86,98,124,136,245,257,288,300,339,351,363,375,399,411,423,452,364,381,45,45,45,45],"floor_reached":33,"playtime":1758,"items_purged":["Defend_R","Perfected Strike"],"score":308,"play_id":"4cd2c556-042e-46b2-9541-6cb9690b4417","local_time":"20181025220636","is_ascension_mode":true,"campfire_choices":[{"data":"Seeing Red","floor":6,"key":"SMITH"},{"data":"Spot Weakness","floor":11,"key":"SMITH"},{"data":"Inflame","floor":13,"key":"SMITH"},{"data":"Clothesline","floor":15,"key":"SMITH"},{"data":"RitualDagger","floor":23,"key":"SMITH"},{"data":"Heavy Blade","floor":25,"key":"SMITH"},{"floor":32,"key":"REST"}],"neow_cost":"NONE","seed_source_timestamp":125307009171,"circlet_count":0,"master_deck":["Bash","Spot Weakness+1","Heavy Blade","Seeing Red+1","Inflame","Inflame+1","Seeing Red","Clothesline+1","Heavy Blade+1","Havoc","Shrug It Off","Anger","Headbutt","Pommel Strike","Clash","Armaments+1","Iron Wave+1","RitualDagger+1","Cleave","Infernal Blade+1","Flex","Heavy Blade"],"relics":["Burning Blood","Mummified Hand","MawBank","Pandora\u0027s Box","MutagenicStrength","Red Mask","Pen Nib","Art of War","Bird Faced Urn"],"potions_floor_usage":[12,12,16,24,29],"damage_taken":[{"damage":3,"enemies":"2 Louse","floor":1,"turns":3},{"damage":0,"enemies":"Small Slimes","floor":4,"turns":3},{"damage":6,"enemies":"Cultist","floor":5,"turns":3},{"damage":2,"enemies":"Gremlin Gang","floor":7,"turns":4},{"damage":0,"enemies":"Gremlin Nob","floor":12,"turns":1},{"damage":22,"enemies":"Lots of Slimes","floor":14,"turns":3},{"damage":30,"enemies":"Hexaghost","floor":16,"turns":6},{"damage":6,"enemies":"Shell Parasite","floor":18,"turns":2},{"damage":37,"enemies":"Masked Bandits","floor":20,"turns":4},{"damage":7,"enemies":"Spheric Guardian","floor":24,"turns":3},{"damage":18,"enemies":"Shelled Parasite and Fungi","floor":27,"turns":4},{"damage":6,"enemies":"Snake Plant","floor":29,"turns":4},{"damage":35,"enemies":"Colosseum Slavers","floor":31,"turns":4},{"damage":58,"enemies":"Collector","floor":33,"turns":6}],"seed_played":"-5306930088993541930","potions_obtained":[{"floor":1,"key":"AttackPotion"},{"floor":7,"key":"Fire Potion"},{"floor":12,"key":"Dexterity Potion"},{"floor":18,"key":"EssenceOfSteel"},{"floor":24,"key":"Block Potion"}],"is_trial":false,"path_per_floor":["M","?","$","M","M","R","M","$","T","$","R","E","R","M","R","B",null,"M","?","?","T","?","R","M","R","T","M","$","M","$","?","R"],"character_chosen":"IRONCLAD","items_purchased":["Inflame","Seeing Red","Bird Faced Urn","Heavy Blade"],"campfire_rested":1,"item_purchase_floors":[8,10,30,30],"current_hp_per_floor":[88,70,70,76,76,76,80,80,80,80,80,86,86,70,70,46,88,88,88,57,57,51,51,50,50,50,38,38,38,38,13,39,0],"gold":45,"neow_bonus":"TEN_PERCENT_HP_BONUS","is_prod":false,"is_daily":false,"chose_seed":false,"campfire_upgraded":6,"win_rate":0,"timestamp":1540497996,"path_taken":["M","?","?","?","M","R","M","$","T","?","R","E","R","M","R","BOSS","M","?","?","?","?","R","M","R","T","M","?","M","$","?","R","BOSS"],"build_version":"2018-10-18","purchased_purges":2,"victory":false,"max_hp_per_floor":[88,88,88,88,88,88,88,88,88,88,88,88,88,88,88,88,88,88,88,88,88,88,88,88,88,88,88,88,88,88,88,88,88],"card_choices":[{"not_picked":["Twin Strike","Iron Wave"],"picked":"Spot Weakness","floor":1},{"not_picked":["Uppercut","Shockwave"],"picked":"Heavy Blade","floor":4},{"not_picked":["Pommel Strike","Reckless Charge"],"picked":"Seeing Red","floor":5},{"not_picked":["Cleave","Perfected Strike"],"picked":"Inflame","floor":7},{"not_picked":["Entrench","Sever Soul","True Grit"],"picked":"SKIP","floor":12},{"not_picked":["Pummel","Headbutt"],"picked":"Clothesline","floor":14},{"not_picked":["Thunderclap","Headbutt"],"picked":"Armaments+1","floor":18},{"not_picked":["Flex","Headbutt"],"picked":"Iron Wave+1","floor":20},{"not_picked":["Sentinel","Clothesline"],"picked":"Cleave","floor":24},{"not_picked":["Cleave","Thunderclap"],"picked":"Infernal Blade+1","floor":27},{"not_picked":["Twin Strike","Bloodletting"],"picked":"Flex","floor":29}],"player_experience":367783,"relics_obtained":[{"floor":9,"key":"Mummified Hand"},{"floor":12,"key":"MawBank"},{"floor":20,"key":"Red Mask"},{"floor":21,"key":"Pen Nib"},{"floor":26,"key":"Art of War"}],"event_choices":[{"damage_healed":0,"gold_gain":0,"player_choice":"Entered Light","damage_taken":18,"max_hp_gain":0,"max_hp_loss":0,"event_name":"Shining Light","floor":2,"gold_loss":0,"cards_upgraded":["Defend_R","Strike_R"]},{"damage_healed":0,"gold_gain":0,"player_choice":"Inject Mutagens","damage_taken":0,"relics_obtained":["MutagenicStrength"],"max_hp_gain":0,"max_hp_loss":0,"event_name":"Drug Dealer","floor":19,"gold_loss":0},{"damage_healed":0,"gold_gain":0,"player_choice":"Fought Bandits","damage_taken":0,"max_hp_gain":0,"max_hp_loss":0,"event_name":"Masked Bandits","floor":20,"gold_loss":0},{"damage_healed":0,"gold_gain":0,"player_choice":"Joined the Cult","damage_taken":6,"max_hp_gain":0,"max_hp_loss":0,"event_name":"Nest","floor":22,"gold_loss":0,"cards_obtained":["RitualDagger"]},{"damage_healed":0,"gold_gain":0,"player_choice":"Fight","damage_taken":0,"max_hp_gain":0,"max_hp_loss":0,"event_name":"Colosseum","floor":31,"gold_loss":0},{"damage_healed":0,"gold_gain":0,"player_choice":"Fled From Nobs","damage_taken":0,"max_hp_gain":0,"max_hp_loss":0,"event_name":"Colosseum","floor":31,"gold_loss":0}],"is_beta":false,"boss_relics":[{"not_picked":["Velvet Choker","Coffee Dripper"],"picked":"Pandora\u0027s Box"}],"items_purged_floors":[3,28],"is_endless":false,"potions_floor_spawned":[1,7,12,18,24,31],"killed_by":"Collector","ascension_level":3}