{"gold_per_floor":[115,40,60,71,86,86,99,114,114,132,146,177,177,194,194,194],"floor_reached":16,"playtime":738,"items_purged":["Defend_R"],"score":113,"play_id":"2dce0390-e747-421a-bec8-d7332ad33d47","local_time":"20180704022511","is_ascension_mode":true,"campfire_choices":[{"data":"Inflame","floor":6,"key":"SMITH"},{"data":"Dual Wield","floor":13,"key":"SMITH"},{"data":"Inflame","floor":15,"key":"SMITH"}],"neow_cost":"","seed_source_timestamp":16319967331529,"circlet_count":0,"master_deck":["Strike_R","Strike_R","Strike_R","Strike_R","Strike_R","Defend_R","Defend_R","Defend_R","Bash","Pommel Strike","Inflame+1","Inflame+1","Heavy Blade","Demon Form","Dual Wield+1","Flex"],"relics":["Burning Blood","Bag of Preparation","Champion Belt"],"potions_floor_usage":[5,10,11,14],"damage_taken":[{"damage":1,"enemies":"Cultist","floor":1,"turns":3},{"damage":10,"enemies":"Small Slimes","floor":3,"turns":3},{"damage":6,"enemies":"Jaw Worm","floor":4,"turns":3},{"damage":4,"enemies":"2 Fungi Beasts","floor":5,"turns":2},{"damage":0,"enemies":"Large Slime","floor":7,"turns":4},{"damage":16,"enemies":"Red Slaver","floor":8,"turns":4},{"damage":22,"enemies":"Exordium Thugs","floor":10,"turns":3},{"damage":2,"enemies":"Exordium Wildlife","floor":11,"turns":3},{"damage":36,"enemies":"Lagavulin","floor":12,"turns":5},{"damage":10,"enemies":"Looter","floor":14,"turns":3},{"damage":29,"enemies":"The Guardian","floor":16,"turns":4}],"seed_played":"-7018018229850582930","potions_obtained":[{"floor":3,"key":"Explosive Potion"},{"floor":7,"key":"Strength Potion"},{"floor":8,"key":"PowerPotion"},{"floor":10,"key":"EssenceOfSteel"},{"floor":12,"key":"Ancient Potion"}],"is_trial":false,"path_per_floor":["M","$","M","M","M","R","M","M","T","M","M","E","R","M","R"],"character_chosen":"IRONCLAD","items_purchased":[],"campfire_rested":0,"item_purchase_floors":[],"current_hp_per_floor":[80,80,76,76,78,78,80,70,70,54,58,28,28,24,24,0],"gold":194,"neow_bonus":"","is_prod":false,"is_daily":false,"chose_seed":false,"campfire_upgraded":3,"win_rate":0,"timestamp":1530663911,"path_taken":["M","$","?","M","M","R","M","M","T","M","M","E","R","?","R","BOSS"],"build_version":"2018-06-28","purchased_purges":1,"victory":false,"max_hp_per_floor":[80,80,80,80,80,80,80,80,80,80,80,80,80,80,80,80],"card_choices":[{"not_picked":["Heavy Blade","Pummel"],"picked":"Pommel Strike","floor":1},{"not_picked":["Wild Strike","Havoc"],"picked":"Inflame","floor":3},{"not_picked":["Thunderclap","Seeing Red","Havoc"],"picked":"SKIP","floor":4},{"not_picked":["Flex","True Grit"],"picked":"Inflame","floor":5},{"not_picked":["Rupture","Wild Strike","Disarm"],"picked":"SKIP","floor":7},{"not_picked":["Bloodletting","Fire Breathing"],"picked":"Heavy Blade","floor":8},{"not_picked":["Second Wind","Clothesline"],"picked":"Demon Form","floor":10},{"not_picked":["Dropkick","Anger","Twin Strike"],"picked":"SKIP","floor":11},{"not_picked":["Wild Strike","Perfected Strike"],"picked":"Dual Wield","floor":12},{"not_picked":["Second Wind","Dropkick"],"picked":"Flex","floor":14}],"player_experience":151706,"relics_obtained":[{"floor":9,"key":"Bag of Preparation"},{"floor":12,"key":"Champion Belt"}],"event_choices":[],"boss_relics":[],"items_purged_floors":[2],"is_endless":false,"potions_floor_spawned":[3,7,8,10,12],"killed_by":"The Guardian","ascension_level":1}