{"gold_per_floor":[19,19,19,19,19,54,54,64,134,6,26,26,52,63,63,168,168,178,178,62,82,2,2,31,42,69,83,103,103,115,127,127,222,222,242,296,188,188,33,33,67,67,67,67,67,67,83,101,101,101],"floor_reached":51,"playtime":5470,"items_purged":["Strike_G"],"score":776,"play_id":"0db065a9-9efe-443a-86d5-7356e084b922","local_time":"20181222213933","is_ascension_mode":true,"campfire_choices":[{"data":"Neutralize","floor":7.0,"key":"SMITH"},{"data":"Quick Slash","floor":12.0,"key":"SMITH"},{"floor":15.0,"key":"REST"},{"data":"Noxious Fumes","floor":23.0,"key":"SMITH"},{"data":"Survivor","floor":32,"key":"SMITH"},{"data":"Accuracy","floor":40,"key":"SMITH"},{"data":"Finisher","floor":42,"key":"SMITH"},{"floor":44,"key":"REST"},{"data":"Infinite Blades","floor":46,"key":"SMITH"},{"floor":49,"key":"REST"}],"neow_cost":"NO_GOLD","seed_source_timestamp":0,"circlet_count":0,"master_deck":["Defend_G","Defend_G","Defend_G","Defend_G","Defend_G","Strike_G","Strike_G","Survivor+1","Neutralize+1","Prepared+1","Cloak And Dagger+1","Bandage Up+1","Setup+1","Quick Slash+1","Bouncing Flask+1","Blade Dance+1","Storm of Steel+1","Noxious Fumes+1","Noxious Fumes+1","Cloak And Dagger+1","Backflip+1","Crippling Poison+1","Outmaneuver+1","PiercingWail+1","Leg Sweep+1","Cloak And Dagger+1","Storm of Steel+1","Bullet Time+1","Backflip+1","Envenom","Skewer","Prepared+1","Accuracy+1","Chrysalis+1","Infinite Blades+1","Deadly Poison+1","Finisher+1","Bouncing Flask+1","Deadly Poison+1","Expertise+1"],"special_seed":0,"relics":["Ring of the Snake","Toxic Egg 2","Ice Cream","Shuriken","Omamori","Runic Pyramid","Lantern","Anchor","Bronze Scales","Lizard Tail","Tingsha","Bottled Lightning","Kunai","Paper Crane"],"potions_floor_usage":[28,36,36,36,36,41,41,41,48,50,50,50],"damage_taken":[{"damage":1.0,"enemies":"Cultist","floor":1.0,"turns":5.0},{"damage":34.0,"enemies":"3 Sentries","floor":6.0,"turns":20.0},{"damage":2.0,"enemies":"2 Louse","floor":8.0,"turns":4.0},{"damage":0.0,"enemies":"Jaw Worm","floor":11.0,"turns":4.0},{"damage":21.0,"enemies":"Lagavulin","floor":13.0,"turns":6.0},{"damage":2.0,"enemies":"Exordium Thugs","floor":14.0,"turns":4.0},{"damage":35.0,"enemies":"The Guardian","floor":16.0,"turns":8.0},{"damage":6.0,"enemies":"Chosen","floor":18.0,"turns":4.0},{"damage":12.0,"enemies":"Shell Parasite","floor":21.0,"turns":4.0},{"damage":30.0,"enemies":"Slavers","floor":24.0,"turns":3.0},{"damage":2.0,"enemies":"Cultist and Chosen","floor":25.0,"turns":4.0},{"damage":3.0,"enemies":"Chosen and Byrds","floor":27.0,"turns":4.0},{"damage":9,"enemies":"3 Cultists","floor":28,"turns":5},{"damage":7,"enemies":"Cultist and Chosen","floor":30,"turns":5},{"damage":0,"enemies":"Centurion and Healer","floor":31,"turns":4},{"damage":18,"enemies":"Automaton","floor":33,"turns":8},{"damage":0,"enemies":"Orb Walker","floor":35,"turns":2},{"damage":12,"enemies":"2 Orb Walkers","floor":36,"turns":5},{"damage":34,"enemies":"Nemesis","floor":41,"turns":7},{"damage":12,"enemies":"3 Shapes","floor":47,"turns":3},{"damage":5,"enemies":"Maw","floor":48,"turns":6},{"damage":87,"enemies":"Awakened One","floor":50,"turns":9}],"seed_played":"4237368233836186782","potions_obtained":[{"floor":1.0,"key":"Weak Potion"},{"floor":5.0,"key":"SpeedPotion"},{"floor":5.0,"key":"GamblersBrew"},{"floor":8.0,"key":"LiquidBronze"},{"floor":25.0,"key":"EntropicBrew"},{"floor":28,"key":"Weak Potion"},{"floor":33,"key":"GamblersBrew"},{"floor":35,"key":"GhostInAJar"},{"floor":47,"key":"Dexterity Potion"},{"floor":48,"key":"PowerPotion"}],"is_trial":false,"path_per_floor":["M","?","$","T","?","E","R","M","T","$","M","R","E","M","R","B",null,"M","?","$","M","$","R","E","M","T","M","M","M","?","M","M","R","B",null,"M","?","$","?","$","R","E","R","T","R","T","R","M","M","R","B",null],"character_chosen":"THE_SILENT","items_purchased":["Bandage Up+1","Setup+1","Noxious Fumes","Cloak And Dagger+1","Crippling Poison+1","Accuracy","Infinite Blades","Deadly Poison+1","Finisher"],"campfire_rested":3,"item_purchase_floors":[10,10,20,20,22,37,39,39,39],"current_hp_per_floor":[69,70,70,70,70,36,36,34,34,34,40,40,25,29,50,21,70,70,70,70,64,64,64,40,44,44,47,44,44,43,49,49,37,70,70,64,64,64,64,64,36,36,36,57,57,57,51,52,70,35],"gold":101,"neow_bonus":"REMOVE_TWO","is_prod":false,"is_daily":false,"chose_seed":false,"campfire_upgraded":7,"win_rate":0,"timestamp":1545511173,"path_taken":["M","?","$","?","?","E","R","M","T","$","?","R","E","?","R","BOSS","M","?","$","M","$","R","E","M","T","M","M","?","M","M","R","BOSS","M","?","$","?","$","R","E","R","T","R","?","R","?","M","R","BOSS"],"build_version":"2018-12-20","purchased_purges":1,"victory":true,"max_hp_per_floor":[70,70,70,70,70,70,70,70,70,70,70,70,70,70,70,70,70,70,70,70,70,70,70,70,70,70,70,70,70,70,70,70,70,70,70,70,70,70,70,70,70,70,70,70,70,70,70,70,70,70],"card_choices":[{"not_picked":["Acrobatics","Underhanded Strike"],"picked":"Dagger Spray","floor":1.0},{"not_picked":["Predator","Underhanded Strike"],"picked":"Prepared+1","floor":6.0},{"not_picked":["Dodge and Roll+1","Backflip+1"],"picked":"Cloak And Dagger+1","floor":8.0},{"not_picked":["Concentrate+1","Sucker Punch"],"picked":"Quick Slash","floor":11.0},{"not_picked":["Dagger Spray","Poisoned Stab"],"picked":"Bouncing Flask+1","floor":13.0},{"not_picked":["Heel Hook","Flechettes"],"picked":"Blade Dance+1","floor":14.0},{"not_picked":["Doppelganger+1","After Image"],"picked":"Storm of Steel+1","floor":16.0},{"not_picked":["Flying Knee+1","Underhanded Strike+1"],"picked":"Noxious Fumes+1","floor":18.0},{"not_picked":["Slice+1","Acrobatics+1"],"picked":"Backflip+1","floor":21.0},{"not_picked":["Dagger Throw+1","Calculated Gamble+1"],"picked":"Outmaneuver+1","floor":24.0},{"not_picked":["Tactician+1","Masterful Stab+1"],"picked":"PiercingWail+1","floor":25.0},{"not_picked":["Deflect+1","Footwork"],"picked":"Leg Sweep+1","floor":27},{"not_picked":["Dagger Throw","Choke"],"picked":"Cloak And Dagger+1","floor":28},{"not_picked":["Cloak And Dagger+1","Blade Dance+1"],"picked":"Bullet Time+1","floor":30},{"not_picked":["Sucker Punch","Flying Knee"],"picked":"Backflip+1","floor":31},{"not_picked":["Malaise+1","Tools of the Trade"],"picked":"Envenom","floor":33},{"not_picked":["Sucker Punch","Calculated Gamble+1"],"picked":"Skewer","floor":35},{"not_picked":["Poisoned Stab","Underhanded Strike"],"picked":"Prepared+1","floor":36},{"not_picked":["Forethought+1","Dramatic Entrance"],"picked":"Chrysalis+1","floor":38},{"not_picked":["Endless Agony+1","Backflip+1"],"picked":"Bouncing Flask+1","floor":41},{"not_picked":["Prepared+1","Endless Agony"],"picked":"Deadly Poison+1","floor":47},{"not_picked":["Blade Dance+1","Deadly Poison+1"],"picked":"Expertise+1","floor":48}],"player_experience":439165,"relics_obtained":[{"floor":4.0,"key":"Toxic Egg 2"},{"floor":6.0,"key":"Ice Cream"},{"floor":9.0,"key":"Shuriken"},{"floor":13.0,"key":"Omamori"},{"floor":24.0,"key":"Anchor"},{"floor":26.0,"key":"Bronze Scales"},{"floor":36,"key":"Tingsha"},{"floor":41,"key":"Bottled Lightning"},{"floor":43,"key":"Kunai"},{"floor":45,"key":"Paper Crane"}],"event_choices":[{"cards_removed":["Dagger Spray"],"damage_healed":5.0,"max_hp_gain":0.0,"max_hp_loss":0.0,"gold_gain":0.0,"event_name":"Bonfire Elementals","player_choice":"Offered Common","floor":2.0,"gold_loss":0.0,"damage_taken":0.0},{"cards_removed":["Dagger Spray"],"damage_healed":5.0,"max_hp_gain":0.0,"max_hp_loss":0.0,"gold_gain":0.0,"event_name":"Bonfire Elementals","player_choice":"Offered Special","floor":2.0,"gold_loss":0.0,"damage_taken":0.0},{"damage_healed":0.0,"max_hp_gain":0.0,"max_hp_loss":0.0,"gold_gain":0.0,"event_name":"Lab","player_choice":"Got Potions","floor":5.0,"gold_loss":0.0,"damage_taken":0.0},{"damage_healed":0.0,"max_hp_gain":0.0,"max_hp_loss":0.0,"gold_gain":0.0,"event_name":"Addict","player_choice":"Stole Relic","floor":19.0,"gold_loss":0.0,"damage_taken":0.0,"relics_obtained":["Lantern"],"cards_obtained":["Shame"]},{"damage_healed":0,"gold_gain":0,"player_choice":"Copied","damage_taken":0,"max_hp_gain":0,"max_hp_loss":0,"event_name":"Duplicator","floor":29,"gold_loss":0,"cards_obtained":["Storm of Steel"]},{"damage_healed":0,"gold_gain":0,"player_choice":"Fight","damage_taken":0,"max_hp_gain":0,"max_hp_loss":0,"event_name":"Mysterious Sphere","floor":36,"gold_loss":0},{"damage_healed":0,"gold_gain":0,"player_choice":"Memory 1","damage_taken":0,"max_hp_gain":0,"max_hp_loss":0,"event_name":"SensoryStone","floor":38,"gold_loss":0}],"is_beta":false,"boss_relics":[{"not_picked":["Snecko Eye","Busted Crown"],"picked":"Runic Pyramid"},{"not_picked":["Empty Cage","Coffee Dripper"],"picked":"Lizard Tail"}],"items_purged_floors":[37],"is_endless":false,"potions_floor_spawned":[1,8,25,28,33,35,47,48],"ascension_level":3}