{"gold_per_floor":[114,114,125,225,83,83,417,432,432,463,463,101,121,121,121,121],"floor_reached":16,"playtime":836,"items_purged":["Defend_R","Defend_R"],"score":113,"play_id":"e04ce837-7352-4671-b300-d6b743e4e6b5","local_time":"20180703233830","is_ascension_mode":true,"campfire_choices":[{"data":"Inflame","floor":6,"key":"SMITH"},{"data":"Dual Wield","floor":15,"key":"SMITH"}],"neow_cost":"NONE","seed_source_timestamp":6220314549756,"circlet_count":0,"master_deck":["Strike_R","Strike_R","Strike_R","Strike_R","Defend_R+1","Bash","Inflame+1","Dual Wield+1","Shrug It Off+1","Clash"],"relics":["Burning Blood","Old Coin","Bird Faced Urn","War Paint","Bottled Tornado"],"potions_floor_usage":[7,10,10],"damage_taken":[{"damage":11,"enemies":"Jaw Worm","floor":1,"turns":3},{"damage":6,"enemies":"Cultist","floor":3,"turns":3},{"damage":62,"enemies":"Gremlin Nob","floor":7,"turns":5},{"damage":8,"enemies":"Small Slimes","floor":8,"turns":3},{"damage":20,"enemies":"3 Sentries","floor":10,"turns":8},{"damage":5,"enemies":"Red Slaver","floor":13,"turns":2},{"damage":32,"enemies":"The Guardian","floor":16,"turns":2}],"seed_played":"5669872424759786395","potions_obtained":[{"floor":1,"key":"GamblersBrew"},{"floor":2,"key":"Regen Potion"},{"floor":2,"key":"LiquidBronze"},{"floor":3,"key":"EssenceOfSteel"},{"floor":8,"key":"PowerPotion"}],"is_trial":false,"path_per_floor":["M","?","M","?","$","R","E","M","T","E","?","$","M","?","R"],"character_chosen":"IRONCLAD","items_purchased":["Dual Wield","Bottled Tornado"],"campfire_rested":0,"item_purchase_floors":[5,12],"current_hp_per_floor":[75,75,75,75,75,75,29,27,27,17,17,17,20,20,20,0],"gold":121,"neow_bonus":"THREE_CARDS","is_prod":false,"is_daily":false,"chose_seed":false,"campfire_upgraded":2,"win_rate":0,"timestamp":1530653910,"path_taken":["M","?","?","?","$","R","E","M","T","E","?","$","M","?","R","BOSS"],"build_version":"2018-06-28","purchased_purges":2,"victory":false,"max_hp_per_floor":[80,80,80,80,80,80,80,80,80,80,80,80,80,80,80,80],"card_choices":[{"not_picked":["Warcry","Corruption"],"picked":"Inflame","floor":0},{"not_picked":["Corruption","Wild Strike","Twin Strike"],"picked":"SKIP","floor":1},{"not_picked":["Corruption","True Grit","Twin Strike"],"picked":"SKIP","floor":3},{"not_picked":["Fire Breathing","Battle Trance"],"picked":"Shrug It Off","floor":7},{"not_picked":["Thunderclap","Clothesline","Searing Blow"],"picked":"SKIP","floor":8},{"not_picked":["Entrench","Dropkick"],"picked":"Clash","floor":10},{"not_picked":["Anger","Shrug It Off","Searing Blow"],"picked":"SKIP","floor":13}],"player_experience":143167,"relics_obtained":[{"floor":7,"key":"Old Coin"},{"floor":9,"key":"Bird Faced Urn"},{"floor":10,"key":"War Paint"}],"event_choices":[{"event_name":"The Lab","player_choice":"Got Potions","floor":2,"damage_taken":0},{"event_name":"Golden Shrine","player_choice":"Pray","floor":4,"damage_taken":0},{"event_name":"Living Wall","player_choice":"Forget","floor":11,"damage_taken":0},{"event_name":"Bonfire Elementals","player_choice":"BASIC","floor":14,"damage_taken":0}],"boss_relics":[],"items_purged_floors":[5,12],"is_endless":false,"potions_floor_spawned":[1,3,8],"killed_by":"The Guardian","ascension_level":1}