{"path_per_floor":["M","$","M","M","?","R","E","?","T","$","E","T","M","M","R","B",null,"M","M","M","?","M","R","M"],"character_chosen":"IRONCLAD","items_purchased":["Armaments"],"gold_per_floor":[113,12,30,42,7,7,33,33,114,14,40,88,105,121,121,217,217,230,243,257,257,276,276,290],"floor_reached":25,"campfire_rested":1,"playtime":2400,"current_hp_per_floor":[67,67,73,69,80,80,61,61,61,61,56,56,53,59,59,27,87,86,46,30,30,32,58,34],"items_purged":["Defend_R","Defend_R"],"gold":290,"score":215,"play_id":"a77f4146-75aa-4653-a324-db69201861b7","is_prod":false,"is_daily":false,"is_ascension_mode":false,"campfire_upgraded":2,"path_taken":["M","$","M","M","?","R","E","?","T","$","E","?","M","M","R","BOSS","M","M","M","?","M","R","M","E"],"build_version":"2018-02-12-PROD1","purchased_purges":2,"victory":false,"master_deck":["Strike_R+1","Strike_R+1","Strike_R+1","Strike_R+1","Strike_R+1","Defend_R+1","Bash+1","Armaments","Armaments","Pommel Strike","Perfected Strike+1","Iron Wave","Iron Wave","Headbutt","Dual Wield","Sword Boomerang","Limit Break","Headbutt","Flex+1","Bloodletting+1","Clothesline","Reaper"],"max_hp_per_floor":[80,80,80,80,80,80,80,80,80,80,87,87,87,87,87,87,87,87,87,87,87,87,87,87],"relics":["Burning Blood","Ginger","Kunai","Strawberry","Vajra","White Beast Statue"],"card_choices":[{"not_picked":["Pommel Strike","Sword Boomerang"],"picked":"Armaments"},{"not_picked":["Hemokinesis","Searing Blow"],"picked":"Pommel Strike"},{"not_picked":["Second Wind","Disarm"],"picked":"Perfected Strike"},{"not_picked":["Uppercut","Impervious"],"picked":"Iron Wave"},{"not_picked":["Clothesline","Intimidate"],"picked":"Headbutt"},{"not_picked":["Searing Blow","Anger"],"picked":"Dual Wield"},{"not_picked":["Clothesline","Blood for Blood"],"picked":"Sword Boomerang"},{"not_picked":["Reaper","Juggernaut"],"picked":"Limit Break"},{"not_picked":["Heavy Blade","Wild Strike"],"picked":"Headbutt"},{"not_picked":["Disarm","Bloodletting"],"picked":"Flex"},{"not_picked":["Power Through","Armaments"],"picked":"Bloodletting"},{"not_picked":["True Grit","Body Slam"],"picked":"Clothesline"},{"not_picked":["Burning Pact","True Grit"],"picked":"Reaper"}],"player_experience":81899,"potions_floor_usage":[11,16,16,18,19,22,24,25],"damage_taken":[{"damage":19,"enemies":"Blue Slaver","floor":1,"turns":4},{"damage":0,"enemies":"Small Slimes","floor":3,"turns":3},{"damage":10,"enemies":"2 Louse","floor":4,"turns":3},{"damage":25,"enemies":"3 Sentries","floor":7,"turns":6},{"damage":18,"enemies":"Lagavulin","floor":11,"turns":4},{"damage":9,"enemies":"Exordium Wildlife","floor":13,"turns":3},{"damage":0,"enemies":"2 Fungi Beasts","floor":14,"turns":2},{"damage":38,"enemies":"Hexaghost","floor":16,"turns":7},{"damage":7,"enemies":"Spheric Guardian","floor":18,"turns":4},{"damage":46,"enemies":"2 Thieves","floor":19,"turns":4},{"damage":22,"enemies":"Snecko","floor":20,"turns":4},{"damage":19,"enemies":"Centurion and Healer","floor":22,"turns":6},{"damage":30,"enemies":"Sentry and Sphere","floor":24,"turns":4},{"damage":44,"enemies":"Book of Stabbing","floor":25,"turns":5}],"event_choices":[{"event_name":"The Cleric","player_choice":"Healed","floor":5,"damage_taken":0},{"event_name":"Living Wall","player_choice":"Change","floor":8,"damage_taken":0},{"event_name":"Back to Basics","player_choice":"Simplicity","floor":21,"damage_taken":0}],"boss_relics":[{"not_picked":["Mark of Pain","Eternal Feather"],"picked":"White Beast Statue"}],"potions_floor_spawned":[7,13,14,16,18,19,20,22,24],"seed_played":"-8335903050848488628","killed_by":"Book of Stabbing","ascension_level":0,"is_trial":false}