{"gold_per_floor":[111,111,186,39,59,91,91,101,127,141,159,129,141,155,155,155],"floor_reached":16,"playtime":1105,"items_purged":["Strike_G"],"score":181,"play_id":"5961499f-020c-4e27-a8e0-389014f9f120","local_time":"20190904020445","is_ascension_mode":true,"campfire_choices":[{"data":"Unload","floor":7,"key":"SMITH"},{"floor":15,"key":"REST"}],"neow_cost":"NONE","seed_source_timestamp":17317085203600,"circlet_count":0,"master_deck":["Strike_G","Strike_G","Strike_G","Strike_G","Defend_G","Defend_G","Defend_G","Defend_G","Defend_G","Survivor+1","Neutralize","Tactician+1","Well Laid Plans","Unload+1","Outmaneuver","Outmaneuver","Blur","Escape Plan","Acrobatics","Dagger Throw"],"relics":["Ring of the Snake","NeowsBlessing","War Paint","Oddly Smooth Stone"],"potions_floor_usage":[11,11,11],"damage_taken":[{"damage":0,"enemies":"Jaw Worm","floor":1,"turns":1},{"damage":0,"enemies":"Cultist","floor":5,"turns":1},{"damage":0,"enemies":"3 Sentries","floor":6,"turns":1},{"damage":0,"enemies":"2 Louse","floor":8,"turns":3},{"damage":15,"enemies":"Large Slime","floor":10,"turns":8},{"damage":20,"enemies":"Exordium Wildlife","floor":11,"turns":8},{"damage":2,"enemies":"Looter","floor":12,"turns":4},{"damage":0,"enemies":"Red Slaver","floor":13,"turns":4},{"damage":8,"enemies":"3 Louse","floor":14,"turns":5},{"damage":53,"enemies":"Slime Boss","floor":16,"turns":10}],"seed_played":"2836448121714182784","potions_obtained":[{"floor":5,"key":"Swift Potion"},{"floor":6,"key":"Regen Potion"},{"floor":10,"key":"EssenceOfSteel"}],"is_trial":false,"path_per_floor":["M","?","?","$","M","E","R","M","T","M","M","M","M","M","R","B"],"character_chosen":"THE_SILENT","items_purchased":["Well Laid Plans"],"campfire_rested":1,"item_purchase_floors":[4],"current_hp_per_floor":[63,68,57,57,57,57,57,57,57,42,37,35,35,27,49,0],"gold":155,"neow_bonus":"THREE_ENEMY_KILL","is_prod":false,"is_daily":false,"chose_seed":false,"campfire_upgraded":1,"win_rate":0,"timestamp":1567555485,"path_taken":["M","?","?","$","M","E","R","M","T","M","M","M","M","M","R","BOSS"],"build_version":"2019-07-17","purchased_purges":1,"victory":false,"max_hp_per_floor":[70,75,75,75,75,75,75,75,75,75,75,75,75,75,75,75],"card_choices":[{"not_picked":["Bane","Flying Knee"],"picked":"Tactician","floor":1},{"not_picked":["Masterful Stab","Quick Slash","Poisoned Stab"],"picked":"SKIP","floor":5},{"not_picked":["Predator","Accuracy"],"picked":"Unload","floor":6},{"not_picked":["Eviscerate","PiercingWail"],"picked":"Outmaneuver","floor":8},{"not_picked":["Dagger Throw","Predator"],"picked":"Outmaneuver","floor":10},{"not_picked":["Leg Sweep","PiercingWail"],"picked":"Blur","floor":11},{"not_picked":["Expertise","PiercingWail"],"picked":"Escape Plan","floor":12},{"not_picked":["Expertise","Heel Hook"],"picked":"Acrobatics","floor":13},{"not_picked":["Backstab","Riddle With Holes"],"picked":"Dagger Throw","floor":14}],"player_experience":612233,"relics_obtained":[{"floor":6,"key":"War Paint"},{"floor":9,"key":"Oddly Smooth Stone"}],"event_choices":[{"damage_healed":0,"gold_gain":0,"player_choice":"Donut","damage_taken":0,"max_hp_gain":5,"max_hp_loss":0,"event_name":"Big Fish","floor":2,"gold_loss":0},{"damage_healed":0,"gold_gain":75,"player_choice":"Gather Gold","damage_taken":11,"max_hp_gain":0,"max_hp_loss":0,"event_name":"World of Goop","floor":3,"gold_loss":0}],"is_beta":false,"boss_relics":[],"items_purged_floors":[4],"is_endless":false,"potions_floor_spawned":[5,6,10],"killed_by":"Slime Boss","ascension_level":8}