{"gold_per_floor":[112,112,212,224,242,270,280,250,250,266,266,283,283,24,24,126,126,138,138,138,152,152],"floor_reached":22,"playtime":1815,"items_purged":[],"score":214,"play_id":"c64a4402-234b-4e22-99a0-55f2ae0eca5c","local_time":"20181109015136","is_ascension_mode":true,"campfire_choices":[{"floor":11,"key":"REST"},{"floor":13,"key":"REST"},{"floor":15,"key":"REST"}],"neow_cost":"NONE","seed_source_timestamp":23449683093811,"circlet_count":0,"master_deck":["Defend_G","Defend_G","Defend_G","Defend_G","Strike_G","Strike_G","Strike_G","Survivor","Neutralize","Quick Slash","Dodge and Roll","Escape Plan","Cloak And Dagger","Backflip","Backflip","Quick Slash","Blade Dance","Storm of Steel","Flash of Steel","Deadly Poison","Doppelganger","Outmaneuver","Distraction","Riddle With Holes","Terror+1"],"relics":["Ring of the Snake","Ice Cream","Mummified Hand","WristBlade"],"potions_floor_usage":[6,22,22,22],"damage_taken":[{"damage":3,"enemies":"Cultist","floor":1,"turns":4},{"damage":4,"enemies":"2 Louse","floor":4,"turns":3},{"damage":6,"enemies":"Jaw Worm","floor":5,"turns":7},{"damage":29,"enemies":"3 Sentries","floor":6,"turns":13},{"damage":5,"enemies":"Large Slime","floor":7,"turns":10},{"damage":0,"enemies":"Looter","floor":8,"turns":4},{"damage":25,"enemies":"Exordium Thugs","floor":10,"turns":8},{"damage":15,"enemies":"Gremlin Gang","floor":12,"turns":4},{"damage":35,"enemies":"The Guardian","floor":16,"turns":14},{"damage":15,"enemies":"Chosen","floor":18,"turns":4},{"damage":17,"enemies":"Shell Parasite","floor":21,"turns":4},{"damage":35,"enemies":"Masked Bandits","floor":22,"turns":3}],"seed_played":"-7945426480593280363","potions_obtained":[{"floor":5,"key":"GamblersBrew"},{"floor":10,"key":"Dexterity Potion"},{"floor":12,"key":"Poison Potion"},{"floor":16,"key":"Explosive Potion"},{"floor":18,"key":"SkillPotion"}],"is_trial":false,"path_per_floor":["M","?","?","M","M","E","M","M","T","M","R","M","R","$","R","B",null,"M","?","?","M","?"],"character_chosen":"THE_SILENT","items_purchased":["Storm of Steel","Flash of Steel","Deadly Poison"],"campfire_rested":3,"item_purchase_floors":[14,14,14],"current_hp_per_floor":[74,74,74,70,64,35,30,30,30,5,28,13,36,36,59,24,77,62,48,48,31,0],"gold":152,"neow_bonus":"TEN_PERCENT_HP_BONUS","is_prod":false,"is_daily":false,"chose_seed":false,"campfire_upgraded":0,"win_rate":0,"timestamp":1541724696,"path_taken":["M","?","?","M","M","E","M","M","T","?","R","M","R","$","R","BOSS","M","?","?","M","?"],"build_version":"2018-11-01","purchased_purges":0,"victory":false,"max_hp_per_floor":[77,77,77,77,77,77,77,77,77,77,77,77,77,77,77,77,77,77,82,82,82,82],"card_choices":[{"not_picked":["Backflip","Riddle With Holes"],"picked":"Quick Slash","floor":1},{"not_picked":["Well Laid Plans","Eviscerate"],"picked":"Dodge and Roll","floor":4},{"not_picked":["Well Laid Plans","Bane"],"picked":"Escape Plan","floor":5},{"not_picked":["Well Laid Plans","Catalyst"],"picked":"Cloak And Dagger","floor":6},{"not_picked":["Acrobatics","Underhanded Strike"],"picked":"Backflip","floor":7},{"not_picked":["Slice","Heel Hook"],"picked":"Backflip","floor":8},{"not_picked":["Flying Knee","All Out Attack"],"picked":"Quick Slash","floor":10},{"not_picked":["Bouncing Flask","Prepared"],"picked":"Blade Dance","floor":12},{"not_picked":["Die Die Die","Wraith Form v2"],"picked":"Doppelganger","floor":16},{"not_picked":["Cloak And Dagger","Dagger Throw"],"picked":"Outmaneuver","floor":18},{"not_picked":["PiercingWail+1","Underhanded Strike"],"picked":"Terror+1","floor":21}],"player_experience":381546,"relics_obtained":[{"floor":6,"key":"Ice Cream"},{"floor":9,"key":"Mummified Hand"}],"event_choices":[{"cards_removed":["Strike_G"],"damage_healed":0,"gold_gain":0,"player_choice":"Forget","damage_taken":0,"max_hp_gain":0,"max_hp_loss":0,"event_name":"Living Wall","floor":2,"gold_loss":0},{"damage_healed":0,"gold_gain":100,"player_choice":"Pray","damage_taken":0,"max_hp_gain":0,"max_hp_loss":0,"event_name":"Golden Shrine","floor":3,"gold_loss":0},{"damage_healed":0,"gold_gain":0,"player_choice":"Shed Blood","damage_taken":19,"max_hp_gain":5,"max_hp_loss":0,"event_name":"Forgotten Altar","floor":19,"gold_loss":0},{"damage_healed":0,"gold_gain":0,"cards_transformed":["Strike_G","Defend_G"],"player_choice":"Became Test Subject","damage_taken":0,"max_hp_gain":0,"max_hp_loss":0,"event_name":"Drug Dealer","floor":20,"gold_loss":0,"cards_obtained":["Distraction","Riddle With Holes"]},{"damage_healed":0,"gold_gain":0,"player_choice":"Fought Bandits","damage_taken":0,"max_hp_gain":0,"max_hp_loss":0,"event_name":"Masked Bandits","floor":22,"gold_loss":0}],"is_beta":false,"boss_relics":[{"not_picked":["Velvet Choker","Tiny House"],"picked":"WristBlade"}],"items_purged_floors":[],"is_endless":false,"potions_floor_spawned":[5,10,12,16,18],"killed_by":"Masked Bandits","ascension_level":3}