{"path_per_floor":["M","?","M","?","$","R","E","M","T","?","E","?","R","M","R","B",null,"M","?","?","M","$","E","R","$","T","R","T","M","E","M","R"],"character_chosen":"DEFECT","items_purchased":["Hello World","Loop"],"gold_per_floor":[111,111,128,78,7,7,36,50,50,50,79,79,79,97,97,200,200,219,244,244,263,114,148,148,48,96,96,119,129,160,179,179,179],"floor_reached":33,"campfire_rested":1,"playtime":4636,"item_purchase_floors":[],"current_hp_per_floor":[86,68,68,68,68,68,50,48,48,48,19,19,19,13,39,22,89,71,57,44,41,41,39,39,39,39,39,39,22,26,26,26,0],"items_purged":["Doubt","Defend_B"],"gold":179,"score":316,"play_id":"5c716411-883d-4d14-8613-a36868b2d5c3","local_time":"20180611005939","is_prod":false,"is_daily":false,"chose_seed":false,"is_ascension_mode":false,"campfire_upgraded":5,"win_rate":0,"timestamp":1528671579,"campfire_choices":[{"data":"Sunder","floor":6.0,"key":"SMITH"},{"data":"Genetic Algorithm","floor":13.0,"key":"SMITH"},{"floor":15.0,"key":"REST"},{"data":"Reboot","floor":24,"key":"SMITH"},{"data":"Loop","floor":27,"key":"SMITH"},{"data":"Double Energy","floor":32,"key":"SMITH"}],"path_taken":["M","?","M","?","?","R","E","M","T","?","E","?","R","?","R","BOSS","M","?","?","M","$","E","R","$","T","R","?","?","E","M","R","BOSS"],"build_version":"2018-06-07v3","seed_source_timestamp":0,"purchased_purges":2,"victory":false,"master_deck":["Strike_B","Strike_B+1","Strike_B+1","Strike_B","Defend_B+1","Defend_B+1","Zap","Dualcast","Sunder+1","Double Energy+1","Hello World","Genetic Algorithm+1","Genetic Algorithm+1","Cold Snap","Rebound","Reboot+1","Turbo+1","Redo+1","Ghostly","Ghostly","Ghostly","Ghostly","Ghostly","BootSequence+1","Loop+1","Ball Lightning+1","Loop","Capacitor","Capacitor+1"],"max_hp_per_floor":[89,89,89,89,89,89,89,89,89,89,89,89,89,89,89,89,89,89,89,44,44,44,44,44,44,44,44,44,44,44,44,44,44],"relics":["Cracked Core","Dead Branch","Unceasing Top","Whetstone","White Beast Statue","Red Mask","Happy Flower","Pen Nib","Art of War","Potion Belt"],"card_choices":[{"not_picked":["Coolheaded","Static Discharge"],"picked":"Sunder","floor":1.0},{"not_picked":["Stack","Aggregate"],"picked":"Double Energy","floor":3.0},{"not_picked":["Hello World","Ball Lightning"],"picked":"Genetic Algorithm","floor":7.0},{"not_picked":["Cold Snap","White Noise"],"picked":"Genetic Algorithm","floor":8.0},{"not_picked":["Turbo","Leap"],"picked":"Cold Snap","floor":11.0},{"not_picked":["Force Field","Leap"],"picked":"Rebound","floor":14.0},{"not_picked":["Biased Cognition","Multi-Cast"],"picked":"Reboot","floor":16},{"not_picked":["Sweeping Beam","Compile Driver"],"picked":"Turbo+1","floor":18},{"not_picked":["Rip and Tear","Hologram+1"],"picked":"Redo+1","floor":19},{"not_picked":["Leap+1","Chaos"],"picked":"BootSequence+1","floor":21},{"not_picked":["Compile Driver","Heatsinks"],"picked":"Ball Lightning+1","floor":23},{"not_picked":["Cold Snap","Chill+1"],"picked":"Loop","floor":29},{"not_picked":["Melter","Genetic Algorithm"],"picked":"Capacitor","floor":30},{"not_picked":["Stack","Conserve Battery+1"],"picked":"Capacitor+1","floor":31}],"player_experience":99551,"potions_floor_usage":[16,16,18,19,29,29,30,33,33],"damage_taken":[{"damage":3.0,"enemies":"Small Slimes","floor":1.0,"turns":3.0},{"damage":0.0,"enemies":"2 Louse","floor":3.0,"turns":2.0},{"damage":18.0,"enemies":"Lagavulin","floor":7.0,"turns":9.0},{"damage":2.0,"enemies":"Jaw Worm","floor":8.0,"turns":3.0},{"damage":41.0,"enemies":"Gremlin Nob","floor":11.0,"turns":4.0},{"damage":6.0,"enemies":"Large Slime","floor":14.0,"turns":7.0},{"damage":17,"enemies":"Slime Boss","floor":16,"turns":7},{"damage":18,"enemies":"Chosen","floor":18,"turns":5},{"damage":14,"floor":19,"turns":5},{"damage":3,"enemies":"Spheric Guardian","floor":21,"turns":4},{"damage":2,"enemies":"Slavers","floor":23,"turns":5},{"damage":17,"enemies":"3 Cultists","floor":29,"turns":5},{"damage":18,"enemies":"Gremlin Leader","floor":30,"turns":8},{"damage":0,"enemies":"Snecko","floor":31,"turns":5},{"damage":39,"enemies":"Champ","floor":33,"turns":8}],"relics_obtained":[{"floor":7.0,"key":"Dead Branch"},{"floor":9.0,"key":"Unceasing Top"},{"floor":11.0,"key":"Whetstone"},{"floor":19,"key":"Red Mask"},{"floor":23,"key":"Happy Flower"},{"floor":26,"key":"Pen Nib"},{"floor":28,"key":"Art of War"},{"floor":30,"key":"Potion Belt"}],"event_choices":[{"event_name":"Shining Light","player_choice":"Entered Light","floor":2.0,"damage_taken":0.0},{"event_name":"The Cleric","player_choice":"Card Removal","floor":4.0,"damage_taken":0.0},{"event_name":"The Lab","player_choice":"Got Potions","floor":10.0,"damage_taken":0.0},{"event_name":"Living Wall","player_choice":"Grow","floor":12.0,"damage_taken":0.0},{"event_name":"Masked Bandits","player_choice":"Fought over 219 gold","floor":19,"damage_taken":0},{"event_name":"Ghosts","player_choice":"Became a Ghost","floor":20,"damage_taken":0}],"boss_relics":[{"not_picked":["Cursed Key","Philosopher\u0027s Stone"],"picked":"White Beast Statue"}],"items_purged_floors":[22,25],"potions_floor_spawned":[1,7,14,16,18,19,21,23,29,30,31],"seed_played":"3304045275507817373","killed_by":"Champ","ascension_level":0,"potions_obtained":[{"floor":1.0,"key":"Strength Potion"},{"floor":7.0,"key":"Explosive Potion"},{"floor":10.0,"key":"EssenceOfSteel"},{"floor":10.0,"key":"Regen Potion"},{"floor":14.0,"key":"Strength Potion"},{"floor":16,"key":"Poison Potion"},{"floor":18,"key":"EssenceOfSteel"},{"floor":19,"key":"FearPotion"},{"floor":21,"key":"SneckoOil"},{"floor":23,"key":"LiquidBronze"},{"floor":29,"key":"Regen Potion"},{"floor":30,"key":"PowerPotion"},{"floor":31,"key":"SteroidPotion"}],"is_trial":false}