{"path_per_floor":["M","M","M","?","M","R","M","R","T","R","$","E","R","M","R","B",null,"M","M","?","?","M","R","E","R","T","?","M","M","M","M","R"],"character_chosen":"THE_SILENT","items_purchased":["Blur","Dramatic Entrance"],"gold_per_floor":[111,130,147,147,167,167,177,177,225,225,18,47,47,65,65,161,161,176,186,186,186,205,205,240,240,266,191,206,218,236,252,252],"floor_reached":33,"campfire_rested":2,"playtime":4216,"current_hp_per_floor":[68,68,68,61,49,49,56,56,56,56,56,51,51,51,51,36,70,70,67,58,52,30,45,22,22,22,22,30,26,22,29,52],"items_purged":["Strike_G"],"gold":252,"play_id":"ef6497c4-7d93-4447-ba31-2da9a40cba7b","is_prod":false,"is_daily":false,"is_ascension_mode":false,"campfire_upgraded":6,"path_taken":["M","M","M","?","M","R","?","R","T","R","$","E","R","M","R","BOSS","M","M","?","?","M","R","E","R","T","?","M","M","M","M","R","BOSS"],"build_version":"2018-02-01-PROD3","purchased_purges":1,"victory":false,"master_deck":["Defend_G","Defend_G","Defend_G","Defend_G","Survivor+1","Neutralize+1","Finisher+1","Infinite Blades","Blade Dance+1","Blade Dance","Flying Knee","Slice","Blur","Dramatic Entrance","Blur","Flechettes+1","Phantasmal Killer+1","Injury","Parasite","Dagger Spray","Calculated Gamble","Bite+1","Bite","Bite+1","Bite","Bite","All Out Attack","After Image","Dodge and Roll+1","Poisoned Stab+1","Poisoned Stab+1","Dodge and Roll+1"],"max_hp_per_floor":[70,70,70,70,70,70,70,70,70,70,70,70,70,70,70,70,70,70,70,75,52,52,52,52,52,52,52,52,52,52,52,52],"relics":["Ring of the Snake","Bag of Marbles","Kunai","Calling Bell","Prayer Wheel","Juzu Bracelet","Snake Skull","Whetstone","Regal Pillow"],"card_choices":[{"not_picked":["Dodge and Roll","Dash"],"picked":"Infinite Blades"},{"not_picked":["Outmaneuver","Leg Sweep"],"picked":"Blade Dance"},{"not_picked":["Catalyst","Choke"],"picked":"Blade Dance"},{"not_picked":["Dodge and Roll","Caltrops"],"picked":"Flying Knee"},{"not_picked":["Predator","Dash"],"picked":"Slice"},{"not_picked":["Terror","Eviscerate"],"picked":"Blur"},{"not_picked":["Dagger Spray","Eviscerate"],"picked":"Flechettes"},{"not_picked":["Envenom","Doppelganger"],"picked":"Phantasmal Killer"},{"not_picked":["Bane","Sucker Punch"],"picked":"Dagger Spray"},{"not_picked":["Caltrops","Acrobatics"],"picked":"Calculated Gamble"},{"not_picked":["Masterful Stab","Heel Hook"],"picked":"All Out Attack"},{"not_picked":["Malaise","Heel Hook"],"picked":"After Image"},{"not_picked":["Skewer","Riddle With Holes"],"picked":"Dodge and Roll"},{"not_picked":["Dagger Throw","Finisher"],"picked":"Poisoned Stab"},{"not_picked":["Flying Knee","Malaise"],"picked":"Poisoned Stab"},{"not_picked":["Distraction","Heel Hook"],"picked":"Dodge and Roll"}],"player_experience":56543,"potions_floor_usage":[7,12,12,22,24,24,28,31,33],"damage_taken":[{"damage":2,"enemies":"Jaw Worm","floor":1,"turns":5},{"damage":0,"enemies":"Small Slimes","floor":2,"turns":4},{"damage":0,"enemies":"2 Louse","floor":3,"turns":4},{"damage":12,"enemies":"Red Slaver","floor":5,"turns":4},{"damage":8,"enemies":"3 Louse","floor":7,"turns":7},{"damage":8,"enemies":"Lagavulin","floor":12,"turns":3},{"damage":0,"enemies":"Looter","floor":14,"turns":3},{"damage":15,"enemies":"The Guardian","floor":16,"turns":10},{"damage":0,"enemies":"2 Thieves","floor":18,"turns":1},{"damage":3,"enemies":"3 Byrds","floor":19,"turns":9},{"damage":33,"enemies":"Snake Plant","floor":22,"turns":6},{"damage":25,"enemies":"Slavers","floor":24,"turns":4},{"damage":2,"enemies":"Snecko","floor":28,"turns":6},{"damage":19,"enemies":"Chosen and Byrds","floor":29,"turns":7},{"damage":12,"enemies":"Snake Plant","floor":30,"turns":4},{"damage":0,"enemies":"Cultist and Chosen","floor":31,"turns":4},{"damage":78,"enemies":"Automaton","floor":33,"turns":12}],"event_choices":[{"event_name":"Golden Wing","player_choice":"Card Removal","floor":4,"damage_taken":0},{"event_name":"Forgotten Altar","player_choice":"Shed Blood","floor":20,"damage_taken":0},{"event_name":"Vampires","player_choice":"Became a vampire","floor":21,"damage_taken":0},{"event_name":"Beggar","player_choice":"Gave Gold","floor":27,"damage_taken":0}],"boss_relics":[{"not_picked":["White Beast Statue","Tiny House"],"picked":"Calling Bell"}],"potions_floor_spawned":[2,5,7,14,16,19,24,28,30],"seed_played":"-2429714560585513248","killed_by":"Automaton","ascension_level":0,"is_trial":false}