{"gold_per_floor":[368,138,151,0,10,10,26,26,26,42,75,99,99,174,174,278,278,295,295,308,308,21,48,48,79,79,91,103,115,138,167,179,295,307,330,139,192,202,202,202,77,77,101,101,51,82,82,93,93,93],"floor_reached":51,"playtime":2807,"items_purged":["Defend_R","Writhe","Defend_R","Defend_R","Strike_R"],"score":837,"play_id":"1eba77e5-8f14-4e75-877b-c1e879a5a8fe","local_time":"20181119012041","is_ascension_mode":true,"campfire_choices":[{"data":"Dropkick","floor":6,"key":"SMITH"},{"data":"Inflame","floor":8,"key":"SMITH"},{"data":"Heavy Blade","floor":15,"key":"SMITH"},{"floor":24,"key":"REST"},{"data":"Demon Form","floor":27,"key":"SMITH"},{"data":"RitualDagger","floor":29,"key":"SMITH"},{"floor":32,"key":"REST"},{"floor":40,"key":"REST"},{"data":"Whirlwind","floor":42,"key":"SMITH"},{"data":"Heavy Blade","floor":44,"key":"SMITH"},{"data":"Double Tap","floor":47,"key":"SMITH"},{"floor":49,"key":"REST"}],"neow_cost":"PERCENT_DAMAGE","seed_source_timestamp":46656393363090,"circlet_count":0,"master_deck":["Strike_R","Strike_R","Strike_R","Strike_R","Defend_R","Bash","Heavy Blade+1","Disarm","Trip","Dropkick+1","Shrug It Off","Inflame+1","Rage","Demon Form+1","Inflame+1","Shrug It Off+1","Necronomicurse","Whirlwind+1","Double Tap+1","Dropkick+1","Spot Weakness","RitualDagger+1","Iron Wave+1","Thunderclap","Reaper","Perfected Strike+1","Heavy Blade+1","Dropkick","Intimidate","Anger+1","Twin Strike+1","Impervious","Demon Form"],"relics":["Burning Blood","Regal Pillow","Mummified Hand","Blue Candle","Strawberry","Lizard Tail","Matryoshka","Necronomicon","Oddly Smooth Stone","Smiling Mask","Gremlin Horn","MawBank","Black Star","WingedGreaves","Omamori","Bag of Marbles","Juzu Bracelet","Pen Nib"],"potions_floor_usage":[16,16,18,23,23,33,35,48],"damage_taken":[{"damage":5,"enemies":"Cultist","floor":1,"turns":5},{"damage":7,"enemies":"Small Slimes","floor":3,"turns":3},{"damage":0,"enemies":"2 Louse","floor":5,"turns":2},{"damage":5,"enemies":"Large Slime","floor":7,"turns":5},{"damage":12,"enemies":"Blue Slaver","floor":10,"turns":3},{"damage":10,"enemies":"Gremlin Nob","floor":11,"turns":3},{"damage":25,"enemies":"The Guardian","floor":16,"turns":10},{"damage":23,"enemies":"2 Thieves","floor":18,"turns":3},{"damage":7,"enemies":"Chosen","floor":20,"turns":3},{"damage":19,"enemies":"Slavers","floor":23,"turns":3},{"damage":23,"enemies":"Gremlin Leader","floor":25,"turns":5},{"damage":32,"enemies":"Shelled Parasite and Fungi","floor":30,"turns":4},{"damage":0,"enemies":"3 Cultists","floor":31,"turns":2},{"damage":42,"enemies":"Automaton","floor":33,"turns":6},{"damage":5,"enemies":"Orb Walker","floor":35,"turns":2},{"damage":74,"enemies":"2 Orb Walkers","floor":37,"turns":6},{"damage":32,"enemies":"3 Shapes","floor":38,"turns":3},{"damage":44,"enemies":"Giant Head","floor":46,"turns":6},{"damage":35,"enemies":"Writhing Mass","floor":48,"turns":4},{"damage":90,"enemies":"Awakened One","floor":50,"turns":7}],"seed_played":"-1607245992694515599","potions_obtained":[{"floor":3,"key":"Block Potion"},{"floor":7,"key":"Swift Potion"},{"floor":10,"key":"Explosive Potion"},{"floor":18,"key":"Strength Potion"},{"floor":20,"key":"Fire Potion"},{"floor":25,"key":"FearPotion"},{"floor":33,"key":"AttackPotion"},{"floor":37,"key":"SneckoOil"}],"is_trial":false,"path_per_floor":["M","$","M","$","M","R","M","R","T","M","E","T","?","?","R","B",null,"M","?","M","?","$","E","R","E","T","R","?","R","M","M","R","B",null,"M","$","?","M","?","R","$","R","T","R","$","E","R","M","R","B",null],"character_chosen":"IRONCLAD","items_purchased":["Regal Pillow","Trip","Dropkick","Whirlwind","Double Tap","Heavy Blade","Dropkick","Intimidate","Impervious"],"campfire_rested":4,"item_purchase_floors":[2,4,4,22,22,36,36,36,41],"current_hp_per_floor":[57,57,56,56,62,62,63,63,63,57,53,60,60,49,49,30,87,70,70,69,53,53,40,81,64,64,64,58,58,32,38,79,43,87,87,87,40,21,21,62,62,62,62,62,62,62,62,33,74,53],"gold":93,"neow_bonus":"TWO_FIFTY_GOLD","is_prod":false,"is_daily":false,"chose_seed":false,"campfire_upgraded":8,"win_rate":0,"timestamp":1542586841,"path_taken":["M","$","M","$","M","R","M","R","T","M","E","?","?","?","R","BOSS","M","?","M","?","$","E","R","E","T","R","?","R","M","M","R","BOSS","M","$","?","M","?","R","$","R","T","R","$","E","R","M","R","BOSS"],"build_version":"2018-11-15","purchased_purges":5,"victory":true,"max_hp_per_floor":[80,80,80,80,80,80,80,80,80,80,80,87,87,87,87,87,87,87,87,87,87,87,87,87,87,87,87,87,87,87,87,87,87,87,87,87,87,87,87,87,87,87,87,87,87,87,87,87,87,87],"card_choices":[{"not_picked":["Shrug It Off","Sever Soul"],"picked":"Heavy Blade","floor":1},{"not_picked":["Rupture","Havoc"],"picked":"Disarm","floor":3},{"not_picked":["Battle Trance","Flame Barrier"],"picked":"Shrug It Off","floor":5},{"not_picked":["Rampage","Battle Trance"],"picked":"Inflame","floor":7},{"not_picked":["Body Slam","Burning Pact"],"picked":"Rage","floor":10},{"not_picked":["Sever Soul","Corruption","Anger"],"picked":"SKIP","floor":11},{"not_picked":["Impervious","Bludgeon"],"picked":"Demon Form","floor":16},{"not_picked":["Seeing Red","Iron Wave"],"picked":"Inflame+1","floor":18},{"not_picked":["Body Slam","Combust+1"],"picked":"Shrug It Off+1","floor":20},{"not_picked":["Feed","Carnage"],"picked":"Dropkick+1","floor":23},{"not_picked":["Rupture+1","Anger"],"picked":"Spot Weakness","floor":25},{"not_picked":["Uppercut","Anger"],"picked":"Iron Wave+1","floor":30},{"not_picked":["Metallicize","Combust+1"],"picked":"Thunderclap","floor":31},{"not_picked":["Dark Embrace","Berserk"],"picked":"Reaper","floor":33},{"not_picked":["Cleave","Fire Breathing"],"picked":"Perfected Strike+1","floor":35},{"not_picked":["Feel No Pain","Cleave"],"picked":"Anger+1","floor":37},{"not_picked":["Headbutt","Clash"],"picked":"Twin Strike+1","floor":38},{"not_picked":["Pommel Strike","Warcry"],"picked":"Demon Form","floor":46},{"not_picked":["Rage","Second Wind+1","Iron Wave"],"picked":"SKIP","floor":48}],"player_experience":395968,"relics_obtained":[{"floor":9,"key":"Mummified Hand"},{"floor":11,"key":"Blue Candle"},{"floor":12,"key":"Strawberry"},{"floor":21,"key":"Necronomicon"},{"floor":23,"key":"Oddly Smooth Stone"},{"floor":25,"key":"Smiling Mask"},{"floor":26,"key":"Gremlin Horn"},{"floor":26,"key":"MawBank"},{"floor":37,"key":"WingedGreaves"},{"floor":43,"key":"Omamori"},{"floor":43,"key":"Bag of Marbles"},{"floor":46,"key":"Juzu Bracelet"},{"floor":46,"key":"Pen Nib"}],"event_choices":[{"damage_healed":0,"gold_gain":0,"player_choice":"Ignored","damage_taken":0,"max_hp_gain":0,"max_hp_loss":0,"event_name":"Liars Game","floor":13,"gold_loss":0},{"damage_healed":0,"gold_gain":75,"player_choice":"Gather Gold","damage_taken":11,"max_hp_gain":0,"max_hp_loss":0,"event_name":"World of Goop","floor":14,"gold_loss":0},{"damage_healed":0,"gold_gain":0,"player_choice":"Opened","damage_taken":0,"relics_obtained":["Matryoshka"],"max_hp_gain":0,"max_hp_loss":0,"event_name":"The Mausoleum","floor":19,"gold_loss":0,"cards_obtained":["Writhe"]},{"damage_healed":0,"gold_gain":0,"player_choice":"Obtained Book","damage_taken":16,"max_hp_gain":0,"max_hp_loss":0,"event_name":"Cursed Tome","floor":21,"gold_loss":0},{"damage_healed":0,"gold_gain":0,"player_choice":"Joined the Cult","damage_taken":6,"max_hp_gain":0,"max_hp_loss":0,"event_name":"Nest","floor":28,"gold_loss":0,"cards_obtained":["RitualDagger"]},{"damage_healed":0,"gold_gain":0,"player_choice":"Fight","damage_taken":0,"max_hp_gain":0,"max_hp_loss":0,"event_name":"Mysterious Sphere","floor":37,"gold_loss":0},{"damage_healed":0,"gold_gain":0,"player_choice":"Ignored","damage_taken":0,"max_hp_gain":0,"max_hp_loss":0,"event_name":"The Moai Head","floor":39,"gold_loss":0}],"is_beta":false,"boss_relics":[{"not_picked":["Ectoplasm","Tiny House"],"picked":"Lizard Tail"},{"not_picked":["Calling Bell","Astrolabe"],"picked":"Black Star"}],"items_purged_floors":[2,22,36,41,45],"is_endless":false,"potions_floor_spawned":[3,7,10,18,20,25,33,37],"ascension_level":3}