{"gold_per_floor":[119,119,137,147,158,158,108,133,159,13,13,26,41,4,4,4],"floor_reached":16,"playtime":1079,"items_purged":["Defend_R"],"score":107,"play_id":"c4e79517-ab5e-4289-a1a9-98d06bf3bff6","local_time":"20180910014646","is_ascension_mode":true,"campfire_choices":[{"data":"Searing Blow","floor":6,"key":"SMITH"},{"data":"Inflame","floor":15,"key":"SMITH"}],"neow_cost":"","seed_source_timestamp":5698912380290,"circlet_count":0,"master_deck":["Strike_R","Strike_R","Strike_R","Strike_R","Strike_R","Defend_R","Defend_R","Bash","Searing Blow+1","Thunderclap","Perfected Strike","Seeing Red","Inflame","Inflame+1"],"relics":["Burning Blood","Potion Belt","Anchor"],"potions_floor_usage":[8,8],"damage_taken":[{"damage":12,"enemies":"Small Slimes","floor":1,"turns":4},{"damage":6,"enemies":"Jaw Worm","floor":3,"turns":4},{"damage":1,"enemies":"2 Louse","floor":4,"turns":2},{"damage":10,"enemies":"2 Fungi Beasts","floor":5,"turns":3},{"damage":21,"enemies":"3 Sentries","floor":8,"turns":7},{"damage":0,"enemies":"Large Slime","floor":12,"turns":4},{"damage":10,"enemies":"Looter","floor":13,"turns":3},{"damage":68,"enemies":"The Guardian","floor":16,"turns":9}],"seed_played":"5735378289791587937","potions_obtained":[{"floor":1,"key":"Swift Potion"},{"floor":3,"key":"SteroidPotion"},{"floor":5,"key":"FearPotion"}],"is_trial":false,"path_per_floor":["M","?","M","M","M","R","?","E","T","$","?","M","M","$","R"],"character_chosen":"IRONCLAD","items_purchased":["Inflame","Inflame"],"campfire_rested":0,"item_purchase_floors":[10,14],"current_hp_per_floor":[74,79,79,84,80,80,80,65,65,65,65,71,67,67,67,0],"gold":4,"neow_bonus":"","is_prod":false,"is_daily":false,"chose_seed":false,"campfire_upgraded":2,"win_rate":0,"timestamp":1536536806,"path_taken":["M","?","M","M","M","R","?","E","T","$","?","M","M","$","R","BOSS"],"build_version":"2018-09-06","purchased_purges":1,"victory":false,"max_hp_per_floor":[80,85,85,85,85,85,85,85,85,85,85,85,85,85,85,85],"card_choices":[{"not_picked":["True Grit","Pummel"],"picked":"Searing Blow","floor":1},{"not_picked":["Evolve","Corruption"],"picked":"Thunderclap","floor":3},{"not_picked":["Clash","Reckless Charge","Sword Boomerang"],"picked":"SKIP","floor":4},{"not_picked":["Clash","Reckless Charge"],"picked":"Perfected Strike","floor":5},{"not_picked":["Thunderclap","Exhume"],"picked":"Seeing Red","floor":8},{"not_picked":["Pommel Strike","Anger","Infernal Blade"],"picked":"SKIP","floor":12},{"not_picked":["Blood for Blood","Wild Strike","Dropkick"],"picked":"SKIP","floor":13}],"player_experience":294398,"relics_obtained":[{"floor":8,"key":"Potion Belt"},{"floor":9,"key":"Anchor"}],"event_choices":[{"event_name":"Big Fish","player_choice":"Donut","floor":2,"damage_taken":0},{"event_name":"The Cleric","player_choice":"Card Removal","floor":7,"damage_taken":0},{"event_name":"Liars Game","player_choice":"disagreed","floor":11,"damage_taken":0}],"is_beta":false,"boss_relics":[],"items_purged_floors":[10],"is_endless":false,"potions_floor_spawned":[1,3,5],"killed_by":"The Guardian","ascension_level":1}