{"path_per_floor":["M","M","M","M","?","E","R","M","T","$","?","R","$","M","R","B",null,"M","M","?","M","?","E","R","M","T","R","M","?","M","$","R","B",null,"M","M","M","M","$","R","M","M","T","?","M","R","?","M","R"],"character_chosen":"THE_SILENT","items_purchased":["Singing Bowl","Orichalcum"],"gold_per_floor":[112,127,142,156,156,182,182,201,252,22,22,22,22,0,0,105,105,121,139,139,150,65,97,97,107,134,134,149,149,160,5,5,105,105,120,135,145,161,61,61,78,98,122,122,142,142,0,18,18,18],"floor_reached":50,"campfire_rested":3,"playtime":9285,"item_purchase_floors":[10,31],"current_hp_per_floor":[69,69,64,55,55,38,38,30,30,30,18,39,39,38,38,19,70,56,53,53,52,52,45,45,6,6,28,23,23,21,21,21,30,53,46,22,12,18,18,18,30,22,22,22,28,46,46,59,59,0],"items_purged":["Strike_G","Defend_G"],"gold":18,"score":493,"play_id":"e68b6daf-befb-4dd2-9aac-819925ef4ac7","local_time":"20180603140923","is_prod":false,"is_daily":false,"chose_seed":false,"is_ascension_mode":false,"campfire_upgraded":3,"win_rate":0.0,"timestamp":1528027763,"campfire_choices":[{"data":"Footwork","floor":7,"key":"SMITH"},{"floor":12,"key":"REST"},{"data":"Footwork","floor":15,"key":"SMITH"},{"floor":24,"key":"DIG"},{"floor":27,"key":"REST"},{"floor":32,"key":"DIG"},{"floor":40,"key":"DIG"},{"floor":46,"key":"REST"},{"data":"Blur","floor":49,"key":"SMITH"}],"path_taken":["M","?","M","M","?","E","R","M","T","$","?","R","?","M","R","BOSS","M","M","?","M","?","E","R","M","T","R","M","?","M","?","R","BOSS","M","M","M","?","$","R","M","M","T","?","M","R","?","M","R","BOSS"],"build_version":"2018-05-31","seed_source_timestamp":6748977399243,"purchased_purges":2,"victory":false,"master_deck":["Defend_G","Defend_G+1","Defend_G","Defend_G","Survivor","Neutralize","Prepared","Quick Slash","Dagger Throw","Footwork+1","Deadly Poison","Acrobatics","Escape Plan","Bane","Footwork+1","Burst","Leg Sweep+1","Dagger Spray+1","Endless Agony","PiercingWail+1","Phantasmal Killer","Malaise+1","Bite","Bite","Bite","Bite","Bite","Quick Slash+1","Die Die Die","Dodge and Roll+1","Deadly Poison+1","Deadly Poison+1","Blur+1"],"max_hp_per_floor":[70,70,70,70,70,70,70,70,70,70,70,70,70,70,70,70,70,70,70,70,72,72,72,72,74,74,74,76,53,53,53,53,53,53,53,55,55,57,57,57,59,59,59,59,61,61,61,61,61,61],"relics":["Ring of the Snake","Vajra","Oddly Smooth Stone","Singing Bowl","Mummified Hand","Lizard Tail","Lantern","Shovel","Blue Candle","War Paint","Orichalcum","Mercury Hourglass","Sozu","Bird Faced Urn","Bag of Preparation","Red Mask"],"card_choices":[{"not_picked":["Poisoned Stab","Riddle With Holes"],"picked":"Prepared","floor":0},{"not_picked":["Deadly Poison","PiercingWail"],"picked":"Quick Slash","floor":1},{"not_picked":["Deadly Poison","Poisoned Stab"],"picked":"Dagger Throw","floor":2},{"not_picked":["Bullet Time","Outmaneuver"],"picked":"Footwork","floor":3},{"not_picked":["Poisoned Stab","Unload"],"picked":"Deadly Poison","floor":4},{"not_picked":["Prepared","Sucker Punch"],"picked":"Escape Plan","floor":6},{"not_picked":["Accuracy","PiercingWail"],"picked":"Bane","floor":8},{"not_picked":["Accuracy","Flechettes"],"picked":"Footwork","floor":14},{"not_picked":["Tactician","After Image"],"picked":"Burst","floor":16},{"not_picked":["Terror","Prepared+1"],"picked":"Leg Sweep+1","floor":18},{"not_picked":["Poisoned Stab+1","Dagger Throw+1"],"picked":"Dagger Spray+1","floor":19},{"not_picked":["Backflip","Dagger Spray","Predator"],"picked":"Singing Bowl","floor":21},{"not_picked":["Prepared","Poisoned Stab"],"picked":"Malaise+1","floor":23},{"not_picked":["Setup","Deflect","Leg Sweep"],"picked":"Singing Bowl","floor":25},{"not_picked":["Cloak And Dagger","Slice","Dagger Spray"],"picked":"Singing Bowl","floor":28},{"not_picked":["Bouncing Flask","Outmaneuver+1"],"picked":"Quick Slash+1","floor":30},{"not_picked":["Corpse Explosion","Night Terror"],"picked":"Die Die Die","floor":33},{"not_picked":["Deflect+1","All Out Attack+1"],"picked":"Dodge and Roll+1","floor":35},{"not_picked":["Caltrops","Blade Dance+1","Malaise+1"],"picked":"Singing Bowl","floor":36},{"not_picked":["PiercingWail","Dagger Spray"],"picked":"Deadly Poison+1","floor":37},{"not_picked":["Bullet Time","Prepared","Flying Knee"],"picked":"Singing Bowl","floor":38},{"not_picked":["Bane+1","Deadly Poison","Outmaneuver+1"],"picked":"Singing Bowl","floor":41},{"not_picked":["Distraction+1","Deflect"],"picked":"Deadly Poison+1","floor":42},{"not_picked":["Bane+1","Acrobatics","Dodge and Roll"],"picked":"Singing Bowl","floor":45},{"not_picked":["Crippling Poison+1","All Out Attack"],"picked":"Blur","floor":48}],"player_experience":72072,"potions_floor_usage":[6,16,23,25,25],"damage_taken":[{"damage":1,"enemies":"Cultist","floor":1,"turns":3},{"damage":0,"enemies":"Jaw Worm","floor":2,"turns":4},{"damage":5,"enemies":"2 Louse","floor":3,"turns":2},{"damage":9,"enemies":"Lots of Slimes","floor":4,"turns":5},{"damage":17,"enemies":"Lagavulin","floor":6,"turns":7},{"damage":8,"enemies":"Blue Slaver","floor":8,"turns":4},{"damage":1,"enemies":"Looter","floor":14,"turns":4},{"damage":19,"enemies":"Slime Boss","floor":16,"turns":12},{"damage":14,"enemies":"3 Byrds","floor":18,"turns":10},{"damage":3,"enemies":"Chosen","floor":19,"turns":7},{"damage":3,"enemies":"Snake Plant","floor":21,"turns":4},{"damage":7,"enemies":"Slavers","floor":23,"turns":8},{"damage":41,"enemies":"Cultist and Chosen","floor":25,"turns":8},{"damage":7,"enemies":"Centurion and Healer","floor":28,"turns":9},{"damage":14,"enemies":"Snecko","floor":30,"turns":9},{"damage":40,"enemies":"Collector","floor":33,"turns":15},{"damage":8,"enemies":"Orb Walker","floor":35,"turns":4},{"damage":28,"enemies":"3 Darklings","floor":36,"turns":3},{"damage":18,"enemies":"Sphere and 2 Shapes","floor":37,"turns":5},{"damage":8,"enemies":"Maw","floor":38,"turns":9},{"damage":2,"enemies":"3 Darklings","floor":41,"turns":4},{"damage":16,"enemies":"Sphere and 2 Shapes","floor":42,"turns":6},{"damage":6,"enemies":"4 Shapes","floor":45,"turns":4},{"damage":3,"enemies":"3 Darklings","floor":48,"turns":6},{"damage":80,"enemies":"Donu and Deca","floor":50,"turns":10}],"relics_obtained":[{"floor":6,"key":"Vajra"},{"floor":9,"key":"Oddly Smooth Stone"},{"floor":23,"key":"Shovel"},{"floor":24,"key":"Blue Candle"},{"floor":26,"key":"War Paint"},{"floor":32,"key":"Mercury Hourglass"},{"floor":40,"key":"Bird Faced Urn"},{"floor":43,"key":"Bag of Preparation"}],"event_choices":[{"event_name":"Transmorgrifier","player_choice":"Transform","floor":5,"damage_taken":0},{"event_name":"Scrap Ooze","player_choice":"success","floor":11,"damage_taken":12},{"event_name":"Match and Keep!","player_choice":"3 cards matched","floor":20,"damage_taken":0},{"event_name":"Addict","player_choice":"Obtained Relic","floor":22,"damage_taken":0},{"event_name":"Vampires","player_choice":"Became a vampire","floor":29,"damage_taken":0},{"event_name":"Mysterious Sphere","player_choice":"Ignore","floor":44,"damage_taken":0},{"event_name":"Tomb of Lord Red Mask","player_choice":"Paid","floor":47,"damage_taken":0}],"boss_relics":[{"not_picked":["White Beast Statue","Orrery"],"picked":"Lizard Tail"},{"not_picked":["Cursed Key","Runic Pyramid"],"picked":"Sozu"}],"items_purged_floors":[10,39],"potions_floor_spawned":[4,8,16,21,23,30,33,35,36,41],"seed_played":"-6188823868446684395","killed_by":"Donu and Deca","ascension_level":0,"potions_obtained":[{"floor":4,"key":"Ancient Potion"},{"floor":8,"key":"LiquidBronze"},{"floor":16,"key":"AttackPotion"},{"floor":21,"key":"Ancient Potion"},{"floor":23,"key":"Strength Potion"},{"floor":30,"key":"GamblersBrew"},{"floor":33,"key":"SkillPotion"}],"is_trial":false}