{"gold_per_floor":[14,24,35,50,125,155,155,170,223,223,173,190,201,211,211,308,308,323,248,268,288,308,308,308],"floor_reached":24,"playtime":1667,"items_purged":["Strike_B"],"score":245,"play_id":"71a7e3c0-9621-4586-81b7-04f497fe04f8","local_time":"20190411021038","is_ascension_mode":true,"campfire_choices":[{"data":"Electrodynamics","floor":7,"key":"SMITH"},{"data":"Self Repair","floor":10,"key":"SMITH"},{"floor":15,"key":"REST"},{"data":"Sunder","floor":23,"key":"SMITH"}],"neow_cost":"NO_GOLD","seed_source_timestamp":25444757729300,"circlet_count":0,"master_deck":["Strike_B","Strike_B","Defend_B","Defend_B","Defend_B","Defend_B","Zap","Dualcast","Self Repair+1","Sweeping Beam","Doom and Gloom","Electrodynamics+1","Tempest","Redo","Barrage","Redo","Echo Form","Creative AI","Sunder+1","Recycle","Skim","Skim+1"],"relics":["Cracked Core","Happy Flower","Ancient Tea Set","Nuclear Battery"],"potions_floor_usage":[2,4,16,18,24,24,24],"damage_taken":[{"damage":0,"enemies":"2 Louse","floor":1,"turns":2},{"damage":10,"enemies":"Small Slimes","floor":2,"turns":3},{"damage":9,"enemies":"Jaw Worm","floor":3,"turns":3},{"damage":6,"enemies":"3 Louse","floor":4,"turns":2},{"damage":40,"enemies":"Gremlin Nob","floor":6,"turns":5},{"damage":12,"enemies":"Lots of Slimes","floor":8,"turns":2},{"damage":14,"enemies":"Exordium Thugs","floor":12,"turns":3},{"damage":5,"enemies":"3 Louse","floor":13,"turns":3},{"damage":11,"enemies":"Looter","floor":14,"turns":2},{"damage":32,"enemies":"The Guardian","floor":16,"turns":7},{"damage":1,"enemies":"Spheric Guardian","floor":18,"turns":3},{"damage":46,"enemies":"2 Thieves","floor":20,"turns":4},{"damage":12,"enemies":"Cultist and Chosen","floor":21,"turns":3},{"damage":28,"enemies":"Centurion and Healer","floor":22,"turns":5},{"damage":40,"enemies":"Book of Stabbing","floor":24,"turns":3}],"seed_played":"2823520608211245503","potions_obtained":[{"floor":1,"key":"Weak Potion"},{"floor":3,"key":"Poison Potion"},{"floor":12,"key":"LiquidBronze"},{"floor":13,"key":"Dexterity Potion"},{"floor":16,"key":"PowerPotion"},{"floor":20,"key":"FearPotion"},{"floor":21,"key":"Strength Potion"}],"is_trial":false,"path_per_floor":["M","M","M","M","?","E","R","M","T","R","?","M","M","M","R","B",null,"M","$","M","M","M","R","E"],"character_chosen":"DEFECT","items_purchased":[],"campfire_rested":1,"item_purchase_floors":[],"current_hp_per_floor":[89,86,84,78,67,34,34,29,29,29,29,25,30,19,45,13,89,89,89,53,51,33,33,0],"gold":308,"neow_bonus":"TWENTY_PERCENT_HP_BONUS","is_prod":false,"is_daily":false,"chose_seed":false,"campfire_upgraded":3,"win_rate":0,"timestamp":1554941438,"path_taken":["M","M","M","M","?","E","R","M","T","R","?","M","M","M","R","BOSS","M","$","M","M","M","R","E"],"build_version":"2019-01-23","purchased_purges":1,"victory":false,"max_hp_per_floor":[89,89,89,89,89,89,89,89,89,89,89,89,89,89,89,89,89,89,89,89,89,89,89,89],"card_choices":[{"not_picked":["Defragment","Glacier"],"picked":"Self Repair","floor":1},{"not_picked":["Cold Snap","Go for the Eyes"],"picked":"Sweeping Beam","floor":2},{"not_picked":["Streamline","Rebound"],"picked":"Doom and Gloom","floor":3},{"not_picked":["Undo","Turbo"],"picked":"Electrodynamics","floor":4},{"not_picked":["Rip and Tear","Hologram"],"picked":"Tempest","floor":6},{"not_picked":["Turbo","Steam"],"picked":"Redo","floor":8},{"not_picked":["Scrape","Coolheaded"],"picked":"Barrage","floor":12},{"not_picked":["Stack","Ball Lightning"],"picked":"Redo","floor":13},{"not_picked":["Redo","Streamline"],"picked":"Echo Form","floor":14},{"not_picked":["Machine Learning","Buffer"],"picked":"Creative AI","floor":16},{"not_picked":["Beam Cell","Ball Lightning"],"picked":"Sunder","floor":18},{"not_picked":["Rebound+1","Hologram"],"picked":"Recycle","floor":20},{"not_picked":["Steam Power","Go for the Eyes+1"],"picked":"Skim","floor":21},{"not_picked":["Leap","Steam"],"picked":"Skim+1","floor":22}],"player_experience":497007,"relics_obtained":[{"floor":6,"key":"Happy Flower"},{"floor":9,"key":"Ancient Tea Set"}],"event_choices":[{"damage_healed":0,"gold_gain":75,"player_choice":"Gather Gold","damage_taken":11,"max_hp_gain":0,"max_hp_loss":0,"event_name":"World of Goop","floor":5,"gold_loss":0},{"cards_removed":["Strike_B"],"damage_healed":0,"gold_gain":0,"player_choice":"Card Removal","damage_taken":0,"max_hp_gain":0,"max_hp_loss":0,"event_name":"The Cleric","floor":11,"gold_loss":50}],"is_beta":false,"boss_relics":[{"not_picked":["White Beast Statue","Astrolabe"],"picked":"Nuclear Battery"}],"items_purged_floors":[19],"is_endless":false,"potions_floor_spawned":[1,3,12,13,16,20,21],"killed_by":"Book of Stabbing","ascension_level":4}