{"gold_per_floor":[118,136,136,156,175,175,187,205,205,62,91,91,14,26,26,127,127,141,151,3,3,14,14,14],"floor_reached":24,"playtime":1853,"items_purged":["Defend_B","Defend_B"],"score":255,"play_id":"f20a158e-b26f-41f4-ba70-5462c718c9fb","local_time":"20180920215458","is_ascension_mode":true,"campfire_choices":[{"data":"Zap","floor":6,"key":"SMITH"},{"floor":15,"key":"REST"},{"data":"Fusion","floor":23,"key":"SMITH"}],"neow_cost":"NONE","seed_source_timestamp":169747265692498,"circlet_count":0,"master_deck":["Strike_B","Strike_B+1","Strike_B+1","Defend_B","Defend_B","Zap+1","Dualcast","Meteor Strike","Auto Shields","BootSequence","Glacier","Gash","Tempest","Fusion+1","Thunder Strike+1","Blizzard","Double Energy","All For One","Creative AI","Gash","Barrage","Conserve Battery","Melter"],"relics":["Cracked Core","Pear","Mummified Hand","Letter Opener","Nuclear Battery"],"potions_floor_usage":[11,11,14,16,24,24],"damage_taken":[{"damage":0,"enemies":"Cultist","floor":1,"turns":4},{"damage":0,"enemies":"2 Louse","floor":2,"turns":2},{"damage":0,"enemies":"Small Slimes","floor":4,"turns":3},{"damage":3,"enemies":"3 Louse","floor":5,"turns":3},{"damage":0,"enemies":"Looter","floor":7,"turns":3},{"damage":0,"enemies":"Gremlin Gang","floor":8,"turns":6},{"damage":15,"enemies":"Lagavulin","floor":11,"turns":6},{"damage":2,"enemies":"Large Slime","floor":14,"turns":6},{"damage":1,"enemies":"Slime Boss","floor":16,"turns":6},{"damage":35,"enemies":"2 Thieves","floor":18,"turns":5},{"damage":0,"enemies":"Spheric Guardian","floor":19,"turns":3},{"damage":14,"enemies":"Snecko","floor":22,"turns":4},{"damage":31,"enemies":"Slavers","floor":24,"turns":3}],"seed_played":"2543677694687616601","potions_obtained":[{"floor":2,"key":"Energy Potion"},{"floor":8,"key":"Swift Potion"},{"floor":11,"key":"FearPotion"},{"floor":14,"key":"Fruit Juice"},{"floor":18,"key":"Block Potion"},{"floor":19,"key":"FearPotion"}],"is_trial":false,"path_per_floor":["M","M","?","M","M","R","M","M","T","$","E","?","$","M","R","B",null,"M","M","$","?","M","R"],"character_chosen":"DEFECT","items_purchased":["Thunder Strike","Double Energy","Conserve Battery"],"campfire_rested":1,"item_purchase_floors":[10,13,20],"current_hp_per_floor":[75,75,60,60,57,57,57,57,67,67,52,27,27,30,57,56,90,55,55,55,55,41,41,10],"gold":14,"neow_bonus":"TRANSFORM_CARD","is_prod":false,"is_daily":false,"chose_seed":false,"campfire_upgraded":2,"win_rate":0,"timestamp":1537473298,"path_taken":["M","?","?","M","M","R","M","M","T","$","E","?","$","?","R","BOSS","M","?","$","?","M","R","E"],"build_version":"2018-09-06","purchased_purges":2,"victory":false,"max_hp_per_floor":[75,75,75,75,75,75,75,75,85,85,85,85,85,90,90,90,90,90,90,90,90,90,90,90],"card_choices":[{"not_picked":["Gash","Leap"],"picked":"Auto Shields","floor":1},{"not_picked":["Ball Lightning","Capacitor"],"picked":"BootSequence","floor":2},{"not_picked":["Steam Power","Rebound"],"picked":"Glacier","floor":4},{"not_picked":["Go for the Eyes","Heatsinks"],"picked":"Gash","floor":5},{"not_picked":["Leap","Ball Lightning"],"picked":"Tempest","floor":7},{"not_picked":["Ball Lightning","Consume"],"picked":"Fusion","floor":8},{"not_picked":["Rip and Tear","Redo"],"picked":"Blizzard","floor":11},{"not_picked":["Conserve Battery","Stack"],"picked":"All For One","floor":14},{"not_picked":["Multi-Cast","Buffer"],"picked":"Creative AI","floor":16},{"not_picked":["Redo","Skim"],"picked":"Gash","floor":18},{"not_picked":["Go for the Eyes","Steam"],"picked":"Barrage","floor":19},{"not_picked":["Steam","Ball Lightning"],"picked":"Melter","floor":22}],"player_experience":309968,"relics_obtained":[{"floor":9,"key":"Pear"},{"floor":11,"key":"Mummified Hand"}],"event_choices":[{"event_name":"Shining Light","player_choice":"Entered Light","floor":3,"damage_taken":0},{"event_name":"Scrap Ooze","player_choice":"success","floor":12,"damage_taken":25},{"event_name":"Upgrade Shrine","player_choice":"Upgraded","floor":21,"damage_taken":0}],"is_beta":false,"boss_relics":[{"not_picked":["Runic Pyramid","Busted Crown"],"picked":"Nuclear Battery"}],"items_purged_floors":[10,20],"is_endless":false,"potions_floor_spawned":[2,8,11,14,18,19],"killed_by":"Slavers","ascension_level":3}