{"gold_per_floor":[117,117,42,59,79,79,94,94,147,174,174,192,192,208,208,311,311,330,160,176,189,189,189,216,216,261,360,16,29,29,42,42,42],"floor_reached":33,"playtime":2245,"items_purged":["Strike_B","Strike_B","Strike_B"],"score":333,"play_id":"f7135516-8a86-4031-9d8f-b5a3c77b1ad8","local_time":"20180705030510","is_ascension_mode":true,"campfire_choices":[{"data":"Loop","floor":6,"key":"SMITH"},{"data":"Dualcast","floor":8,"key":"SMITH"},{"floor":11,"key":"REST"},{"data":"Electrodynamics","floor":13,"key":"SMITH"},{"data":"Rip and Tear","floor":15,"key":"SMITH"},{"data":"Hello World","floor":23,"key":"SMITH"},{"floor":30,"key":"REST"},{"floor":32,"key":"REST"}],"neow_cost":"NONE","seed_source_timestamp":103614245723825,"circlet_count":0,"master_deck":["Defend_B","Defend_B","Defend_B","Defend_B","Zap+1","Dualcast+1","Hologram","Loop+1","Capacitor","Cold Snap","Electrodynamics+1","Hologram","Rip and Tear+1","Rebound","Creative AI+1","Hello World+1","Glacier","Redo","Coolheaded","Ball Lightning","Gash","Conserve Battery+1","Loop","Gash+1"],"relics":["Cracked Core","Dream Catcher","Vajra","Lizard Tail","Dead Branch","The Courier","Blood Vial","Pantograph"],"potions_floor_usage":[10,16,29,31],"damage_taken":[{"damage":1,"enemies":"Jaw Worm","floor":1,"turns":2},{"damage":3,"enemies":"Small Slimes","floor":4,"turns":3},{"damage":0,"enemies":"Cultist","floor":5,"turns":3},{"damage":16,"enemies":"3 Louse","floor":7,"turns":3},{"damage":36,"enemies":"Gremlin Nob","floor":10,"turns":4},{"damage":13,"enemies":"Exordium Wildlife","floor":12,"turns":4},{"damage":0,"enemies":"2 Fungi Beasts","floor":14,"turns":2},{"damage":0,"enemies":"Slime Boss","floor":16,"turns":5},{"damage":37,"enemies":"Shell Parasite","floor":18,"turns":6},{"damage":12,"enemies":"3 Byrds","floor":20,"turns":3},{"damage":10,"enemies":"Cultist and Chosen","floor":21,"turns":4},{"damage":29,"enemies":"Book of Stabbing","floor":24,"turns":9},{"damage":28,"enemies":"Slaver and Parasite","floor":29,"turns":7},{"damage":22,"enemies":"Snake Plant","floor":31,"turns":6},{"damage":61,"enemies":"Champ","floor":33,"turns":7}],"seed_played":"9054659096000438391","potions_obtained":[{"floor":5,"key":"Strength Potion"},{"floor":7,"key":"FocusPotion"},{"floor":12,"key":"EssenceOfSteel"},{"floor":16,"key":"SteroidPotion"},{"floor":24,"key":"LiquidBronze"},{"floor":29,"key":"Block Potion"}],"is_trial":false,"path_per_floor":["M","?","$","M","M","R","M","R","T","E","R","M","R","M","R","B",null,"M","$","M","M","?","R","E","T","T","?","$","M","R","M","R"],"character_chosen":"DEFECT","items_purchased":["Glacier","Pantograph","Ball Lightning"],"campfire_rested":3,"item_purchase_floors":[19,28,28],"current_hp_per_floor":[74,67,67,64,64,64,48,48,48,12,34,21,21,21,21,21,75,38,38,26,16,16,16,33,33,33,33,33,7,29,9,31,0],"gold":42,"neow_bonus":"UPGRADE_CARD","is_prod":false,"is_daily":false,"chose_seed":false,"campfire_upgraded":5,"win_rate":0,"timestamp":1530752710,"path_taken":["M","?","$","M","M","R","M","R","T","E","R","M","R","M","R","BOSS","M","$","M","M","?","R","E","?","T","?","?","?","R","M","R","BOSS"],"build_version":"2018-06-28","purchased_purges":3,"victory":false,"max_hp_per_floor":[75,75,75,75,75,75,75,75,75,75,75,75,75,75,75,75,75,75,75,75,75,75,75,75,75,75,75,75,75,75,75,75,75],"card_choices":[{"not_picked":["Beam Cell","Steam"],"picked":"Hologram","floor":1},{"not_picked":["Beam Cell","Stack"],"picked":"Loop","floor":4},{"not_picked":["Gash","Genetic Algorithm"],"picked":"Capacitor","floor":5},{"not_picked":["Steam","Core Surge"],"picked":"Cold Snap","floor":7},{"not_picked":["Barrage","Cold Snap"],"picked":"Electrodynamics","floor":10},{"not_picked":["Undo","Compile Driver"],"picked":"Hologram","floor":11},{"not_picked":["Beam Cell","All For One"],"picked":"Rip and Tear","floor":12},{"not_picked":["Leap","Recycle"],"picked":"Rebound","floor":14},{"not_picked":["Amplify","Hyperbeam"],"picked":"Creative AI","floor":16},{"not_picked":["Go for the Eyes","Streamline+1"],"picked":"Hello World","floor":18},{"not_picked":["Turbo","Undo"],"picked":"Redo","floor":20},{"not_picked":["Aggregate","Melter"],"picked":"Coolheaded","floor":21},{"not_picked":["Lockon","Leap","Redo"],"picked":"SKIP","floor":24},{"not_picked":["Compile Driver","Hologram"],"picked":"Gash","floor":29},{"not_picked":["Steam","FTL"],"picked":"Conserve Battery+1","floor":30},{"not_picked":["Rebound","Chill"],"picked":"Loop","floor":31},{"not_picked":["Turbo","Streamline"],"picked":"Gash+1","floor":32}],"player_experience":161453,"relics_obtained":[{"floor":9,"key":"Dream Catcher"},{"floor":10,"key":"Vajra"},{"floor":24,"key":"Dead Branch"},{"floor":25,"key":"The Courier"},{"floor":26,"key":"Blood Vial"}],"event_choices":[{"event_name":"Golden Wing","player_choice":"Card Removal","floor":2,"damage_taken":0},{"event_name":"Upgrade Shrine","player_choice":"Upgraded","floor":22,"damage_taken":0},{"event_name":"Nest","player_choice":"Stole From Cult","floor":27,"damage_taken":0}],"boss_relics":[{"not_picked":["Empty Cage","Orrery"],"picked":"Lizard Tail"}],"items_purged_floors":[3,19,28],"is_endless":false,"potions_floor_spawned":[5,7,12,16,24,29],"killed_by":"Champ","ascension_level":1}