{"gold_per_floor":[117,117,117,129,79,79,96,107,107,125,153,7,7,39,39,138,138,152,152,170,184,33,33,66,66,148,160,160,176,176,176,176,276,276,293,311,311,322,322,322,322],"floor_reached":41,"playtime":13777,"items_purged":["Strike_G"],"score":484,"play_id":"c811beae-4661-457d-b1c0-c92aad18ffa3","local_time":"20181218203726","is_ascension_mode":true,"campfire_choices":[{"floor":6,"key":"REST"},{"floor":13,"key":"REST"},{"floor":15,"key":"REST"},{"data":"Corpse Explosion","floor":23,"key":"SMITH"},{"floor":25,"key":"REST"},{"floor":28,"key":"REST"},{"floor":32,"key":"REST"},{"floor":40,"key":"REST"}],"neow_cost":"NONE","seed_source_timestamp":3903191114961,"circlet_count":0,"master_deck":["Defend_G","Defend_G","Defend_G+1","Defend_G","Defend_G","Strike_G+1","Survivor","Neutralize","Bouncing Flask","Cloak And Dagger","Deadly Poison","Flying Knee","Finisher","Deadly Poison","Outmaneuver","Deadly Poison","Adrenaline","Cloak And Dagger","A Thousand Cuts","Quick Slash+1","Blade Dance","Predator+1","Corpse Explosion+1","Infinite Blades","Sucker Punch+1","Burst","Catalyst+1","Backflip+1","Storm of Steel","Noxious Fumes","Choke+1","Poisoned Stab+1","Deflect+1"],"relics":["Ring of the Snake","Mummified Hand","Dream Catcher","Dodecahedron","Centennial Puzzle","Philosopher\u0027s Stone","Ancient Tea Set","Blue Candle","MutagenicStrength","Busted Crown"],"potions_floor_usage":[10,11,11,24,38,41,41],"damage_taken":[{"damage":6,"enemies":"Jaw Worm","floor":1,"turns":6},{"damage":4,"enemies":"Small Slimes","floor":4,"turns":4},{"damage":3,"enemies":"2 Louse","floor":7,"turns":3},{"damage":3,"enemies":"Blue Slaver","floor":8,"turns":4},{"damage":0,"enemies":"Gremlin Gang","floor":10,"turns":5},{"damage":12,"enemies":"Gremlin Nob","floor":11,"turns":4},{"damage":21,"enemies":"Lagavulin","floor":14,"turns":5},{"damage":8,"enemies":"Slime Boss","floor":16,"turns":10},{"damage":6,"enemies":"Shell Parasite","floor":18,"turns":4},{"damage":0,"enemies":"Chosen","floor":20,"turns":3},{"damage":14,"enemies":"Snecko","floor":21,"turns":4},{"damage":25,"enemies":"Slavers","floor":24,"turns":5},{"damage":35,"enemies":"Centurion and Healer","floor":27,"turns":4},{"damage":1,"enemies":"Snake Plant","floor":29,"turns":2},{"damage":30,"enemies":"Collector","floor":33,"turns":6},{"damage":4,"enemies":"Orb Walker","floor":35,"turns":3},{"damage":38,"enemies":"3 Darklings","floor":36,"turns":3},{"damage":27,"enemies":"Maw","floor":38,"turns":5},{"damage":34,"enemies":"Giant Head","floor":41,"turns":5}],"seed_played":"-6245861365154395138","potions_obtained":[{"floor":1,"key":"Swift Potion"},{"floor":4,"key":"Poison Potion"},{"floor":8,"key":"Block Potion"},{"floor":21,"key":"GhostInAJar"},{"floor":24,"key":"Strength Potion"},{"floor":33,"key":"Weak Potion"},{"floor":35,"key":"SteroidPotion"},{"floor":37,"key":"Fire Potion"},{"floor":38,"key":"FearPotion"}],"is_trial":false,"path_per_floor":["M","?","?","M","?","R","M","M","T","M","E","$","R","E","R","B",null,"M","?","M","M","$","R","E","R","T","M","R","M","?","?","R","B",null,"M","M","?","M","?","R","E"],"character_chosen":"THE_SILENT","items_purchased":["Deadly Poison","Outmaneuver","Corpse Explosion"],"campfire_rested":7,"item_purchase_floors":[12,12,22],"current_hp_per_floor":[64,52,38,34,34,55,52,49,49,49,37,37,58,37,58,50,70,64,64,64,50,50,50,25,46,46,11,32,31,18,18,40,10,75,71,33,33,6,6,28,0],"gold":322,"neow_bonus":"REMOVE_CARD","is_prod":false,"is_daily":false,"chose_seed":false,"campfire_upgraded":1,"win_rate":0,"timestamp":1545161846,"path_taken":["M","?","?","?","?","R","M","M","T","M","E","?","R","E","R","BOSS","M","?","M","M","$","R","E","R","T","M","R","M","?","?","R","BOSS","M","M","?","?","?","R","E"],"build_version":"2018-12-13","purchased_purges":1,"victory":false,"max_hp_per_floor":[70,70,70,70,70,70,70,70,70,70,70,70,70,70,70,70,70,70,70,70,70,70,70,70,70,70,70,70,70,75,75,75,75,75,75,75,75,75,75,75,75],"card_choices":[{"not_picked":["Deadly Poison","Terror"],"picked":"Bouncing Flask","floor":1},{"not_picked":["Dodge and Roll","Bane"],"picked":"Cloak And Dagger","floor":4},{"not_picked":["Quick Slash","Underhanded Strike"],"picked":"Deadly Poison","floor":7},{"not_picked":["PiercingWail","Underhanded Strike"],"picked":"Flying Knee","floor":8},{"not_picked":["Skewer","Quick Slash","Underhanded Strike"],"picked":"SKIP","floor":10},{"not_picked":["Underhanded Strike","Deflect"],"picked":"Finisher","floor":11},{"not_picked":["Tactician","Dagger Throw"],"picked":"Deadly Poison","floor":13},{"not_picked":["Expertise","Sucker Punch"],"picked":"Adrenaline","floor":14},{"not_picked":["Prepared","Dodge and Roll"],"picked":"Cloak And Dagger","floor":15},{"not_picked":["Glass Knife","After Image"],"picked":"A Thousand Cuts","floor":16},{"not_picked":["Heel Hook","Poisoned Stab"],"picked":"Quick Slash+1","floor":18},{"not_picked":["Setup+1","Tactician"],"picked":"Blade Dance","floor":20},{"not_picked":["Acrobatics","Reflex"],"picked":"Predator+1","floor":21},{"not_picked":["Predator","Dagger Throw"],"picked":"Infinite Blades","floor":24},{"not_picked":["Poisoned Stab","Masterful Stab"],"picked":"Sucker Punch+1","floor":25},{"not_picked":["Dodge and Roll","Sucker Punch"],"picked":"Burst","floor":27},{"not_picked":["Distraction+1","Outmaneuver+1"],"picked":"Catalyst+1","floor":28},{"not_picked":["Deflect","Prepared"],"picked":"Backflip+1","floor":29},{"not_picked":["Wraith Form v2","Phantasmal Killer"],"picked":"Storm of Steel","floor":33},{"not_picked":[],"picked":"Noxious Fumes","floor":35},{"not_picked":[],"picked":"Choke+1","floor":36},{"not_picked":[],"picked":"Poisoned Stab+1","floor":38},{"not_picked":[],"picked":"Deflect+1","floor":40}],"player_experience":423066,"relics_obtained":[{"floor":9,"key":"Dream Catcher"},{"floor":11,"key":"Dodecahedron"},{"floor":14,"key":"Centennial Puzzle"},{"floor":24,"key":"Ancient Tea Set"},{"floor":26,"key":"Blue Candle"}],"event_choices":[{"damage_healed":0,"gold_gain":0,"player_choice":"Success","damage_taken":12,"relics_obtained":["Mummified Hand"],"max_hp_gain":0,"max_hp_loss":0,"event_name":"Scrap Ooze","floor":2,"gold_loss":0},{"damage_healed":0,"gold_gain":0,"player_choice":"Entered Light","damage_taken":14,"max_hp_gain":0,"max_hp_loss":0,"event_name":"Shining Light","floor":3,"gold_loss":0,"cards_upgraded":["Defend_G","Strike_G"]},{"cards_removed":["Strike_G"],"damage_healed":0,"gold_gain":0,"player_choice":"Card Removal","damage_taken":0,"max_hp_gain":0,"max_hp_loss":0,"event_name":"The Cleric","floor":5,"gold_loss":50},{"cards_removed":["Strike_G"],"damage_healed":0,"gold_gain":0,"player_choice":"Elegance","damage_taken":0,"max_hp_gain":0,"max_hp_loss":0,"event_name":"Back to Basics","floor":19,"gold_loss":0},{"damage_healed":0,"gold_gain":0,"player_choice":"Shed Blood","damage_taken":18,"max_hp_gain":5,"max_hp_loss":0,"event_name":"Forgotten Altar","floor":30,"gold_loss":0},{"damage_healed":0,"gold_gain":0,"player_choice":"Inject Mutagens","damage_taken":0,"relics_obtained":["MutagenicStrength"],"max_hp_gain":0,"max_hp_loss":0,"event_name":"Drug Dealer","floor":31,"gold_loss":0},{"damage_healed":0,"gold_gain":0,"player_choice":"Got Potions","damage_taken":0,"max_hp_gain":0,"max_hp_loss":0,"event_name":"Lab","floor":37,"gold_loss":0},{"damage_healed":0,"gold_gain":0,"player_choice":"Ignored","damage_taken":0,"max_hp_gain":0,"max_hp_loss":0,"event_name":"Tomb of Lord Red Mask","floor":39,"gold_loss":0}],"is_beta":false,"boss_relics":[{"not_picked":["HoveringKite","Velvet Choker"],"picked":"Philosopher\u0027s Stone"},{"not_picked":["Coffee Dripper","Black Star"],"picked":"Busted Crown"}],"items_purged_floors":[12],"is_endless":false,"potions_floor_spawned":[1,4,8,21,24,33,35,38],"killed_by":"Giant Head","ascension_level":3}