{"gold_per_floor":[112,112,187,199,199,199,35,35,60,77,107,118,118,134,134,239,239,257,257,56,68,81,81,98,133,133,164,164,6,6,20,20,119,119,129,0,0,0,16,16,346,225,225,60,60,78,95,128,128,128],"floor_reached":51,"playtime":3544,"items_purged":["Defend_R","Strike_R","Strike_R"],"score":855,"play_id":"76a56d1d-b7c5-48af-bfb2-7719b5b0394b","local_time":"20190131232733","is_ascension_mode":true,"campfire_choices":[{"data":"Whirlwind","floor":6,"key":"SMITH"},{"data":"Metallicize","floor":8,"key":"SMITH"},{"data":"Armaments","floor":15,"key":"SMITH"},{"data":"Intimidate","floor":23,"key":"SMITH"},{"data":"Ghostly","floor":32,"key":"SMITH"},{"data":"Limit Break","floor":40,"key":"SMITH"},{"data":"Double Tap","floor":45,"key":"SMITH"},{"data":"Double Tap","floor":49,"key":"SMITH"}],"neow_cost":"NONE","seed_source_timestamp":100941689521000,"circlet_count":0,"master_deck":["Strike_R","Strike_R","Defend_R","Bash","Whirlwind+1","Havoc","Metallicize+1","Warcry","Armaments+1","Metallicize+1","Iron Wave","Warcry","Dark Embrace+1","Spot Weakness","Necronomicurse","Inflame+1","Flex","Intimidate+1","Shockwave","Intimidate","Feel No Pain+1","Double Tap+1","Ghostly+1","Ghostly","Ghostly","Ghostly","Ghostly","Feel No Pain+1","Limit Break+1","Pommel Strike+1","Sentinel+1","Inflame+1","Flex","Inflame+1","Heavy Blade+1","Double Tap+1"],"relics":["Burning Blood","Anchor","Frozen Egg 2","Charon\u0027s Ashes","Sozu","Necronomicon","Bag of Marbles","Mercury Hourglass","Dodecahedron","Black Star","Red Mask","Self Forming Clay","Old Coin","Letter Opener","Omamori","Bottled Lightning"],"potions_floor_usage":[11,16],"damage_taken":[{"damage":3,"enemies":"Small Slimes","floor":1,"turns":3},{"damage":6,"enemies":"2 Louse","floor":4,"turns":3},{"damage":1,"enemies":"Jaw Worm","floor":10,"turns":2},{"damage":17,"enemies":"Lagavulin","floor":11,"turns":9},{"damage":2,"enemies":"Looter","floor":12,"turns":3},{"damage":0,"enemies":"Exordium Wildlife","floor":14,"turns":2},{"damage":15,"enemies":"Slime Boss","floor":16,"turns":8},{"damage":0,"enemies":"Chosen","floor":18,"turns":4},{"damage":0,"enemies":"3 Byrds","floor":21,"turns":1},{"damage":15,"enemies":"Snake Plant","floor":22,"turns":3},{"damage":0,"enemies":"Sentry and Sphere","floor":24,"turns":2},{"damage":38,"enemies":"Slavers","floor":25,"turns":5},{"damage":6,"enemies":"Gremlin Leader","floor":27,"turns":4},{"damage":0,"enemies":"Centurion and Healer","floor":31,"turns":3},{"damage":8,"enemies":"Collector","floor":33,"turns":8},{"damage":0,"enemies":"Orb Walker","floor":35,"turns":1},{"damage":7,"enemies":"3 Shapes","floor":39,"turns":5},{"damage":2,"enemies":"Nemesis","floor":41,"turns":7},{"damage":10,"enemies":"Sphere and 2 Shapes","floor":46,"turns":3},{"damage":0,"enemies":"3 Darklings","floor":47,"turns":5},{"damage":0,"enemies":"Giant Head","floor":48,"turns":5},{"damage":20,"enemies":"Donu and Deca","floor":50,"turns":6}],"seed_played":"1042723489504803556","potions_obtained":[{"floor":4,"key":"Block Potion"},{"floor":10,"key":"Dexterity Potion"}],"is_trial":false,"path_per_floor":["M","?","?","M","?","R","$","R","T","M","E","M","T","M","R","B",null,"M","?","$","M","M","R","M","E","T","E","?","$","?","M","R","B",null,"M","?","?","?","M","R","E","$","T","$","R","M","M","E","R","B",null],"character_chosen":"IRONCLAD","items_purchased":["Metallicize","Warcry","Inflame+1","Flex","Double Tap","Inflame+1","Flex","Inflame+1"],"campfire_rested":0,"item_purchase_floors":[7,7,20,20,29,42,42,44],"current_hp_per_floor":[80,73,62,62,67,67,67,67,67,72,61,65,65,71,71,62,85,85,69,69,75,66,66,72,40,40,40,24,24,24,30,30,28,45,45,45,45,43,42,42,43,43,43,43,43,39,43,43,43,29],"gold":128,"neow_bonus":"REMOVE_CARD","is_prod":false,"is_daily":false,"chose_seed":false,"campfire_upgraded":8,"win_rate":0,"timestamp":1548973653,"path_taken":["M","?","?","M","?","R","?","R","T","M","E","M","?","M","R","BOSS","M","?","$","M","M","R","M","E","T","E","?","$","?","M","R","BOSS","M","?","?","?","M","R","E","$","T","?","R","M","?","E","R","BOSS"],"build_version":"2019-01-23","purchased_purges":3,"victory":true,"max_hp_per_floor":[80,80,80,80,85,85,85,85,85,85,85,85,85,85,85,85,85,85,85,85,85,85,85,85,85,85,85,90,90,45,45,45,45,45,45,45,45,43,43,43,43,43,43,43,43,43,43,43,43,43],"card_choices":[{"not_picked":["True Grit","Sword Boomerang"],"picked":"Whirlwind","floor":1},{"not_picked":["Warcry","Sword Boomerang"],"picked":"Havoc","floor":4},{"not_picked":["Havoc","Twin Strike"],"picked":"Armaments","floor":10},{"not_picked":["Pommel Strike","Armaments"],"picked":"Metallicize","floor":11},{"not_picked":["Carnage","Entrench"],"picked":"Iron Wave","floor":12},{"not_picked":["Uppercut","Sword Boomerang"],"picked":"Warcry","floor":14},{"not_picked":["Limit Break","Immolate"],"picked":"Dark Embrace+1","floor":16},{"not_picked":["Iron Wave","Clothesline"],"picked":"Spot Weakness","floor":18},{"not_picked":["Dropkick","Anger"],"picked":"Intimidate","floor":21},{"not_picked":["Body Slam+1","Clothesline"],"picked":"Shockwave","floor":22},{"not_picked":["True Grit","Twin Strike"],"picked":"Intimidate","floor":24},{"not_picked":["Body Slam","Ghostly Armor"],"picked":"Feel No Pain+1","floor":25},{"not_picked":["Evolve+1","Sever Soul","Ghostly Armor"],"picked":"SKIP","floor":27},{"not_picked":["Combust+1","Headbutt"],"picked":"Feel No Pain+1","floor":31},{"not_picked":["Bludgeon","Barricade+1"],"picked":"Limit Break","floor":33},{"not_picked":["Havoc","Body Slam+1"],"picked":"Pommel Strike+1","floor":35},{"not_picked":["Pommel Strike+1","Headbutt+1","Sever Soul"],"picked":"SKIP","floor":39},{"not_picked":["Barricade+1","Pummel+1"],"picked":"Sentinel+1","floor":41},{"not_picked":["Clothesline","Flex+1"],"picked":"Heavy Blade+1","floor":46},{"not_picked":["Thunderclap","Perfected Strike+1","Feed"],"picked":"SKIP","floor":47},{"not_picked":["Armaments","Iron Wave"],"picked":"Double Tap","floor":48}],"player_experience":459402,"relics_obtained":[{"floor":9,"key":"Anchor"},{"floor":11,"key":"Frozen Egg 2"},{"floor":13,"key":"Charon\u0027s Ashes"},{"floor":19,"key":"Necronomicon"},{"floor":25,"key":"Bag of Marbles"},{"floor":26,"key":"Mercury Hourglass"},{"floor":27,"key":"Dodecahedron"},{"floor":41,"key":"Self Forming Clay"},{"floor":41,"key":"Old Coin"},{"floor":43,"key":"Letter Opener"},{"floor":48,"key":"Omamori"},{"floor":48,"key":"Bottled Lightning"}],"event_choices":[{"cards_removed":["Defend_R"],"damage_healed":0,"gold_gain":0,"player_choice":"Card Removal","damage_taken":7,"max_hp_gain":0,"max_hp_loss":0,"event_name":"Golden Wing","floor":2,"gold_loss":0},{"damage_healed":0,"gold_gain":75,"player_choice":"Gather Gold","damage_taken":11,"max_hp_gain":0,"max_hp_loss":0,"event_name":"World of Goop","floor":3,"gold_loss":0},{"damage_healed":0,"gold_gain":0,"player_choice":"Donut","damage_taken":0,"max_hp_gain":5,"max_hp_loss":0,"event_name":"Big Fish","floor":5,"gold_loss":0},{"damage_healed":0,"gold_gain":0,"player_choice":"Obtained Book","damage_taken":16,"max_hp_gain":0,"max_hp_loss":0,"event_name":"Cursed Tome","floor":19,"gold_loss":0},{"damage_healed":0,"gold_gain":0,"player_choice":"Shed Blood","damage_taken":21,"max_hp_gain":5,"max_hp_loss":0,"event_name":"Forgotten Altar","floor":28,"gold_loss":0},{"damage_healed":0,"gold_gain":0,"player_choice":"Became a Ghost","damage_taken":0,"max_hp_gain":0,"max_hp_loss":45,"event_name":"Ghosts","floor":30,"gold_loss":0,"cards_obtained":["Ghostly","Ghostly","Ghostly","Ghostly","Ghostly"]},{"damage_healed":0,"gold_gain":0,"player_choice":"Paid","damage_taken":0,"relics_obtained":["Red Mask"],"max_hp_gain":0,"max_hp_loss":0,"event_name":"Tomb of Lord Red Mask","floor":36,"gold_loss":129},{"cards_removed":["Strike_R"],"damage_healed":0,"gold_gain":0,"player_choice":"Removed Attack","damage_taken":0,"max_hp_gain":0,"max_hp_loss":0,"event_name":"Falling","floor":37,"gold_loss":0},{"damage_healed":0,"gold_gain":0,"player_choice":"Max HP","damage_taken":0,"max_hp_gain":0,"max_hp_loss":2,"event_name":"Winding Halls","floor":38,"gold_loss":0}],"is_beta":false,"boss_relics":[{"not_picked":["Calling Bell","Astrolabe"],"picked":"Sozu"},{"not_picked":["Orrery","Runic Dome"],"picked":"Black Star"}],"items_purged_floors":[7,20,44],"is_endless":false,"potions_floor_spawned":[4,10,18,25,27,31,35,41,47],"ascension_level":1}