{"gold_per_floor":[115,115,135,7,21,59,59,80,107,137,137,151,151,195,195,324,324,342,25,48,67,44,44,44,67,67,86,100,100,100,25,25,25],"floor_reached":33,"playtime":2826,"items_purged":["Strike_B","Defend_B"],"score":295,"play_id":"8b99d0ec-025d-42d1-93e2-cb5722a2011c","local_time":"20181223224127","is_ascension_mode":true,"campfire_choices":[{"floor":7,"key":"REST"},{"data":"White Noise","floor":11,"key":"SMITH"},{"floor":13,"key":"REST"},{"floor":15,"key":"REST"},{"floor":23,"key":"REST"},{"floor":29,"key":"REST"},{"floor":32,"key":"REST"}],"neow_cost":"NONE","seed_source_timestamp":25000169774608,"circlet_count":0,"master_deck":["Defend_B","Defend_B","Zap","Dualcast","Tempest","Hologram","Recycle","Sweeping Beam","Buffer","White Noise+1","Barrage","Redo","Conserve Battery","Sweeping Beam","Auto Shields","All For One","Melter+1","Creative AI+1","Melter+1","Rebound+1","Gash","Gash","Go for the Eyes","Hologram","Multi-Cast","Reinforced Body+1","Conserve Battery","Force Field","Ghostly","Ghostly","Ghostly","Ghostly","Ghostly","Skim"],"relics":["Cracked Core","Golden Idol","Happy Flower","Dream Catcher","Centennial Puzzle","Astrolabe","Chemical X","Matryoshka"],"potions_floor_usage":[6,14,16,28,33],"damage_taken":[{"damage":1,"enemies":"2 Louse","floor":1,"turns":2},{"damage":9,"enemies":"Small Slimes","floor":3,"turns":4},{"damage":1,"enemies":"Jaw Worm","floor":5,"turns":3},{"damage":22,"enemies":"3 Sentries","floor":6,"turns":5},{"damage":6,"enemies":"2 Fungi Beasts","floor":8,"turns":2},{"damage":13,"enemies":"Large Slime","floor":12,"turns":5},{"damage":23,"enemies":"Lagavulin","floor":14,"turns":5},{"damage":43,"enemies":"The Guardian","floor":16,"turns":10},{"damage":10,"enemies":"Shell Parasite","floor":18,"turns":4},{"damage":3,"enemies":"Chosen","floor":20,"turns":4},{"damage":24,"enemies":"3 Cultists","floor":21,"turns":5},{"damage":15,"enemies":"Snecko","floor":25,"turns":4},{"damage":30,"enemies":"Snake Plant","floor":27,"turns":4},{"damage":14,"enemies":"Centurion and Healer","floor":28,"turns":5},{"damage":59,"enemies":"Champ","floor":33,"turns":17}],"seed_played":"-3770892759723842611","potions_obtained":[{"floor":1,"key":"LiquidBronze"},{"floor":5,"key":"Explosive Potion"},{"floor":14,"key":"Poison Potion"},{"floor":25,"key":"Poison Potion"},{"floor":28,"key":"SkillPotion"}],"is_trial":false,"path_per_floor":["M","?","M","$","M","E","R","M","T","?","R","M","R","E","R","B",null,"M","$","M","M","$","R","?","M","T","M","M","R","?","?","R","B"],"character_chosen":"DEFECT","items_purchased":["Sweeping Beam","Chemical X","Gash","Hologram"],"campfire_rested":6,"item_purchase_floors":[4,19,19,22],"current_hp_per_floor":[74,56,47,47,46,24,46,40,40,40,40,27,49,26,48,5,75,65,65,62,38,38,60,60,45,45,15,1,23,23,23,34,0],"gold":25,"neow_bonus":"THREE_CARDS","is_prod":false,"is_daily":false,"chose_seed":false,"campfire_upgraded":1,"win_rate":0,"timestamp":1545601287,"path_taken":["M","?","M","$","M","E","R","M","T","?","R","M","R","E","R","BOSS","M","$","M","M","$","R","?","M","T","M","M","R","?","?","R","BOSS"],"build_version":"2018-12-20","purchased_purges":2,"victory":false,"max_hp_per_floor":[75,75,75,75,75,75,75,75,75,75,75,75,75,75,75,75,75,75,75,75,75,75,75,75,75,75,75,75,75,37,37,37,37],"card_choices":[{"not_picked":["Beam Cell","Barrage"],"picked":"Tempest","floor":0},{"not_picked":["Loop","Stack"],"picked":"Hologram","floor":1},{"not_picked":["Go for the Eyes","Cold Snap"],"picked":"Recycle","floor":3},{"not_picked":["Ball Lightning","Loop"],"picked":"Buffer","floor":5},{"not_picked":["Go for the Eyes","Compile Driver"],"picked":"White Noise","floor":6},{"not_picked":["Cold Snap","Rebound"],"picked":"Barrage","floor":8},{"not_picked":["Hologram","Stack"],"picked":"Redo","floor":12},{"not_picked":["Ball Lightning","Glacier"],"picked":"Conserve Battery","floor":13},{"not_picked":["Stack","Rip and Tear"],"picked":"Sweeping Beam","floor":14},{"not_picked":["Turbo","Skim"],"picked":"Auto Shields","floor":15},{"not_picked":["Multi-Cast","Core Surge"],"picked":"All For One","floor":16},{"not_picked":["Leap","Streamline"],"picked":"Rebound+1","floor":18},{"not_picked":["Beam Cell","Static Discharge"],"picked":"Gash","floor":20},{"not_picked":["Undo+1","Leap"],"picked":"Go for the Eyes","floor":21},{"not_picked":["Conserve Battery","Rebound"],"picked":"Multi-Cast","floor":25},{"not_picked":["Gash","Steam Power"],"picked":"Reinforced Body+1","floor":27},{"not_picked":["BootSequence","Hologram"],"picked":"Conserve Battery","floor":28},{"not_picked":["Compile Driver","Rip and Tear"],"picked":"Force Field","floor":29},{"not_picked":["Steam","Cold Snap"],"picked":"Skim","floor":32}],"player_experience":450326,"relics_obtained":[{"floor":6,"key":"Happy Flower"},{"floor":9,"key":"Dream Catcher"},{"floor":14,"key":"Centennial Puzzle"},{"floor":26,"key":"Matryoshka"}],"event_choices":[{"damage_healed":0,"gold_gain":0,"player_choice":"Take Damage","damage_taken":18,"relics_obtained":["Golden Idol"],"max_hp_gain":0,"max_hp_loss":0,"event_name":"Golden Idol","floor":2,"gold_loss":0},{"damage_healed":0,"gold_gain":30,"player_choice":"Searched \u00271\u0027 times","damage_taken":0,"max_hp_gain":0,"max_hp_loss":0,"event_name":"Dead Adventurer","floor":10,"gold_loss":0},{"damage_healed":0,"gold_gain":0,"player_choice":"Ignored","damage_taken":0,"max_hp_gain":0,"max_hp_loss":0,"event_name":"Vampires","floor":24,"gold_loss":0},{"damage_healed":0,"gold_gain":0,"player_choice":"Became a Ghost","damage_taken":0,"max_hp_gain":0,"max_hp_loss":38,"event_name":"Ghosts","floor":30,"gold_loss":0,"cards_obtained":["Ghostly","Ghostly","Ghostly","Ghostly","Ghostly"]},{"cards_removed":["Defend_B"],"damage_healed":0,"gold_gain":0,"player_choice":"Gave Gold","damage_taken":0,"max_hp_gain":0,"max_hp_loss":0,"event_name":"Beggar","floor":31,"gold_loss":75}],"is_beta":false,"boss_relics":[{"not_picked":["Snecko Eye","Empty Cage"],"picked":"Astrolabe"}],"items_purged_floors":[4,19],"is_endless":false,"potions_floor_spawned":[1,5,14,25,28],"killed_by":"Champ","ascension_level":1}