{"gold_per_floor":[117,292,310,330,347,347,347,367,448,477,477,477,538,552,552,648,648,668,694,704,279,297,297],"floor_reached":23,"playtime":2955,"items_purged":["Strike_R"],"score":223,"play_id":"00717c83-d58a-4cfb-8a25-e9728689e7a3","local_time":"20180827004856","is_ascension_mode":true,"campfire_choices":[{"data":"Armaments","floor":6.0,"key":"SMITH"},{"floor":11.0,"key":"REST"},{"data":"Entrench","floor":15,"key":"SMITH"}],"neow_cost":"","seed_source_timestamp":0,"circlet_count":0,"master_deck":["Strike_R","Strike_R","Strike_R","Strike_R","Defend_R","Defend_R+1","Defend_R","Defend_R","Bash","Armaments+1","Doubt","Metallicize+1","Iron Wave","Twin Strike","Shrug It Off","Warcry","Shrug It Off","Entrench+1","Double Tap","Spot Weakness","Infernal Blade","Anger+1"],"special_seed":0,"relics":["Burning Blood","Matryoshka","Ginger","Tiny Chest","Lizard Tail","Bronze Scales","Bottled Lightning","Toolbox","Regal Pillow"],"potions_floor_usage":[13,13,13,16,16,22],"damage_taken":[{"damage":13.0,"enemies":"Jaw Worm","floor":1.0,"turns":4.0},{"damage":1.0,"enemies":"Cultist","floor":3.0,"turns":4.0},{"damage":11.0,"enemies":"2 Louse","floor":4.0,"turns":4.0},{"damage":12.0,"enemies":"2 Fungi Beasts","floor":5.0,"turns":6.0},{"damage":11.0,"enemies":"3 Louse","floor":8.0,"turns":6.0},{"damage":47.0,"enemies":"Gremlin Nob","floor":10.0,"turns":7.0},{"damage":6,"enemies":"Lagavulin","floor":13,"turns":7},{"damage":22,"enemies":"Lots of Slimes","floor":14,"turns":5},{"damage":19,"enemies":"Hexaghost","floor":16,"turns":14},{"damage":74,"enemies":"3 Byrds","floor":18,"turns":13},{"damage":22,"enemies":"Spheric Guardian","floor":20,"turns":9},{"damage":23,"enemies":"Shelled Parasite and Fungi","floor":22,"turns":5},{"damage":34,"enemies":"Slavers","floor":23,"turns":2}],"seed_played":"2827106024943349085","potions_obtained":[{"floor":1.0,"key":"Energy Potion"},{"floor":8.0,"key":"Fruit Juice"},{"floor":10.0,"key":"Dexterity Potion"},{"floor":13,"key":"FearPotion"},{"floor":14,"key":"Poison Potion"},{"floor":20,"key":"LiquidBronze"}],"is_trial":false,"path_per_floor":["M","?","M","M","M","R","?","M","T","E","R","?","E","M","R","B",null,"M","T","M","$","M"],"character_chosen":"IRONCLAD","items_purchased":["Toolbox","Regal Pillow"],"campfire_rested":1,"item_purchase_floors":[21,21],"current_hp_per_floor":[73,73,78,73,67,67,72,67,67,26,51,34,39,23,23,10,90,22,22,51,51,34,0],"gold":297,"neow_bonus":"","is_prod":false,"is_daily":false,"chose_seed":false,"campfire_upgraded":2,"win_rate":0,"timestamp":1535323736,"path_taken":["M","?","M","M","?","R","?","M","T","E","R","?","E","M","R","BOSS","M","?","M","$","?","E"],"build_version":"2018-08-23v2","purchased_purges":1,"victory":false,"max_hp_per_floor":[80,80,80,80,80,80,85,85,85,85,85,85,90,90,90,90,90,90,90,90,90,90,90],"card_choices":[{"not_picked":["Flame Barrier","Carnage"],"picked":"Armaments","floor":1.0},{"not_picked":["Inflame","Uppercut"],"picked":"Metallicize","floor":3.0},{"not_picked":["Combust","Clothesline"],"picked":"Iron Wave","floor":4.0},{"not_picked":["Sever Soul","Rampage"],"picked":"Twin Strike","floor":5.0},{"not_picked":["Intimidate","Clash"],"picked":"Shrug It Off","floor":8.0},{"not_picked":["Dark Embrace","Dropkick"],"picked":"Warcry","floor":10.0},{"not_picked":["Carnage","Intimidate"],"picked":"Shrug It Off","floor":13},{"not_picked":["Clothesline","Armaments"],"picked":"Entrench","floor":14},{"not_picked":["Offering","Bludgeon"],"picked":"Double Tap","floor":16},{"not_picked":["Feel No Pain","Evolve+1"],"picked":"Spot Weakness","floor":18},{"not_picked":["Armaments","Wild Strike"],"picked":"Infernal Blade","floor":20},{"not_picked":["Cleave","Clash"],"picked":"Anger+1","floor":22}],"player_experience":268758,"relics_obtained":[{"floor":9.0,"key":"Matryoshka"},{"floor":10.0,"key":"Ginger"},{"floor":13,"key":"Tiny Chest"},{"floor":19,"key":"Bronze Scales"},{"floor":19,"key":"Bottled Lightning"}],"event_choices":[{"event_name":"Liars Game","player_choice":"agreed","floor":2.0,"damage_taken":0.0},{"event_name":"Big Fish","player_choice":"Donut","floor":7.0,"damage_taken":0.0},{"event_name":"Shining Light","player_choice":"Entered Light","floor":12.0,"damage_taken":0.0}],"is_beta":false,"boss_relics":[{"not_picked":["White Beast Statue","Snecko Eye"],"picked":"Lizard Tail"}],"items_purged_floors":[21],"is_endless":false,"potions_floor_spawned":[1,8,10,13,14,20],"killed_by":"Slavers","ascension_level":2}