{"gold_per_floor":[109,29,29,42,56,56,76,76,99,99,199,199,7,39,39,137,137,156,174,174,192,208,208,235,246,246,246],"floor_reached":27,"playtime":1615,"items_purged":[],"score":280,"play_id":"8fb996b6-144c-47d3-b3c7-91c54c4f7012","local_time":"20190220011719","is_ascension_mode":true,"campfire_choices":[{"data":"White Noise","floor":6,"key":"SMITH"},{"data":"Tempest","floor":8,"key":"SMITH"},{"data":"Gash","floor":10,"key":"SMITH"},{"data":"Chaos","floor":12,"key":"SMITH"},{"data":"Defragment","floor":15,"key":"SMITH"},{"floor":23,"key":"REST"}],"neow_cost":"NONE","seed_source_timestamp":1337715212500,"circlet_count":0,"master_deck":["Strike_B","Strike_B","Defend_B","Defend_B","Defend_B","Defend_B","Zap+1","Dualcast","Chaos+1","White Noise+1","Compile Driver","Tempest+1","Gash+1","Defragment+1","Rebound","Multi-Cast","Conserve Battery","Gash+1","Auto Shields+1","Electrodynamics","Compile Driver"],"relics":["Cracked Core","Art of War","Bag of Preparation","Dream Catcher","Empty Cage","Omamori","Letter Opener"],"potions_floor_usage":[7,16,16,18,24],"damage_taken":[{"damage":0,"enemies":"Cultist","floor":1,"turns":3},{"damage":2,"enemies":"Jaw Worm","floor":4,"turns":3},{"damage":0,"enemies":"Small Slimes","floor":5,"turns":2},{"damage":13,"enemies":"Exordium Wildlife","floor":7,"turns":3},{"damage":14,"enemies":"Lagavulin","floor":14,"turns":4},{"damage":31,"enemies":"The Guardian","floor":16,"turns":6},{"damage":7,"enemies":"Shell Parasite","floor":18,"turns":2},{"damage":5,"enemies":"Chosen","floor":19,"turns":4},{"damage":7,"enemies":"Centurion and Healer","floor":21,"turns":5},{"damage":24,"enemies":"Snake Plant","floor":22,"turns":3},{"damage":22,"enemies":"Slavers","floor":24,"turns":3},{"damage":16,"enemies":"Snecko","floor":25,"turns":4},{"damage":11,"enemies":"Centurion and Healer","floor":27,"turns":3}],"seed_played":"1411887414101782009","potions_obtained":[{"floor":4,"key":"Block Potion"},{"floor":5,"key":"PowerPotion"},{"floor":14,"key":"Poison Potion"},{"floor":16,"key":"LiquidBronze"},{"floor":22,"key":"Block Potion"}],"is_trial":false,"path_per_floor":["M","$","?","M","M","R","M","R","T","R","?","R","$","E","R","B",null,"M","M","?","M","M","R","E","M","T","M"],"character_chosen":"DEFECT","items_purchased":["White Noise","Defragment","Bag of Preparation"],"campfire_rested":1,"item_purchase_floors":[2,13,13],"current_hp_per_floor":[75,75,75,73,73,73,60,60,60,60,60,60,60,46,46,15,75,68,63,49,42,18,42,20,4,4,0],"gold":246,"neow_bonus":"UPGRADE_CARD","is_prod":false,"is_daily":false,"chose_seed":false,"campfire_upgraded":5,"win_rate":0,"timestamp":1550621839,"path_taken":["M","?","?","M","M","R","M","R","T","R","?","R","$","E","R","BOSS","M","?","?","M","M","R","E","M","T","M"],"build_version":"2019-01-23","purchased_purges":0,"victory":false,"max_hp_per_floor":[75,75,75,75,75,75,75,75,75,75,75,75,75,75,75,75,75,75,75,80,80,80,80,80,80,80,80],"card_choices":[{"not_picked":["Beam Cell","Ball Lightning"],"picked":"Chaos","floor":1},{"not_picked":["Static Discharge","Cold Snap"],"picked":"Compile Driver","floor":4},{"not_picked":["Chaos","Turbo"],"picked":"Tempest","floor":5},{"not_picked":["Barrage","Conserve Battery"],"picked":"Gash","floor":7},{"not_picked":["Ball Lightning","Coolheaded"],"picked":"Rebound","floor":14},{"not_picked":["Fission","Machine Learning"],"picked":"Multi-Cast","floor":16},{"not_picked":["Coolheaded","Hologram"],"picked":"Conserve Battery","floor":18},{"not_picked":["Lockon","Self Repair"],"picked":"Gash+1","floor":19},{"not_picked":["Chill","Steam"],"picked":"Auto Shields+1","floor":21},{"not_picked":["Conserve Battery","Stack"],"picked":"Electrodynamics","floor":22},{"not_picked":["Go for the Eyes","Leap"],"picked":"Compile Driver","floor":23},{"not_picked":["Leap","Stack","Blizzard+1"],"picked":"SKIP","floor":24},{"not_picked":["Coolheaded","Steam","Storm"],"picked":"SKIP","floor":25}],"player_experience":463686,"relics_obtained":[{"floor":9,"key":"Art of War"},{"floor":14,"key":"Dream Catcher"},{"floor":24,"key":"Omamori"},{"floor":26,"key":"Letter Opener"}],"event_choices":[{"damage_healed":0,"gold_gain":0,"player_choice":"Leave","damage_taken":0,"max_hp_gain":0,"max_hp_loss":0,"event_name":"The Cleric","floor":3,"gold_loss":0},{"damage_healed":0,"gold_gain":100,"player_choice":"Pray","damage_taken":0,"max_hp_gain":0,"max_hp_loss":0,"event_name":"Golden Shrine","floor":11,"gold_loss":0},{"damage_healed":0,"gold_gain":0,"player_choice":"Shed Blood","damage_taken":19,"max_hp_gain":5,"max_hp_loss":0,"event_name":"Forgotten Altar","floor":20,"gold_loss":0}],"is_beta":false,"boss_relics":[{"not_picked":["Velvet Choker","Runic Dome"],"picked":"Empty Cage"}],"items_purged_floors":[],"is_endless":false,"potions_floor_spawned":[4,5,14,16,22],"killed_by":"Centurion and Healer","ascension_level":4}