{"gold_per_floor":[117,117,42,61,81,81,81,81,81,112,123,137,137,137,137,234,234,246,49,65,65,165,165,176,206,206,206,224,147,197,99,99,194,194,211,86,0,18,69,69,69,69,69,81,81,81,81,97,97,97],"floor_reached":51,"playtime":5087,"items_purged":["Defend_R","Defend_R","Clothesline+1"],"score":878,"play_id":"72c6fcea-0e24-47ab-a307-4cdd51adf9a9","local_time":"20180704010359","is_ascension_mode":true,"campfire_choices":[{"data":"Flex","floor":6,"key":"SMITH"},{"data":"Inflame","floor":8,"key":"SMITH"},{"data":"Dual Wield","floor":15,"key":"SMITH"},{"data":"Flash of Steel","floor":23,"key":"SMITH"},{"data":"Clash","floor":27,"key":"SMITH"},{"floor":32,"key":"REST"},{"floor":40,"key":"REST"},{"data":"1","floor":45,"key":"LIFT"},{"data":"Limit Break","floor":49,"key":"SMITH"}],"neow_cost":"NONE","seed_source_timestamp":7074401705300,"circlet_count":0,"master_deck":["Bash","Shrug It Off","Inflame+1","Flex+1","Shrug It Off","Dual Wield+1","Limit Break+1","Limit Break+1","Pommel Strike+1","Clash+1","Flash of Steel+1","Rampage+1","Dual Wield+1","J.A.X.+1","Trip+1","Fiend Fire","Shrug It Off+1","Evolve","Rampage","Shockwave+1","Inflame+1","Writhe","Metallicize+1","Secret Weapon+1"],"relics":["Burning Blood","Lantern","Vajra","Juzu Bracelet","Astrolabe","Toxic Egg 2","Kunai","Bronze Scales","Pandora\u0027s Box","Red Mask","Du-Vu Doll","Girya","Peace Pipe"],"potions_floor_usage":[24,25,33,35,44,50,50],"damage_taken":[{"damage":7,"enemies":"2 Louse","floor":1,"turns":2},{"damage":3,"enemies":"Jaw Worm","floor":4,"turns":4},{"damage":0,"enemies":"Cultist","floor":5,"turns":3},{"damage":14,"enemies":"Gremlin Nob","floor":10,"turns":3},{"damage":4,"enemies":"Blue Slaver","floor":11,"turns":3},{"damage":4,"enemies":"3 Louse","floor":12,"turns":3},{"damage":63,"enemies":"The Guardian","floor":16,"turns":11},{"damage":20,"enemies":"Chosen","floor":18,"turns":5},{"damage":35,"enemies":"3 Byrds","floor":20,"turns":4},{"damage":0,"enemies":"Centurion and Healer","floor":24,"turns":3},{"damage":17,"enemies":"Slavers","floor":25,"turns":3},{"damage":22,"enemies":"Sentry and Sphere","floor":28,"turns":4},{"damage":43,"enemies":"Automaton","floor":33,"turns":6},{"damage":15,"enemies":"Orb Walker","floor":35,"turns":2},{"damage":21,"enemies":"3 Shapes","floor":38,"turns":4},{"damage":44,"floor":39,"turns":5},{"damage":15,"floor":41,"turns":4},{"damage":55,"enemies":"Sphere and 2 Shapes","floor":44,"turns":5},{"damage":4,"enemies":"Maw","floor":48,"turns":4},{"damage":67,"enemies":"Time Eater","floor":50,"turns":6}],"seed_played":"5464827210446506374","potions_obtained":[{"floor":11,"key":"SpeedPotion"},{"floor":12,"key":"SteroidPotion"},{"floor":16,"key":"GamblersBrew"},{"floor":24,"key":"AttackPotion"},{"floor":33,"key":"SteroidPotion"},{"floor":39,"key":"FearPotion"},{"floor":41,"key":"FearPotion"},{"floor":48,"key":"Block Potion"}],"is_trial":false,"path_per_floor":["M","?","$","M","M","R","$","R","T","E","M","M","?","?","R","B",null,"M","$","M","$","?","R","M","E","T","R","M","?","T","$","R","B",null,"M","$","?","M","?","R","?","?","T","M","R","?","?","M","R","B"],"character_chosen":"IRONCLAD","items_purchased":["Flash of Steel","Trip+1"],"campfire_rested":2,"item_purchase_floors":[19,31],"current_hp_per_floor":[87,80,80,83,88,88,88,88,88,80,82,84,66,66,66,9,88,74,74,45,45,45,45,51,40,40,40,24,24,24,24,50,13,88,79,79,79,64,26,52,43,65,65,16,16,16,77,77,77,16],"gold":97,"neow_bonus":"TEN_PERCENT_HP_BONUS","is_prod":false,"is_daily":false,"chose_seed":false,"campfire_upgraded":6,"win_rate":0,"timestamp":1530659039,"path_taken":["M","?","$","M","M","R","$","R","T","E","M","M","?","?","R","BOSS","M","$","M","$","?","R","M","E","T","R","M","?","?","?","R","BOSS","M","$","?","M","?","R","?","?","T","M","R","?","?","M","R","BOSS"],"build_version":"2018-06-28","purchased_purges":3,"victory":true,"max_hp_per_floor":[88,88,88,88,88,88,88,88,88,88,88,88,88,88,88,88,88,88,88,88,88,88,88,88,88,88,88,88,88,88,88,88,88,88,88,88,88,88,88,88,88,88,88,88,88,88,77,77,77,77],"card_choices":[{"not_picked":["Thunderclap","Headbutt"],"picked":"Shrug It Off","floor":1},{"not_picked":["Thunderclap","Fire Breathing"],"picked":"Inflame","floor":4},{"not_picked":["Reckless Charge","Dropkick"],"picked":"Flex","floor":5},{"not_picked":["Clothesline","Iron Wave"],"picked":"Shrug It Off","floor":10},{"not_picked":["Headbutt","Power Through"],"picked":"Dual Wield","floor":11},{"not_picked":["Flame Barrier","Havoc","Cleave"],"picked":"SKIP","floor":12},{"not_picked":["Bludgeon","Reaper"],"picked":"Limit Break","floor":16},{"not_picked":["Cleave","Sword Boomerang+1"],"picked":"Clash","floor":18},{"not_picked":["Sentinel","Carnage"],"picked":"Rampage+1","floor":20},{"not_picked":["Flex","Combust","True Grit"],"picked":"SKIP","floor":24},{"not_picked":["Barricade","Havoc","Battle Trance"],"picked":"SKIP","floor":25},{"not_picked":["Wild Strike+1","True Grit+1"],"picked":"Dual Wield+1","floor":28},{"not_picked":["Feed","Berserk"],"picked":"Fiend Fire","floor":33},{"not_picked":["Armaments+1","Warcry+1","Wild Strike"],"picked":"SKIP","floor":35},{"not_picked":["Clothesline+1","Warcry+1"],"picked":"Inflame+1","floor":38},{"not_picked":["Anger+1","Burning Pact+1"],"picked":"Metallicize+1","floor":44},{"not_picked":["Madness+1","Panache"],"picked":"Secret Weapon+1","floor":46},{"not_picked":["Havoc+1","Carnage+1","Clothesline"],"picked":"SKIP","floor":48}],"player_experience":144003,"relics_obtained":[{"floor":9,"key":"Vajra"},{"floor":10,"key":"Juzu Bracelet"},{"floor":25,"key":"Toxic Egg 2"},{"floor":26,"key":"Kunai"},{"floor":30,"key":"Bronze Scales"},{"floor":39,"key":"Du-Vu Doll"},{"floor":41,"key":"Girya"},{"floor":43,"key":"Peace Pipe"}],"event_choices":[{"event_name":"Scrap Ooze","player_choice":"success","floor":2,"damage_taken":7},{"event_name":"Shining Light","player_choice":"Entered Light","floor":13,"damage_taken":0},{"event_name":"Transmorgrifier","player_choice":"Transform","floor":14,"damage_taken":0},{"event_name":"Golden Shrine","player_choice":"Pray","floor":22,"damage_taken":0},{"event_name":"Drug Dealer","player_choice":"Got JAXXED","floor":29,"damage_taken":0},{"event_name":"Tomb of Lord Red Mask","player_choice":"Paid","floor":37,"damage_taken":0},{"event_name":"Mysterious Sphere","player_choice":"Fight","floor":39,"damage_taken":0},{"event_name":"MindBloom","player_choice":"Fight","floor":41,"damage_taken":0},{"event_name":"Winding Halls","player_choice":"Writhe","floor":42,"damage_taken":0},{"event_name":"SensoryStone","player_choice":"Memory 1","floor":46,"damage_taken":0},{"event_name":"The Moai Head","player_choice":"Heal","floor":47,"damage_taken":0}],"boss_relics":[{"not_picked":["Orrery","Eternal Feather"],"picked":"Astrolabe"},{"not_picked":["Mark of Pain","Fusion Hammer"],"picked":"Pandora\u0027s Box"}],"items_purged_floors":[3,19,36],"is_endless":false,"potions_floor_spawned":[11,12,16,24,33,39,41,48],"ascension_level":1}