{"gold_per_floor":[119,139,139,151,164,164,195,120,120,131,131,152,74,74,74,74],"floor_reached":16,"playtime":914,"items_purged":["Strike_B"],"score":105,"play_id":"aee8805c-bbd1-4172-8333-aca374860594","local_time":"20180705020419","is_ascension_mode":true,"campfire_choices":[{"data":"Heatsinks","floor":6,"key":"SMITH"},{"data":"Tempest","floor":15,"key":"SMITH"}],"neow_cost":"NONE","seed_source_timestamp":101296426405694,"circlet_count":0,"master_deck":["Strike_B","Strike_B","Defend_B","Defend_B","Defend_B","Defend_B","Zap","Dualcast","Undo","Redo","Conserve Battery","Aggregate","Heatsinks+1","Self Repair","Ball Lightning","Tempest+1","Static Discharge"],"relics":["Cracked Core","Boot","Happy Flower","Mummified Hand","Odd Mushroom","Ornamental Fan"],"potions_floor_usage":[7,7],"damage_taken":[{"damage":0,"enemies":"Small Slimes","floor":1,"turns":3},{"damage":1,"enemies":"2 Louse","floor":2,"turns":2},{"damage":1,"enemies":"Cultist","floor":4,"turns":3},{"damage":15,"enemies":"Large Slime","floor":5,"turns":7},{"damage":25,"enemies":"3 Sentries","floor":7,"turns":6},{"damage":5,"enemies":"Looter","floor":10,"turns":3},{"damage":17,"floor":12,"turns":4},{"damage":21,"enemies":"The Guardian","floor":16,"turns":9}],"seed_played":"-2219929826329846693","potions_obtained":[{"floor":1,"key":"Poison Potion"},{"floor":5,"key":"Explosive Potion"},{"floor":7,"key":"FocusPotion"},{"floor":10,"key":"EssenceOfSteel"}],"is_trial":false,"path_per_floor":["M","M","?","M","M","R","E","$","T","M","?","?","$","T","R"],"character_chosen":"DEFECT","items_purchased":["Static Discharge"],"campfire_rested":0,"item_purchase_floors":[13],"current_hp_per_floor":[75,74,79,78,63,63,38,38,38,40,37,20,20,20,20,0],"gold":74,"neow_bonus":"TRANSFORM_CARD","is_prod":false,"is_daily":false,"chose_seed":false,"campfire_upgraded":2,"win_rate":0,"timestamp":1530749059,"path_taken":["M","M","?","M","M","R","E","$","T","?","?","?","$","?","R","BOSS"],"build_version":"2018-06-28","purchased_purges":1,"victory":false,"max_hp_per_floor":[75,75,80,80,80,80,80,80,80,80,80,80,80,80,80,80],"card_choices":[{"not_picked":["Undo","Lockon"],"picked":"Redo","floor":1},{"not_picked":["Turbo","Sweeping Beam"],"picked":"Conserve Battery","floor":2},{"not_picked":["Redo","BootSequence"],"picked":"Aggregate","floor":4},{"not_picked":["Scrape","Go for the Eyes"],"picked":"Heatsinks","floor":5},{"not_picked":["Gash","Turbo"],"picked":"Self Repair","floor":7},{"not_picked":["Static Discharge","Sweeping Beam"],"picked":"Ball Lightning","floor":10},{"not_picked":["Gash","Go for the Eyes"],"picked":"Tempest","floor":12}],"player_experience":159183,"relics_obtained":[{"floor":7,"key":"Boot"},{"floor":9,"key":"Happy Flower"},{"floor":12,"key":"Odd Mushroom"},{"floor":14,"key":"Ornamental Fan"}],"event_choices":[{"event_name":"Big Fish","player_choice":"Donut","floor":3,"damage_taken":0},{"event_name":"Scrap Ooze","player_choice":"success","floor":11,"damage_taken":3},{"event_name":"Mushrooms","player_choice":"Fought Mushrooms","floor":12,"damage_taken":0}],"boss_relics":[],"items_purged_floors":[8],"is_endless":false,"potions_floor_spawned":[1,5,7,10],"killed_by":"The Guardian","ascension_level":1}