{"gold_per_floor":[116,136,149,149,38,38,52,52,128,147,97,122,122,157,157,255,255,274,8,8,8,8,8],"floor_reached":23,"playtime":1072,"items_purged":["Defend_R","Strike_R"],"score":274,"play_id":"9838168b-27ae-42a1-a909-dd460b6d64ac","local_time":"20190408012108","is_ascension_mode":true,"campfire_choices":[{"data":"Infernal Blade","floor":6,"key":"SMITH"},{"data":"Anger","floor":8,"key":"SMITH"},{"data":"Demon Form","floor":15,"key":"SMITH"}],"neow_cost":"PERCENT_DAMAGE","seed_source_timestamp":53284147742300,"circlet_count":0,"master_deck":["Strike_R","Strike_R","Strike_R","Strike_R+1","Defend_R+1","Defend_R","Bash","Anger+1","Flex","Infernal Blade+1","Combust","Shrug It Off","Shockwave","Heavy Blade","Demon Form+1","Limit Break","Feel No Pain+1","Mayhem","Shrug It Off"],"relics":["Black Blood","Meat on the Bone","Odd Mushroom","Vajra"],"potions_floor_usage":[12,14,17],"damage_taken":[{"damage":3,"enemies":"Small Slimes","floor":1,"turns":3},{"damage":5,"enemies":"2 Louse","floor":2,"turns":4},{"damage":9,"enemies":"Jaw Worm","floor":3,"turns":3},{"damage":3,"enemies":"Large Slime","floor":7,"turns":4},{"damage":1,"enemies":"Looter","floor":10,"turns":2},{"damage":9,"enemies":"The Mushroom Lair","floor":12,"turns":3},{"damage":13,"enemies":"Gremlin Nob","floor":14,"turns":3},{"damage":60,"enemies":"Hexaghost","floor":16,"turns":7},{"damage":17,"enemies":"3 Byrds","floor":18,"turns":4},{"damage":77,"enemies":"Book of Stabbing","floor":23,"turns":6}],"seed_played":"-3534998397118560880","potions_obtained":[{"floor":1,"key":"PowerPotion"},{"floor":7,"key":"Poison Potion"},{"floor":16,"key":"Fruit Juice"}],"is_trial":false,"path_per_floor":["M","M","M","?","$","R","M","R","T","M","?","?","?","E","R","B",null,"M","$","?","?","?","E"],"character_chosen":"IRONCLAD","items_purchased":["Combust","Mayhem"],"campfire_rested":0,"item_purchase_floors":[5,19],"current_hp_per_floor":[75,76,73,78,78,78,81,81,81,86,86,83,63,68,68,26,106,99,99,99,77,77,0],"gold":8,"neow_bonus":"TWENTY_PERCENT_HP_BONUS","is_prod":false,"is_daily":false,"chose_seed":false,"campfire_upgraded":3,"win_rate":0,"timestamp":1554679268,"path_taken":["M","M","M","?","$","R","M","R","T","M","?","?","?","E","R","BOSS","M","$","?","?","?","E"],"build_version":"2019-01-23","purchased_purges":2,"victory":false,"max_hp_per_floor":[96,96,96,101,101,101,101,101,101,101,101,101,101,101,101,101,106,106,106,106,111,111,111],"card_choices":[{"not_picked":["Pummel","Twin Strike"],"picked":"Anger","floor":1},{"not_picked":["Corruption","Blood for Blood"],"picked":"Flex","floor":2},{"not_picked":["Flex","Body Slam"],"picked":"Infernal Blade","floor":3},{"not_picked":["Heavy Blade","Clash"],"picked":"Shrug It Off","floor":7},{"not_picked":["Reaper","Body Slam"],"picked":"Shockwave","floor":10},{"not_picked":["Sever Soul","Feel No Pain"],"picked":"Heavy Blade","floor":12},{"not_picked":["Reckless Charge","Iron Wave"],"picked":"Demon Form","floor":14},{"not_picked":["Feed","Fiend Fire"],"picked":"Limit Break","floor":16},{"not_picked":["Corruption","Power Through"],"picked":"Feel No Pain+1","floor":18}],"player_experience":488909,"relics_obtained":[{"floor":9,"key":"Meat on the Bone"},{"floor":12,"key":"Odd Mushroom"},{"floor":14,"key":"Vajra"}],"event_choices":[{"damage_healed":0,"gold_gain":0,"player_choice":"Donut","damage_taken":0,"max_hp_gain":5,"max_hp_loss":0,"event_name":"Big Fish","floor":4,"gold_loss":0},{"cards_removed":["Defend_R"],"damage_healed":0,"gold_gain":0,"player_choice":"Card Removal","damage_taken":0,"max_hp_gain":0,"max_hp_loss":0,"event_name":"The Cleric","floor":11,"gold_loss":50},{"damage_healed":0,"gold_gain":0,"player_choice":"Fought Mushrooms","damage_taken":0,"max_hp_gain":0,"max_hp_loss":0,"event_name":"Mushrooms","floor":12,"gold_loss":0},{"damage_healed":0,"gold_gain":0,"player_choice":"Entered Light","damage_taken":20,"max_hp_gain":0,"max_hp_loss":0,"event_name":"Shining Light","floor":13,"gold_loss":0,"cards_upgraded":["Strike_R","Defend_R"]},{"damage_healed":0,"gold_gain":0,"player_choice":"Read","damage_taken":0,"max_hp_gain":0,"max_hp_loss":0,"event_name":"The Library","floor":20,"gold_loss":0,"cards_obtained":["Shrug It Off"]},{"damage_healed":0,"gold_gain":0,"player_choice":"Shed Blood","damage_taken":27,"max_hp_gain":5,"max_hp_loss":0,"event_name":"Forgotten Altar","floor":21,"gold_loss":0},{"damage_healed":0,"gold_gain":0,"player_choice":"Ignored","damage_taken":0,"max_hp_gain":0,"max_hp_loss":0,"event_name":"Vampires","floor":22,"gold_loss":0}],"is_beta":false,"boss_relics":[{"not_picked":["Philosopher\u0027s Stone","Eternal Feather"],"picked":"Black Blood"}],"items_purged_floors":[5,19],"is_endless":false,"potions_floor_spawned":[1,7,16],"killed_by":"Book of Stabbing","ascension_level":4}