{"gold_per_floor":[109,125,125,136,148,175,186,213,237,302,302,335,87,101,101,228,228,211,211,224,149,68,93,113,125,125,156,173,173,192,218,218,323,323,333,293,293,310,310,342,356,382,382,39,71,71,106,206,206,206,206,206,6,36,36],"floor_reached":56,"playtime":4958,"items_purged":[],"score":1532,"play_id":"926d1649-8339-47e3-b589-43167e0a8b4c","local_time":"20190901141613","is_ascension_mode":true,"campfire_choices":[{"data":"Barricade","floor":11,"key":"SMITH"},{"data":"Magnetism","floor":15,"key":"SMITH"},{"data":"Armaments","floor":29,"key":"SMITH"},{"data":"Entrench","floor":32,"key":"SMITH"},{"data":"Madness","floor":46,"key":"SMITH"},{"floor":49,"key":"RECALL"},{"data":"Brutality","floor":52,"key":"SMITH"}],"neow_cost":"NONE","seed_source_timestamp":0,"circlet_count":0,"master_deck":["Strike_R","Strike_R","Strike_R","Strike_R","Strike_R","Defend_R","Defend_R+1","Defend_R","Bash","Reaper+1","Battle Trance+1","Armaments+1","Infernal Blade","Ghostly Armor","Barricade+1","Cleave","Spot Weakness","Inflame","Feel No Pain","Seeing Red","Magnetism+1","Feel No Pain","Juggernaut","True Grit+1","Necronomicurse","Ghostly Armor","Metallicize","Immolate","Twin Strike+1","Body Slam+1","Blood for Blood+1","Power Through","Limit Break","Entrench+1","Brutality+1","Pummel+1","Metallicize","Violence","Purity","Panacea","Dual Wield","Madness","Madness+1","Dual Wield+1","Blood for Blood+1","Whirlwind+1","Ghostly Armor","Corruption+1","Seeing Red","Iron Wave+1","Disarm","Secret Weapon","Feed"],"special_seed":0,"relics":["Burning Blood","Bag of Marbles","Bottled Tornado","Pen Nib","Strawberry","Centennial Puzzle","Mark of Pain","Necronomicon","Boot","Bronze Scales","WingedGreaves","War Paint","Philosopher\u0027s Stone","Blue Candle","Paper Frog","Charon\u0027s Ashes","Dead Branch","Bag of Preparation","StoneCalendar","Bird Faced Urn"],"potions_floor_usage":[8,14,23,23,24,28,35,48,50],"damage_taken":[{"damage":14,"enemies":"Small Slimes","floor":1,"turns":5},{"damage":1,"enemies":"Cultist","floor":2,"turns":3},{"damage":5,"enemies":"Jaw Worm","floor":4,"turns":5},{"damage":6,"enemies":"Looter","floor":5,"turns":3},{"damage":30,"enemies":"3 Sentries","floor":6,"turns":12},{"damage":17,"enemies":"Exordium Wildlife","floor":7,"turns":4},{"damage":6,"enemies":"Gremlin Nob","floor":8,"turns":3},{"damage":34,"enemies":"Gremlin Nob","floor":10,"turns":5},{"damage":40,"enemies":"3 Sentries","floor":12,"turns":8},{"damage":0,"enemies":"3 Louse","floor":14,"turns":2},{"damage":37,"enemies":"Hexaghost","floor":16,"turns":12},{"damage":25,"enemies":"2 Thieves","floor":18,"turns":4},{"damage":27,"enemies":"Spheric Guardian","floor":20,"turns":6},{"damage":70,"enemies":"Slavers","floor":23,"turns":5},{"damage":15,"enemies":"Snake Plant","floor":24,"turns":4},{"damage":5,"enemies":"Centurion and Healer","floor":25,"turns":2},{"damage":2,"enemies":"Gremlin Leader","floor":27,"turns":6},{"damage":18,"enemies":"3 Cultists","floor":28,"turns":3},{"damage":20,"enemies":"Snake Plant","floor":30,"turns":5},{"damage":12,"enemies":"Book of Stabbing","floor":31,"turns":5},{"damage":0,"enemies":"Automaton","floor":33,"turns":11},{"damage":0,"enemies":"3 Darklings","floor":35,"turns":2},{"damage":14,"enemies":"3 Shapes","floor":38,"turns":3},{"damage":20,"enemies":"Giant Head","floor":40,"turns":7},{"damage":19,"enemies":"Maw","floor":41,"turns":6},{"damage":42,"enemies":"Nemesis","floor":42,"turns":3},{"damage":12,"enemies":"Giant Head","floor":45,"turns":6},{"damage":45,"enemies":"Reptomancer","floor":47,"turns":4},{"damage":9,"enemies":"Mind Bloom Boss Battle","floor":48,"turns":2},{"damage":23,"enemies":"Donu and Deca","floor":50,"turns":5},{"damage":13,"enemies":"Shield and Spear","floor":54,"turns":4},{"damage":24,"enemies":"The Heart","floor":55,"turns":5}],"seed_played":"-4324273522639351687","potions_obtained":[{"floor":1,"key":"EssenceOfSteel"},{"floor":5,"key":"Energy Potion"},{"floor":6,"key":"AttackPotion"},{"floor":12,"key":"SteroidPotion"},{"floor":18,"key":"Strength Potion"},{"floor":24,"key":"SteroidPotion"},{"floor":31,"key":"Swift Potion"},{"floor":35,"key":"Ancient Potion"},{"floor":45,"key":"Poison Potion"},{"floor":47,"key":"Swift Potion"},{"floor":48,"key":"Fire Potion"}],"is_trial":false,"path_per_floor":["M","M","?","M","M","E","M","E","T","?","R","E","$","M","R","B",null,"M","?","M","?","$","E","M","M","T","E","M","R","M","E","R","B",null,"M","$","?","M","?","E","M","E","T","$","E","R","E","?","R","B",null,"R","$","E","B",null],"character_chosen":"IRONCLAD","items_purchased":["Seeing Red","Magnetism","Metallicize","Metallicize","Charon\u0027s Ashes","Ghostly Armor","Disarm","Secret Weapon"],"campfire_rested":0,"item_purchase_floors":[13,13,22,36,44,44,53,53],"current_hp_per_floor":[75,80,80,80,80,60,63,63,63,49,49,30,30,66,66,54,87,75,59,38,38,38,28,19,20,20,24,72,72,58,52,52,82,87,87,87,77,87,76,87,87,61,61,61,55,55,48,45,45,48,87,87,87,80,82],"gold":36,"neow_bonus":"ONE_RANDOM_RARE_CARD","is_prod":false,"is_daily":false,"chose_seed":false,"campfire_upgraded":6,"win_rate":0,"timestamp":1567340173,"path_taken":["M","M","?","?","M","E","M","E","T","?","R","E","$","M","R","BOSS","M","?","M","?","$","E","M","M","T","E","M","R","M","E","R","BOSS","M","$","?","M","?","E","M","E","T","$","E","R","E","?","R","BOSS","R","$","E","BOSS"],"build_version":"2019-07-17","purchased_purges":0,"victory":true,"max_hp_per_floor":[80,80,80,80,80,80,80,80,80,87,87,87,87,87,87,87,87,87,87,87,87,87,87,87,87,87,87,87,87,87,87,87,87,87,87,87,87,87,87,87,87,87,87,87,87,87,87,87,87,87,87,87,87,87,87],"card_choices":[{"not_picked":["Dual Wield","Second Wind"],"picked":"Battle Trance","floor":1},{"not_picked":["Uppercut","True Grit"],"picked":"Armaments","floor":2},{"not_picked":["True Grit","Armaments"],"picked":"Infernal Blade","floor":4},{"not_picked":["Iron Wave","Entrench"],"picked":"Ghostly Armor","floor":5},{"not_picked":["Reckless Charge","Pommel Strike"],"picked":"Barricade","floor":6},{"not_picked":["Anger","Clothesline"],"picked":"Cleave","floor":7},{"not_picked":["Dual Wield","Hemokinesis"],"picked":"Spot Weakness","floor":8},{"not_picked":["Thunderclap","Clothesline"],"picked":"Inflame","floor":10},{"not_picked":["Rage","Shockwave"],"picked":"Feel No Pain","floor":12},{"not_picked":["Wild Strike","Dual Wield"],"picked":"Feel No Pain","floor":14},{"not_picked":["Fiend Fire","Double Tap"],"picked":"Juggernaut","floor":16},{"not_picked":["Sword Boomerang","Perfected Strike"],"picked":"True Grit+1","floor":18},{"not_picked":["Havoc","Sentinel"],"picked":"Ghostly Armor","floor":20},{"not_picked":["Anger+1","Burning Pact"],"picked":"Immolate","floor":23},{"not_picked":["True Grit","Havoc"],"picked":"Twin Strike+1","floor":24},{"not_picked":["Sentinel","Cleave+1"],"picked":"Body Slam+1","floor":25},{"not_picked":["True Grit","Anger"],"picked":"Blood for Blood+1","floor":27},{"not_picked":["Body Slam","Spot Weakness"],"picked":"Power Through","floor":28},{"not_picked":["Combust","Intimidate"],"picked":"Limit Break","floor":30},{"not_picked":["Clash","Warcry+1"],"picked":"Entrench","floor":31},{"not_picked":["Immolate","Barricade"],"picked":"Brutality","floor":33},{"not_picked":["Cleave+1","Sword Boomerang+1"],"picked":"Pummel+1","floor":35},{"not_picked":["Dramatic Entrance","Purity"],"picked":"Violence","floor":37},{"not_picked":["Good Instincts","Swift Strike"],"picked":"Purity","floor":37},{"not_picked":["Deep Breath","Madness"],"picked":"Panacea","floor":37},{"not_picked":["Carnage","Iron Wave"],"picked":"Dual Wield","floor":38},{"not_picked":["Havoc","Iron Wave"],"picked":"Dual Wield+1","floor":40},{"not_picked":["Sword Boomerang","Havoc"],"picked":"Blood for Blood+1","floor":41},{"not_picked":["Anger","Perfected Strike+1"],"picked":"Whirlwind+1","floor":42},{"not_picked":["Twin Strike","Feel No Pain+1"],"picked":"Corruption+1","floor":45},{"not_picked":["Dropkick","Twin Strike+1"],"picked":"Seeing Red","floor":47},{"not_picked":["Sword Boomerang+1","Perfected Strike"],"picked":"Iron Wave+1","floor":48},{"not_picked":["Pummel","Dual Wield+1"],"picked":"Feed","floor":54}],"player_experience":231110,"relics_obtained":[{"floor":6,"key":"Bag of Marbles"},{"floor":8,"key":"Bottled Tornado"},{"floor":9,"key":"Pen Nib"},{"floor":10,"key":"Strawberry"},{"floor":12,"key":"Centennial Puzzle"},{"floor":19,"key":"Necronomicon"},{"floor":23,"key":"Boot"},{"floor":26,"key":"Bronze Scales"},{"floor":27,"key":"WingedGreaves"},{"floor":31,"key":"War Paint"},{"floor":40,"key":"Blue Candle"},{"floor":42,"key":"Paper Frog"},{"floor":45,"key":"Dead Branch"},{"floor":47,"key":"Bag of Preparation"},{"floor":48,"key":"StoneCalendar"},{"floor":54,"key":"Bird Faced Urn"}],"event_choices":[{"damage_healed":0,"gold_gain":0,"player_choice":"Upgraded","damage_taken":0,"max_hp_gain":0,"max_hp_loss":0,"event_name":"Upgrade Shrine","floor":3,"gold_loss":0,"cards_upgraded":["Reaper"]},{"damage_healed":0,"gold_gain":30,"player_choice":"Searched \u00273\u0027 times","damage_taken":0,"max_hp_gain":0,"max_hp_loss":0,"event_name":"Dead Adventurer","floor":10,"gold_loss":0},{"damage_healed":0,"gold_gain":0,"player_choice":"Obtained Book","damage_taken":16,"max_hp_gain":0,"max_hp_loss":0,"event_name":"Cursed Tome","floor":19,"gold_loss":0},{"cards_removed":["Defend_R"],"damage_healed":0,"gold_gain":0,"player_choice":"Gave Gold","damage_taken":0,"max_hp_gain":0,"max_hp_loss":0,"event_name":"Beggar","floor":21,"gold_loss":75},{"damage_healed":0,"gold_gain":0,"player_choice":"Memory 3","damage_taken":10,"max_hp_gain":0,"max_hp_loss":0,"event_name":"SensoryStone","floor":37,"gold_loss":0},{"damage_healed":0,"gold_gain":0,"player_choice":"Embrace Madness","damage_taken":11,"max_hp_gain":0,"max_hp_loss":0,"event_name":"Winding Halls","floor":39,"gold_loss":0,"cards_obtained":["Madness","Madness"]},{"damage_healed":0,"gold_gain":0,"player_choice":"Fight","damage_taken":0,"max_hp_gain":0,"max_hp_loss":0,"event_name":"MindBloom","floor":48,"gold_loss":0}],"is_beta":false,"boss_relics":[{"not_picked":["Eternal Feather","Fusion Hammer"],"picked":"Mark of Pain"},{"not_picked":["White Beast Statue","Runic Cube"],"picked":"Philosopher\u0027s Stone"}],"items_purged_floors":[],"is_endless":false,"potions_floor_spawned":[1,5,6,12,18,24,31,35,45,47,48],"ascension_level":2}