{"gold_per_floor":[111,130,130,145,145,145,171,7,7,25,200,200,220,232,232,232],"floor_reached":16,"playtime":1031,"items_purged":["Strike_G"],"score":138,"play_id":"9a3eb0fc-8eef-4c42-8305-b82e20d9bd5b","local_time":"20190523201213","is_ascension_mode":true,"campfire_choices":[{"data":"Cloak And Dagger","floor":6,"key":"SMITH"},{"data":"Accuracy","floor":12,"key":"SMITH"},{"floor":15,"key":"REST"}],"neow_cost":"NONE","seed_source_timestamp":3597204908300,"circlet_count":0,"master_deck":["Defend_G","Defend_G","Defend_G","Defend_G","Defend_G+1","Strike_G","Strike_G","Strike_G","Survivor","Neutralize+1","Cloak And Dagger+1","Blade Dance","Blade Dance","Caltrops+1","PiercingWail","Accuracy+1","Cloak And Dagger","PiercingWail","Doubt","Noxious Fumes","Blur"],"relics":["Ring of the Snake","Mercury Hourglass","Bottled Lightning"],"potions_floor_usage":[14,16],"damage_taken":[{"damage":1,"enemies":"Jaw Worm","floor":1,"turns":5},{"damage":5,"enemies":"2 Louse","floor":2,"turns":2},{"damage":8,"enemies":"Small Slimes","floor":4,"turns":3},{"damage":26,"enemies":"Gremlin Nob","floor":7,"turns":5},{"damage":0,"enemies":"2 Fungi Beasts","floor":10,"turns":3},{"damage":8,"enemies":"Exordium Thugs","floor":13,"turns":6},{"damage":0,"enemies":"Blue Slaver","floor":14,"turns":4},{"damage":26,"enemies":"The Guardian","floor":16,"turns":9}],"seed_played":"-78444879128519640","potions_obtained":[{"floor":7,"key":"Ancient Potion"},{"floor":10,"key":"GamblersBrew"}],"is_trial":false,"path_per_floor":["M","M","?","M","?","R","E","$","T","M","?","R","M","M","R","B"],"character_chosen":"THE_SILENT","items_purchased":["Accuracy","Cloak And Dagger"],"campfire_rested":1,"item_purchase_floors":[8,8],"current_hp_per_floor":[62,57,57,49,35,35,9,9,9,9,9,9,1,1,22,0],"gold":232,"neow_bonus":"UPGRADE_CARD","is_prod":false,"is_daily":false,"chose_seed":false,"campfire_upgraded":2,"win_rate":0,"timestamp":1558635133,"path_taken":["M","M","?","M","?","R","E","$","T","M","?","R","M","M","R","BOSS"],"build_version":"2019-01-23","purchased_purges":1,"victory":false,"max_hp_per_floor":[70,70,70,70,70,70,70,70,70,70,70,70,70,70,70,70],"card_choices":[{"not_picked":["Sucker Punch","Bane"],"picked":"Cloak And Dagger","floor":1},{"not_picked":["Predator","Reflex"],"picked":"Blade Dance","floor":2},{"not_picked":["Catalyst","Slice"],"picked":"Caltrops","floor":4},{"not_picked":["Flying Knee","Masterful Stab"],"picked":"PiercingWail","floor":7},{"not_picked":["Choke","Poisoned Stab"],"picked":"PiercingWail","floor":10},{"not_picked":["Quick Slash","PiercingWail"],"picked":"Noxious Fumes","floor":13},{"not_picked":["Escape Plan","Corpse Explosion"],"picked":"Blur","floor":14}],"player_experience":567389,"relics_obtained":[{"floor":7,"key":"Mercury Hourglass"},{"floor":9,"key":"Bottled Lightning"}],"event_choices":[{"damage_healed":0,"gold_gain":0,"cards_transformed":["Strike_G"],"player_choice":"Change","damage_taken":0,"max_hp_gain":0,"max_hp_loss":0,"event_name":"Living Wall","floor":3,"gold_loss":0,"cards_obtained":["Blade Dance"]},{"damage_healed":0,"gold_gain":0,"player_choice":"Entered Light","damage_taken":14,"max_hp_gain":0,"max_hp_loss":0,"event_name":"Shining Light","floor":5,"gold_loss":0,"cards_upgraded":["Caltrops","Defend_G"]},{"damage_healed":0,"gold_gain":175,"player_choice":"AGREE","damage_taken":0,"max_hp_gain":0,"max_hp_loss":0,"event_name":"Liars Game","floor":11,"gold_loss":0,"cards_obtained":["Doubt"]}],"is_beta":false,"boss_relics":[],"items_purged_floors":[8],"is_endless":false,"potions_floor_spawned":[7,10],"killed_by":"The Guardian","ascension_level":7}