{"path_per_floor":["M","M","T","M","?","E","R","?","T","R","M","R","M","M","R","B",null,"M","M","M","M","M","R","E","R","T","E","M","M","?","?","R","B",null,"M","?","M","$","M","R","E","R","T","R","$","M","R","M","R","B"],"character_chosen":"DEFECT","items_purchased":["Static Discharge+1","Matryoshka","Panache+1","Conserve Battery","FTL"],"gold_per_floor":[119,134,161,177,177,210,210,210,233,233,247,247,267,285,285,380,380,392,404,418,428,444,444,474,474,474,509,524,534,534,534,534,630,630,648,648,668,27,38,38,65,65,65,65,25,41,41,57,57,57],"floor_reached":51,"campfire_rested":1,"playtime":6166,"item_purchase_floors":[38,38,38,38,45],"current_hp_per_floor":[73,65,65,61,54,39,39,36,36,36,36,36,42,51,51,43,75,75,75,75,54,57,57,46,46,46,53,42,37,28,28,52,29,80,80,70,74,74,58,58,74,74,74,74,74,80,80,80,80,35],"items_purged":["Streamline"],"gold":57,"score":721,"play_id":"945e87e5-b253-49bc-80f9-849beec85110","local_time":"20180605001612","is_prod":false,"is_daily":false,"chose_seed":false,"is_ascension_mode":false,"campfire_upgraded":11,"win_rate":0.0,"timestamp":1528150572,"campfire_choices":[{"data":"Genetic Algorithm","floor":7,"key":"SMITH"},{"data":"Redo","floor":10,"key":"SMITH"},{"data":"Self Repair","floor":12,"key":"SMITH"},{"data":"Zap","floor":15,"key":"SMITH"},{"data":"Redo","floor":23,"key":"SMITH"},{"data":"Electrodynamics","floor":25,"key":"SMITH"},{"floor":32,"key":"REST"},{"data":"Thunder Strike","floor":40,"key":"SMITH"},{"data":"Apotheosis","floor":42,"key":"SMITH"},{"data":"Storm","floor":44,"key":"SMITH"},{"data":"FTL","floor":47,"key":"SMITH"},{"data":"Bandage Up","floor":49,"key":"SMITH"}],"path_taken":["M","M","?","?","?","E","R","?","T","R","M","R","M","M","R","BOSS","M","M","M","?","M","R","E","R","T","E","M","M","?","?","R","BOSS","M","?","M","$","M","R","E","R","T","R","$","M","R","M","R","BOSS"],"build_version":"2018-05-31","seed_source_timestamp":0,"purchased_purges":1,"victory":true,"master_deck":["Zap+1","Dualcast","All For One","Genetic Algorithm+1","Cold Snap","Beam Cell","Redo+1","Self Repair+1","Conserve Battery","Ball Lightning","Electrodynamics+1","Beam Cell","Darkness","Storm+1","Coolheaded","Darkness","Sweeping Beam","Chaos+1","Force Field","Ball Lightning+1","Redo+1","Thunder Strike+1","Loop","White Noise+1","Capacitor+1","Echo Form+1","BootSequence+1","Master of Strategy","Bandage Up+1","Apotheosis+1","Redo","Static Discharge+1","Panache+1","Conserve Battery","Lockon","Hello World+1","FTL+1","Defragment+1","Barrage+1"],"max_hp_per_floor":[75,75,75,75,75,75,75,75,75,75,75,75,75,75,75,75,75,75,75,75,75,75,75,75,75,75,75,80,80,80,80,80,80,80,80,80,80,80,80,80,80,80,80,80,80,80,80,80,80,80],"relics":["Cracked Core","Bag of Preparation","Oddly Smooth Stone","Orichalcum","Lantern","Pandora\u0027s Box","Dream Catcher","Mummified Hand","Happy Flower","Frozen Egg 2","Inserter","Matryoshka","Calipers","Question Card","Thread and Needle"],"card_choices":[{"not_picked":["Scrape","BootSequence"],"picked":"Genetic Algorithm","floor":1},{"not_picked":["Streamline","Leap"],"picked":"Cold Snap","floor":2},{"not_picked":["Steam","Rebound"],"picked":"Beam Cell","floor":4},{"not_picked":["Beam Cell","Reprogram"],"picked":"Redo","floor":6},{"not_picked":["Rebound","Coolheaded"],"picked":"Self Repair","floor":11},{"not_picked":["Hologram","Ball Lightning"],"picked":"Conserve Battery","floor":13},{"not_picked":["Scrape","Hologram"],"picked":"Ball Lightning","floor":14},{"not_picked":["Biased Cognition","Creative AI"],"picked":"Electrodynamics","floor":16},{"not_picked":["Chill","Beam Cell"],"picked":"Chaos+1","floor":18},{"not_picked":["Coolheaded","Stack"],"picked":"Force Field","floor":19},{"not_picked":["Leap","Compile Driver+1"],"picked":"Ball Lightning+1","floor":20},{"not_picked":["Streamline","Ball Lightning+1"],"picked":"Redo","floor":21},{"not_picked":["Chaos","Compile Driver"],"picked":"Thunder Strike","floor":22},{"not_picked":["Barrage","Steam+1","Go for the Eyes+1"],"picked":"SKIP","floor":24},{"not_picked":["Darkness","Compile Driver+1"],"picked":"Loop","floor":27},{"not_picked":["Steam","Conserve Battery"],"picked":"White Noise+1","floor":28},{"not_picked":["Stack","Scrape"],"picked":"Capacitor+1","floor":29},{"not_picked":["Multi-Cast","Amplify"],"picked":"Echo Form+1","floor":33},{"not_picked":["Rebound","Conserve Battery"],"picked":"BootSequence+1","floor":35},{"not_picked":["Trip","Jack Of All Trades"],"picked":"Master of Strategy","floor":36},{"not_picked":["Flash of Steel","Madness"],"picked":"Bandage Up","floor":36},{"not_picked":["Dramatic Entrance","Madness"],"picked":"Apotheosis","floor":36},{"not_picked":["Stack+1","Steam Power"],"picked":"Redo","floor":37},{"not_picked":["Stack+1","Rip and Tear"],"picked":"Lockon","floor":39},{"not_picked":["Gash","Steam Power+1"],"picked":"Hello World+1","floor":41},{"not_picked":["Beam Cell","Gash+1","Stack+1"],"picked":"Defragment+1","floor":46},{"not_picked":["Genetic Algorithm+1","Fusion","Steam Power+1"],"picked":"Barrage+1","floor":48}],"player_experience":86593,"potions_floor_usage":[13,16,27,28,33,41,50,50],"damage_taken":[{"damage":2,"enemies":"Cultist","floor":1,"turns":5},{"damage":8,"enemies":"2 Louse","floor":2,"turns":2},{"damage":4,"enemies":"Small Slimes","floor":4,"turns":3},{"damage":15,"enemies":"Gremlin Nob","floor":6,"turns":4},{"damage":0,"enemies":"2 Fungi Beasts","floor":11,"turns":2},{"damage":4,"enemies":"Looter","floor":13,"turns":3},{"damage":1,"enemies":"Gremlin Gang","floor":14,"turns":5},{"damage":18,"enemies":"Slime Boss","floor":16,"turns":8},{"damage":4,"enemies":"Spheric Guardian","floor":18,"turns":3},{"damage":0,"enemies":"3 Byrds","floor":19,"turns":3},{"damage":8,"enemies":"Snake Plant","floor":20,"turns":4},{"damage":31,"enemies":"Slaver and Parasite","floor":21,"turns":5},{"damage":7,"enemies":"Snecko","floor":22,"turns":5},{"damage":21,"enemies":"Gremlin Leader","floor":24,"turns":6},{"damage":13,"enemies":"Book of Stabbing","floor":27,"turns":3},{"damage":26,"enemies":"Snake Plant","floor":28,"turns":3},{"damage":15,"enemies":"Cultist and Chosen","floor":29,"turns":6},{"damage":33,"enemies":"Automaton","floor":33,"turns":7},{"damage":0,"enemies":"3 Shapes","floor":35,"turns":2},{"damage":0,"enemies":"Orb Walker","floor":37,"turns":3},{"damage":30,"enemies":"4 Shapes","floor":39,"turns":5},{"damage":0,"enemies":"Nemesis","floor":41,"turns":6},{"damage":0,"enemies":"Maw","floor":46,"turns":5},{"damage":0,"enemies":"Sphere and 2 Shapes","floor":48,"turns":3},{"damage":58,"enemies":"Awakened One","floor":50,"turns":7}],"relics_obtained":[{"floor":3,"key":"Bag of Preparation"},{"floor":6,"key":"Oddly Smooth Stone"},{"floor":9,"key":"Lantern"},{"floor":24,"key":"Dream Catcher"},{"floor":26,"key":"Mummified Hand"},{"floor":27,"key":"Happy Flower"},{"floor":41,"key":"Calipers"},{"floor":43,"key":"Question Card"},{"floor":43,"key":"Thread and Needle"}],"event_choices":[{"event_name":"Golden Wing","player_choice":"Card Removal","floor":5,"damage_taken":0},{"event_name":"Scrap Ooze","player_choice":"success","floor":8,"damage_taken":3},{"event_name":"Cursed Tome","player_choice":"Stopped","floor":30,"damage_taken":0},{"event_name":"The Mausoleum","player_choice":"Yes","floor":31,"damage_taken":0},{"event_name":"SensoryStone","player_choice":"Memory 3","floor":36,"damage_taken":0}],"boss_relics":[{"not_picked":["Calling Bell","Tiny House"],"picked":"Pandora\u0027s Box"},{"not_picked":["White Beast Statue","Velvet Choker"],"picked":"Inserter"}],"items_purged_floors":[38],"potions_floor_spawned":[1,4,11,16,22,24,27,28,39,41,48],"seed_played":"-1880894470268371174","ascension_level":0,"potions_obtained":[{"floor":1,"key":"Dexterity Potion"},{"floor":4,"key":"Poison Potion"},{"floor":11,"key":"Ancient Potion"},{"floor":16,"key":"FairyPotion"},{"floor":22,"key":"SteroidPotion"},{"floor":24,"key":"PowerPotion"},{"floor":27,"key":"Fruit Juice"},{"floor":28,"key":"Block Potion"},{"floor":39,"key":"Block Potion"},{"floor":41,"key":"SkillPotion"}],"is_trial":false}