{"gold_per_floor":[114,114,114,133,147,147,173,46,71,146,180,198,198,213,213,311,311,329,79,92,106,126,126,137,147,147,147,167,167,66,85,85,183,183,203,153,153,553,195,195,195,229,229,229,147,157,107,122,122,122],"floor_reached":51,"playtime":4353,"items_purged":["Defend_B","Strike_B","Defend_B","Consume","Reprogram+1","Zap","Dualcast"],"score":812,"play_id":"ccb6a7c3-c469-48df-ad72-bda2be5c2f9c","local_time":"20190906005441","is_ascension_mode":false,"campfire_choices":[{"data":"Defragment","floor":6,"key":"SMITH"},{"data":"Defragment","floor":13,"key":"SMITH"},{"floor":15,"key":"REST"},{"data":"Defragment","floor":23,"key":"SMITH"},{"data":"Go for the Eyes","floor":29,"key":"SMITH"},{"floor":32,"key":"REST"},{"data":"Electrodynamics","floor":40,"key":"SMITH"},{"data":"White Noise","floor":44,"key":"SMITH"},{"floor":49,"key":"REST"}],"neow_cost":"NONE","seed_source_timestamp":3108381656300,"circlet_count":0,"master_deck":["Cold Snap","Defragment+1","White Noise+1","Go for the Eyes+1","Conserve Battery","Cold Snap","Defragment+1","Glacier","Echo Form","Sweeping Beam","Electrodynamics+1","Ball Lightning","Defragment+1","Coolheaded+1","Reinforced Body+1","Redo","Loop+1","Echo Form","Coolheaded+1","Defragment+1","Leap","Jack Of All Trades","Chill","Conserve Battery+1","Loop","Defragment"],"relics":["Cracked Core","Smiling Mask","Lantern","PreservedInsect","Ornamental Fan","Runic Pyramid","Du-Vu Doll","Astrolabe","Old Coin","DataDisk","Oddly Smooth Stone","The Courier","Strawberry","Thread and Needle"],"potions_floor_usage":[11,16,16,28,33,50,50,50],"damage_taken":[{"damage":0,"enemies":"Small Slimes","floor":1,"turns":3},{"damage":4,"enemies":"Jaw Worm","floor":4,"turns":4},{"damage":0,"enemies":"Cultist","floor":5,"turns":4},{"damage":18,"enemies":"Lagavulin","floor":7,"turns":6},{"damage":13,"enemies":"3 Sentries","floor":11,"turns":4},{"damage":1,"enemies":"3 Louse","floor":12,"turns":3},{"damage":0,"enemies":"2 Fungi Beasts","floor":14,"turns":3},{"damage":0,"enemies":"Slime Boss","floor":16,"turns":13},{"damage":7,"enemies":"Shell Parasite","floor":18,"turns":5},{"damage":4,"enemies":"2 Thieves","floor":20,"turns":3},{"damage":8,"enemies":"Centurion and Healer","floor":21,"turns":5},{"damage":10,"enemies":"Snecko","floor":22,"turns":4},{"damage":2,"enemies":"Snake Plant","floor":24,"turns":4},{"damage":21,"enemies":"Shelled Parasite and Fungi","floor":25,"turns":4},{"damage":0,"enemies":"Cultist and Chosen","floor":28,"turns":4},{"damage":5,"enemies":"Centurion and Healer","floor":31,"turns":5},{"damage":0,"enemies":"Champ","floor":33,"turns":9},{"damage":5,"enemies":"3 Shapes","floor":35,"turns":4},{"damage":9,"enemies":"Mind Bloom Boss Battle","floor":38,"turns":6},{"damage":0,"enemies":"Nemesis","floor":42,"turns":9},{"damage":0,"enemies":"Orb Walker","floor":46,"turns":4},{"damage":5,"enemies":"Transient","floor":48,"turns":5},{"damage":14,"enemies":"Awakened One","floor":50,"turns":31}],"seed_played":"6834657051545636011","potions_obtained":[{"floor":5,"key":"SteroidPotion"},{"floor":7,"key":"Fire Potion"},{"floor":12,"key":"Explosive Potion"},{"floor":14,"key":"Explosive Potion"},{"floor":20,"key":"Energy Potion"},{"floor":25,"key":"EssenceOfSteel"},{"floor":28,"key":"Block Potion"},{"floor":33,"key":"FearPotion"},{"floor":38,"key":"Energy Potion"},{"floor":48,"key":"SkillPotion"}],"is_trial":false,"path_per_floor":["M","?","?","M","M","R","E","$","T","?","E","M","R","M","R","B",null,"M","$","M","M","M","R","M","M","T","?","M","R","$","M","R","B",null,"M","$","?","?","$","R","T","E","T","R","$","M","$","M","R","B",null],"character_chosen":"DEFECT","items_purchased":["Go for the Eyes","Conserve Battery","Electrodynamics","Ball Lightning","Redo","DataDisk","Oddly Smooth Stone","Loop"],"campfire_rested":3,"item_purchase_floors":[8,8,19,19,30,39,39,45],"current_hp_per_floor":[75,68,65,61,61,61,43,43,43,32,19,18,18,18,40,40,75,68,68,64,56,46,46,44,23,23,23,23,23,23,18,40,40,75,70,70,70,61,61,61,61,68,68,68,68,68,68,63,82,68],"gold":122,"neow_bonus":"REMOVE_CARD","is_prod":false,"is_daily":false,"chose_seed":false,"campfire_upgraded":6,"win_rate":0.0,"timestamp":1567745681,"path_taken":["M","?","?","M","M","R","E","$","T","?","E","M","R","M","R","BOSS","M","$","M","M","M","R","M","M","T","?","M","R","$","M","R","BOSS","M","$","?","?","$","R","?","E","T","R","$","M","?","M","R","BOSS"],"build_version":"2019-07-17","purchased_purges":7,"victory":true,"max_hp_per_floor":[75,75,75,75,75,75,75,75,75,75,75,75,75,75,75,75,75,75,75,75,75,75,75,75,75,75,75,75,75,75,75,75,75,75,75,75,75,75,75,75,75,82,82,82,82,82,82,82,82,82],"card_choices":[{"not_picked":["Steam Power","Tempest"],"picked":"Cold Snap","floor":1},{"not_picked":["Hello World","Consume"],"picked":"Defragment","floor":4},{"not_picked":["Self Repair","Beam Cell"],"picked":"Streamline","floor":5},{"not_picked":["Stack","Force Field"],"picked":"White Noise","floor":7},{"not_picked":["Undo","Beam Cell"],"picked":"Cold Snap","floor":11},{"not_picked":["Conserve Battery","Cold Snap"],"picked":"Defragment","floor":12},{"not_picked":["Meteor Strike","Leap"],"picked":"Glacier","floor":14},{"not_picked":["Thunder Strike","Amplify"],"picked":"Echo Form","floor":16},{"not_picked":["Scrape","Rip and Tear+1"],"picked":"Sweeping Beam","floor":18},{"not_picked":["Doom and Gloom+1","Double Energy+1","Gash"],"picked":"SKIP","floor":20},{"not_picked":["Darkness","Streamline"],"picked":"Consume","floor":21},{"not_picked":["Rebound+1","Beam Cell"],"picked":"Defragment","floor":22},{"not_picked":["Rip and Tear","Consume"],"picked":"Coolheaded+1","floor":24},{"not_picked":["Blizzard","Sunder","Gash"],"picked":"SKIP","floor":25},{"not_picked":["Beam Cell","Skim"],"picked":"Reinforced Body+1","floor":28},{"not_picked":["Coolheaded","Conserve Battery+1"],"picked":"Loop+1","floor":31},{"not_picked":["Meteor Strike","Thunder Strike"],"picked":"Echo Form","floor":33},{"not_picked":["Chill","Beam Cell"],"picked":"Leap","floor":35},{"not_picked":["Impatience","Mind Blast"],"picked":"Jack Of All Trades","floor":37},{"not_picked":["Steam Power+1","Beam Cell"],"picked":"Chill","floor":38},{"not_picked":["Gash","Turbo"],"picked":"Conserve Battery+1","floor":42},{"not_picked":["Force Field+1","Reprogram+1"],"picked":"Defragment","floor":46},{"not_picked":["Biased Cognition","Compile Driver+1","Heatsinks"],"picked":"SKIP","floor":48}],"player_experience":160876,"relics_obtained":[{"floor":7,"key":"Lantern"},{"floor":9,"key":"PreservedInsect"},{"floor":11,"key":"Ornamental Fan"},{"floor":26,"key":"Du-Vu Doll"},{"floor":38,"key":"Old Coin"},{"floor":41,"key":"The Courier"},{"floor":42,"key":"Strawberry"},{"floor":43,"key":"Thread and Needle"}],"event_choices":[{"cards_removed":["Strike_B"],"damage_healed":0,"gold_gain":0,"player_choice":"Card Removal","damage_taken":7,"max_hp_gain":0,"max_hp_loss":0,"event_name":"Golden Wing","floor":2,"gold_loss":0},{"damage_healed":0,"gold_gain":0,"player_choice":"Success","damage_taken":3,"relics_obtained":["Smiling Mask"],"max_hp_gain":0,"max_hp_loss":0,"event_name":"Scrap Ooze","floor":3,"gold_loss":0},{"damage_healed":0,"gold_gain":75,"player_choice":"Gather Gold","damage_taken":11,"max_hp_gain":0,"max_hp_loss":0,"event_name":"World of Goop","floor":10,"gold_loss":0},{"cards_removed":["Strike_B"],"damage_healed":0,"gold_gain":0,"player_choice":"Elegance","damage_taken":0,"max_hp_gain":0,"max_hp_loss":0,"event_name":"Back to Basics","floor":27,"gold_loss":0},{"damage_healed":0,"gold_gain":0,"player_choice":"Memory 1","damage_taken":0,"max_hp_gain":0,"max_hp_loss":0,"event_name":"SensoryStone","floor":37,"gold_loss":0},{"damage_healed":0,"gold_gain":0,"player_choice":"Fight","damage_taken":0,"max_hp_gain":0,"max_hp_loss":0,"event_name":"MindBloom","floor":38,"gold_loss":0}],"is_beta":false,"boss_relics":[{"not_picked":["Eternal Feather","Philosopher\u0027s Stone"],"picked":"Runic Pyramid"},{"not_picked":["Lizard Tail","Empty Cage"],"picked":"Astrolabe"}],"items_purged_floors":[8,19,30,36,39,45,47],"is_endless":false,"potions_floor_spawned":[5,7,12,14,20,25,28,33,38,48],"ascension_level":0}