{"gold_per_floor":[18,18,18,34,58,91,91,91,138,209,209,17,33,58,58,179,242,257,108,108,121,135,135,135],"floor_reached":24,"playtime":1271,"items_purged":["Parasite"],"score":235,"play_id":"33582c00-2fea-45e2-b040-0138d55d1e2c","local_time":"20190405234924","is_ascension_mode":true,"campfire_choices":[{"data":"Self Repair","floor":7,"key":"SMITH"},{"data":"Streamline","floor":11,"key":"SMITH"},{"data":"Fusion","floor":15,"key":"SMITH"},{"floor":23,"key":"REST"}],"neow_cost":"NO_GOLD","seed_source_timestamp":17404221509300,"circlet_count":0,"master_deck":["Strike_B","Defend_B","Defend_B+1","Defend_B","Defend_B","Zap","Dualcast","Self Repair+1","Go for the Eyes","Streamline+1","Scrape","Electrodynamics","Gash","Streamline","Fusion+1","Amplify","FTL","Recycle","Melter","Consume","Tempest","Redo+1"],"relics":["Cracked Core","Golden Idol","Ancient Tea Set","Anchor","Mummified Hand","Tiny House"],"potions_floor_usage":[6,16,18,21],"damage_taken":[{"damage":2,"enemies":"Jaw Worm","floor":1,"turns":3},{"damage":9,"enemies":"2 Louse","floor":4,"turns":2},{"damage":9,"enemies":"Small Slimes","floor":5,"turns":3},{"damage":13,"enemies":"Lagavulin","floor":6,"turns":6},{"damage":3,"enemies":"Looter","floor":13,"turns":3},{"damage":1,"enemies":"Exordium Thugs","floor":14,"turns":3},{"damage":48,"enemies":"The Guardian","floor":16,"turns":7},{"damage":1,"enemies":"Spheric Guardian","floor":18,"turns":3},{"damage":12,"enemies":"2 Thieves","floor":21,"turns":4},{"damage":63,"enemies":"Cultist and Chosen","floor":22,"turns":6},{"damage":42,"enemies":"Snake Plant","floor":24,"turns":3}],"seed_played":"4184444882701000039","potions_obtained":[{"floor":5,"key":"SpeedPotion"},{"floor":6,"key":"PowerPotion"},{"floor":13,"key":"Fire Potion"},{"floor":17,"key":"Fire Potion"},{"floor":18,"key":"SteroidPotion"}],"is_trial":false,"path_per_floor":["M","?","?","M","M","E","R","?","T","T","R","$","M","M","R","B",null,"M","$","?","M","M","R","M"],"character_chosen":"DEFECT","items_purchased":["Electrodynamics","Gash","Melter"],"campfire_rested":1,"item_purchase_floors":[12,12,19],"current_hp_per_floor":[73,55,60,58,56,50,50,70,70,70,70,70,77,80,80,32,85,85,82,82,70,17,41,0],"gold":135,"neow_bonus":"REMOVE_TWO","is_prod":false,"is_daily":false,"chose_seed":false,"campfire_upgraded":3,"win_rate":0,"timestamp":1554500964,"path_taken":["M","?","?","M","M","E","R","?","T","?","R","$","M","?","R","BOSS","M","$","?","M","M","R","M"],"build_version":"2019-01-23","purchased_purges":1,"victory":false,"max_hp_per_floor":[75,75,80,80,80,80,80,80,80,80,80,80,80,80,80,80,85,85,82,82,82,82,82,82],"card_choices":[{"not_picked":["Barrage","Go for the Eyes"],"picked":"Self Repair","floor":1},{"not_picked":["Stack","Rip and Tear"],"picked":"Go for the Eyes","floor":4},{"not_picked":["Rip and Tear","Aggregate"],"picked":"Streamline","floor":5},{"not_picked":["Capacitor","Coolheaded"],"picked":"Scrape","floor":6},{"not_picked":["Rebound","Self Repair"],"picked":"Streamline","floor":13},{"not_picked":["Rebound","Compile Driver"],"picked":"Fusion","floor":14},{"not_picked":["Fission","Biased Cognition"],"picked":"Amplify","floor":16},{"not_picked":["Compile Driver","Leap"],"picked":"FTL","floor":17},{"not_picked":["Barrage","Redo"],"picked":"Recycle","floor":18},{"not_picked":["Redo","Compile Driver+1"],"picked":"Tempest","floor":21},{"not_picked":["Compile Driver","Rip and Tear"],"picked":"Redo+1","floor":22}],"player_experience":485361,"relics_obtained":[{"floor":6,"key":"Ancient Tea Set"},{"floor":9,"key":"Anchor"},{"floor":10,"key":"Mummified Hand"}],"event_choices":[{"damage_healed":0,"gold_gain":0,"player_choice":"Take Damage","damage_taken":18,"relics_obtained":["Golden Idol"],"max_hp_gain":0,"max_hp_loss":0,"event_name":"Golden Idol","floor":2,"gold_loss":0},{"damage_healed":0,"gold_gain":0,"player_choice":"Donut","damage_taken":0,"max_hp_gain":5,"max_hp_loss":0,"event_name":"Big Fish","floor":3,"gold_loss":0},{"damage_healed":20,"gold_gain":0,"player_choice":"Healed and dodged fight","damage_taken":0,"max_hp_gain":0,"max_hp_loss":0,"event_name":"Mushrooms","floor":8,"gold_loss":0,"cards_obtained":["Parasite"]},{"damage_healed":0,"gold_gain":0,"cards_transformed":["Strike_B"],"player_choice":"Transformed","damage_taken":0,"max_hp_gain":0,"max_hp_loss":0,"event_name":"Transmorgrifier","floor":20,"gold_loss":0,"cards_obtained":["Consume"]}],"is_beta":false,"boss_relics":[{"not_picked":["Orrery","Lizard Tail"],"picked":"Tiny House"}],"items_purged_floors":[19],"is_endless":false,"potions_floor_spawned":[5,6,13,18],"killed_by":"Snake Plant","ascension_level":4}