{"gold_per_floor":[115,115,139,139,64,64,89,120,192,92,111,111,130,90,90,90],"floor_reached":16,"playtime":712,"items_purged":["Strike_R","Strike_R"],"score":105,"play_id":"d8d21152-3c1b-4a5c-897c-3068ef9c63ce","local_time":"20180704020619","is_ascension_mode":true,"campfire_choices":[{"data":"Infernal Blade","floor":6,"key":"SMITH"},{"data":"Pommel Strike","floor":15,"key":"SMITH"}],"neow_cost":"NONE","seed_source_timestamp":15209766286117,"circlet_count":0,"master_deck":["Strike_R","Strike_R","Defend_R","Defend_R","Bash","Infernal Blade+1","Body Slam","Rupture","Pommel Strike+1","Shrug It Off"],"relics":["Burning Blood","Golden Idol","Boot","Dodecahedron"],"potions_floor_usage":[8,13,16],"damage_taken":[{"damage":1,"enemies":"Cultist","floor":1,"turns":3},{"damage":3,"enemies":"Small Slimes","floor":3,"turns":2},{"damage":6,"enemies":"Jaw Worm","floor":7,"turns":2},{"damage":44,"enemies":"Lagavulin","floor":8,"turns":6},{"damage":7,"enemies":"Blue Slaver","floor":11,"turns":3},{"damage":6,"enemies":"Red Slaver","floor":13,"turns":2},{"damage":25,"enemies":"Hexaghost","floor":16,"turns":7}],"seed_played":"3295121868632561685","potions_obtained":[{"floor":1,"key":"Energy Potion"},{"floor":8,"key":"SpeedPotion"},{"floor":13,"key":"SteroidPotion"}],"is_trial":false,"path_per_floor":["M","?","M","?","$","R","M","E","T","$","M","?","M","?","R"],"character_chosen":"IRONCLAD","items_purchased":[],"campfire_rested":0,"item_purchase_floors":[],"current_hp_per_floor":[80,60,63,63,63,63,63,25,25,25,24,24,24,24,24,0],"gold":90,"neow_bonus":"REMOVE_CARD","is_prod":false,"is_daily":false,"chose_seed":false,"campfire_upgraded":2,"win_rate":0,"timestamp":1530662779,"path_taken":["M","?","M","?","$","R","?","E","T","$","M","?","M","?","R","BOSS"],"build_version":"2018-06-28","purchased_purges":2,"victory":false,"max_hp_per_floor":[80,80,80,80,80,80,80,80,80,80,80,80,80,80,80,80],"card_choices":[{"not_picked":["Intimidate","Clothesline"],"picked":"Infernal Blade","floor":1},{"not_picked":["Body Slam","Hemokinesis","Heavy Blade"],"picked":"SKIP","floor":3},{"not_picked":["Havoc","Burning Pact","Ghostly Armor"],"picked":"SKIP","floor":7},{"not_picked":["Impervious","Thunderclap"],"picked":"Rupture","floor":8},{"not_picked":["Clothesline","Headbutt"],"picked":"Pommel Strike","floor":11},{"not_picked":["True Grit","Hemokinesis"],"picked":"Shrug It Off","floor":13}],"player_experience":150631,"relics_obtained":[{"floor":8,"key":"Boot"},{"floor":9,"key":"Dodecahedron"}],"event_choices":[{"event_name":"Golden Idol","player_choice":"Take Damage","floor":2,"damage_taken":0},{"event_name":"Transmorgrifier","player_choice":"Transform","floor":4,"damage_taken":0},{"event_name":"Purifier","player_choice":"One Purge","floor":12,"damage_taken":0},{"event_name":"World of Goop","player_choice":"Left","floor":14,"damage_taken":0}],"boss_relics":[],"items_purged_floors":[5,10],"is_endless":false,"potions_floor_spawned":[1,8,13],"killed_by":"Hexaghost","ascension_level":1}