{"gold_per_floor":[364,375,388,488,563,563,590,603,603,603,621,621,638,57,57,157,157,173,173,98,117,41,41,51,383,383,383,383,383,383,298,298,394,424,438,438],"floor_reached":36,"playtime":2657,"items_purged":["Strike_G"],"score":493,"play_id":"7af6dfbd-ff79-4b93-ba0a-d6828f0ec515","local_time":"20180818164747","is_ascension_mode":true,"campfire_choices":[{"data":"Blur","floor":6,"key":"SMITH"},{"floor":10,"key":"REST"},{"data":"Deadly Poison","floor":12,"key":"SMITH"},{"data":"Envenom","floor":15,"key":"SMITH"},{"data":"Noxious Fumes","floor":23,"key":"SMITH"},{"data":"After Image","floor":28,"key":"SMITH"},{"data":"Blade Dance","floor":30,"key":"SMITH"},{"data":"Neutralize","floor":32,"key":"SMITH"}],"neow_cost":"CURSE","seed_source_timestamp":58373233041864,"circlet_count":0,"master_deck":["Defend_G","Defend_G","Defend_G","Defend_G","Defend_G","Strike_G","Strike_G","Strike_G","Survivor","Neutralize+1","Doubt","Quick Slash","Blur+1","Blade Dance+1","Dagger Spray","Deadly Poison+1","Envenom+1","After Image+1","Terror","Flechettes","Noxious Fumes+1","Crippling Poison+1","Deflect+1","Corpse Explosion","Pain","Writhe","Regret","Riddle With Holes+1"],"relics":["Ring of the Serpent","Centennial Puzzle","Meat on the Bone","Toolbox","Mango","Old Coin","Darkstone Periapt","Dead Branch","Orichalcum","Calling Bell","Toxic Egg 2","Tiny Chest","Sundial"],"potions_floor_usage":[7,16,24,33,33],"damage_taken":[{"damage":2,"enemies":"Small Slimes","floor":1,"turns":4},{"damage":5,"enemies":"Cultist","floor":2,"turns":6},{"damage":2,"enemies":"Jaw Worm","floor":3,"turns":6},{"damage":19,"enemies":"Lagavulin","floor":7,"turns":8},{"damage":2,"enemies":"3 Louse","floor":8,"turns":2},{"damage":3,"enemies":"Looter","floor":11,"turns":3},{"damage":4,"enemies":"Red Slaver","floor":13,"turns":3},{"damage":56,"enemies":"Slime Boss","floor":16,"turns":12},{"damage":25,"enemies":"3 Byrds","floor":18,"turns":3},{"damage":0,"enemies":"Chosen","floor":21,"turns":5},{"damage":9,"enemies":"Snake Plant","floor":24,"turns":5},{"damage":40,"enemies":"Book of Stabbing","floor":25,"turns":6},{"damage":43,"enemies":"Champ","floor":33,"turns":11},{"damage":46,"enemies":"3 Darklings","floor":35,"turns":5},{"damage":60,"enemies":"Flame Bruiser 1 Orb","floor":36,"turns":4}],"seed_played":"3069166353669519403","potions_obtained":[{"floor":3,"key":"SkillPotion"},{"floor":7,"key":"Ancient Potion"},{"floor":11,"key":"GhostInAJar"},{"floor":24,"key":"Swift Potion"},{"floor":25,"key":"Weak Potion"},{"floor":33,"key":"Ancient Potion"}],"is_trial":false,"path_per_floor":["M","M","M","?","?","R","E","M","T","R","M","R","M","$","R","B",null,"M","?","?","M","$","R","M","E","T","?","R","T","R","?","R","B",null,"M"],"character_chosen":"THE_SILENT","items_purchased":["Toolbox","Mango","Noxious Fumes"],"campfire_rested":1,"item_purchase_floors":[14,14,22],"current_hp_per_floor":[68,63,61,61,50,50,31,29,29,50,47,47,43,57,57,17,84,59,59,59,59,59,59,50,22,22,50,50,50,50,50,50,19,102,56,0],"gold":438,"neow_bonus":"TWO_FIFTY_GOLD","is_prod":false,"is_daily":false,"chose_seed":false,"campfire_upgraded":7,"win_rate":0,"timestamp":1534603667,"path_taken":["M","M","M","?","?","R","E","M","T","R","?","R","?","$","R","BOSS","M","?","?","M","$","R","?","E","T","?","R","?","R","?","R","BOSS","M","M"],"build_version":"2018-08-16","purchased_purges":1,"victory":false,"max_hp_per_floor":[70,70,70,70,70,70,70,70,70,70,70,70,70,84,84,84,84,84,84,84,84,84,84,84,84,84,84,84,84,84,84,84,84,102,102,102],"card_choices":[{"not_picked":["Catalyst","Dagger Throw"],"picked":"Quick Slash","floor":1},{"not_picked":["Deflect","Deadly Poison"],"picked":"Blur","floor":2},{"not_picked":["Prepared","Quick Slash"],"picked":"Blade Dance","floor":3},{"not_picked":["Underhanded Strike","Prepared"],"picked":"Dagger Spray","floor":7},{"not_picked":["Underhanded Strike","Backflip"],"picked":"Deadly Poison","floor":8},{"not_picked":["Dodge and Roll","Dagger Throw","Acrobatics"],"picked":"SKIP","floor":11},{"not_picked":["Reflex","Deflect"],"picked":"Envenom","floor":13},{"not_picked":["Doppelganger","Night Terror"],"picked":"After Image","floor":16},{"not_picked":["Acrobatics","Dagger Throw+1"],"picked":"Terror","floor":18},{"not_picked":["Underhanded Strike","Acrobatics"],"picked":"Flechettes","floor":21},{"not_picked":["Finisher","Underhanded Strike"],"picked":"Crippling Poison+1","floor":24},{"not_picked":["Quick Slash+1","Outmaneuver"],"picked":"Deflect+1","floor":25},{"not_picked":["Unload","Venomology"],"picked":"Corpse Explosion","floor":33},{"not_picked":["Underhanded Strike","Dodge and Roll+1"],"picked":"Riddle With Holes+1","floor":35}],"player_experience":251142,"relics_obtained":[{"floor":7,"key":"Centennial Puzzle"},{"floor":9,"key":"Meat on the Bone"},{"floor":25,"key":"Old Coin"},{"floor":26,"key":"Darkstone Periapt"},{"floor":29,"key":"Dead Branch"},{"floor":34,"key":"Toxic Egg 2"},{"floor":34,"key":"Tiny Chest"},{"floor":34,"key":"Sundial"}],"event_choices":[{"event_name":"Golden Shrine","player_choice":"Pray","floor":4,"damage_taken":0},{"event_name":"World of Goop","player_choice":"Gather Gold","floor":5,"damage_taken":0},{"event_name":"Drug Dealer","player_choice":"Ignored","floor":19,"damage_taken":0},{"event_name":"Beggar","player_choice":"Gave Gold","floor":20,"damage_taken":0},{"event_name":"The Library","player_choice":"Heal","floor":27,"damage_taken":0},{"event_name":"Addict","player_choice":"Obtained Relic","floor":31,"damage_taken":0}],"is_beta":false,"boss_relics":[{"not_picked":["Busted Crown","WristBlade"],"picked":"Ring of the Serpent"},{"not_picked":["Cursed Key","Fusion Hammer"],"picked":"Calling Bell"}],"items_purged_floors":[14],"is_endless":false,"potions_floor_spawned":[3,7,11,24,25,33],"killed_by":"Flame Bruiser 1 Orb","ascension_level":2}