{"gold_per_floor":[119,119,119,138,151,185,185,185,185,202,216,72,72,84,84,189,189,208,191,191,207,132,132,142,142,142,42,42],"floor_reached":28,"playtime":3538,"items_purged":["Streamline","Tempest"],"score":220,"play_id":"be8822b2-f87d-40fd-91f5-20d5bb5b65e2","local_time":"20190830130723","is_ascension_mode":false,"campfire_choices":[{"data":"Zap","floor":7.0,"key":"SMITH"},{"data":"Loop","floor":15,"key":"SMITH"},{"floor":23,"key":"REST"}],"neow_cost":"NONE","seed_source_timestamp":1283527330138666,"circlet_count":0,"master_deck":["Defend_B","Defend_B","Defend_B","Zap+1","Dualcast","Auto Shields","Doom and Gloom","Lockon","Ball Lightning","Loop+1","Seek","Steam Power+1","Rip and Tear+1","Biased Cognition+1","Genetic Algorithm","Sunder"],"special_seed":0,"relics":["Cracked Core","PreservedInsect","Pear","CultistMask","Pantograph","Bag of Preparation","Singing Bowl","Astrolabe","WingedGreaves"],"potions_floor_usage":[],"damage_taken":[{"damage":1.0,"enemies":"Jaw Worm","floor":1.0,"turns":3.0},{"damage":0.0,"enemies":"2 Louse","floor":4.0,"turns":3.0},{"damage":0.0,"enemies":"Cultist","floor":5.0,"turns":4.0},{"damage":26.0,"enemies":"Gremlin Nob","floor":6.0,"turns":4.0},{"damage":3.0,"enemies":"Red Slaver","floor":10.0,"turns":4.0},{"damage":0.0,"enemies":"2 Fungi Beasts","floor":11.0,"turns":2.0},{"damage":0,"enemies":"3 Louse","floor":14,"turns":2},{"damage":32,"enemies":"Hexaghost","floor":16,"turns":8},{"damage":16,"enemies":"Shell Parasite","floor":18,"turns":4},{"damage":26,"enemies":"2 Thieves","floor":19,"turns":4},{"damage":32,"enemies":"Centurion and Healer","floor":21,"turns":5},{"damage":8,"enemies":"Snecko","floor":24,"turns":4},{"damage":36,"enemies":"Colosseum Slavers","floor":28,"turns":3}],"seed_played":"-7188603899692270965","potions_obtained":[{"floor":1.0,"key":"FearPotion"},{"floor":11.0,"key":"Energy Potion"}],"is_trial":false,"path_per_floor":["M","?","?","M","M","E","R","?","T","M","M","$","T","M","R","B",null,"M","M","?","M","$","R","M","$","T","$","?"],"character_chosen":"DEFECT","items_purchased":["Bag of Preparation"],"campfire_rested":1,"item_purchase_floors":[12],"current_hp_per_floor":[74,74,67,67,67,51,51,51,51,48,48,48,48,48,48,41,85,69,43,43,13,13,39,33,33,33,33,0],"gold":42,"neow_bonus":"RANDOM_COMMON_RELIC","is_prod":false,"is_daily":false,"chose_seed":false,"campfire_upgraded":2,"win_rate":0,"timestamp":1567163243,"path_taken":["M","?","?","M","M","E","R","?","T","M","?","$","?","M","R","BOSS","M","M","?","M","$","R","M","$","T","$","?"],"build_version":"2019-07-17","purchased_purges":2,"victory":false,"max_hp_per_floor":[75,75,75,75,75,85,85,85,85,85,85,85,85,85,85,85,85,85,85,85,87,87,87,89,89,89,89,89],"card_choices":[{"not_picked":["Scrape","Leap"],"picked":"Auto Shields","floor":1.0},{"not_picked":["Sweeping Beam","Turbo"],"picked":"Lockon","floor":4.0},{"not_picked":["Reboot","Beam Cell"],"picked":"Streamline","floor":5.0},{"not_picked":["Compile Driver","BootSequence"],"picked":"Ball Lightning","floor":6.0},{"not_picked":["Turbo","Conserve Battery"],"picked":"Loop","floor":10.0},{"not_picked":["Biased Cognition","Sweeping Beam","Consume"],"picked":"SKIP","floor":11.0},{"not_picked":["Biased Cognition","Sweeping Beam","Consume"],"picked":"SKIP","floor":11.0},{"not_picked":["Streamline","Coolheaded"],"picked":"Tempest","floor":14},{"not_picked":["Machine Learning","Reboot"],"picked":"Seek","floor":16},{"not_picked":["Defragment","Heatsinks+1"],"picked":"Genetic Algorithm","floor":18},{"not_picked":["Stack","Go for the Eyes"],"picked":"Sunder","floor":19},{"not_picked":["Rebound","Sweeping Beam","Turbo"],"picked":"Singing Bowl","floor":21},{"not_picked":["Melter","Chaos","Compile Driver+1"],"picked":"Singing Bowl","floor":24}],"player_experience":254296,"relics_obtained":[{"floor":6.0,"key":"Pear"},{"floor":9.0,"key":"Pantograph"},{"floor":13,"key":"Singing Bowl"},{"floor":26,"key":"WingedGreaves"}],"event_choices":[{"damage_healed":0.0,"max_hp_gain":0.0,"max_hp_loss":0.0,"gold_gain":0.0,"cards_transformed":["Strike_B"],"event_name":"Living Wall","player_choice":"Change","floor":2.0,"gold_loss":0.0,"damage_taken":0.0,"cards_obtained":["Doom and Gloom"]},{"cards_removed":["Strike_B"],"damage_healed":0.0,"max_hp_gain":0.0,"max_hp_loss":0.0,"gold_gain":0.0,"event_name":"Golden Wing","player_choice":"Card Removal","floor":3.0,"gold_loss":0.0,"damage_taken":7.0},{"damage_healed":0.0,"max_hp_gain":0.0,"max_hp_loss":0.0,"gold_gain":0.0,"event_name":"FaceTrader","player_choice":"Trade","floor":8.0,"gold_loss":0.0,"damage_taken":0.0,"relics_obtained":["CultistMask"]},{"damage_healed":0,"gold_gain":0,"player_choice":"Ignored","damage_taken":0,"max_hp_gain":0,"max_hp_loss":0,"event_name":"Cursed Tome","floor":20,"gold_loss":0},{"damage_healed":0,"gold_gain":0,"player_choice":"Fight","damage_taken":0,"max_hp_gain":0,"max_hp_loss":0,"event_name":"Colosseum","floor":28,"gold_loss":0}],"is_beta":false,"boss_relics":[{"not_picked":["Fusion Hammer","Velvet Choker"],"picked":"Astrolabe"}],"items_purged_floors":[22,27],"is_endless":false,"potions_floor_spawned":[1,11],"killed_by":"Colosseum Slavers","ascension_level":0}