{"path_per_floor":["M","?","?","M","M","R","M","R","T","E","?","R","E","M","R","B",null,"M","M","$","?","M","R","$","R","T","T","M","M","$","M","R","B",null,"M","M","?","?","$","R","T","M","T","?","M","?","?","M","R"],"character_chosen":"THE_SILENT","items_purchased":["Flying Knee","Secret Technique","Noxious Fumes"],"gold_per_floor":[114,114,114,133,146,146,165,165,165,229,229,229,261,275,275,378,408,420,430,304,304,318,318,41,41,68,91,101,119,48,68,68,168,168,180,192,192,192,67,67,93,110,133,233,243,243,243,255,255],"floor_reached":50,"campfire_rested":2,"playtime":3628,"current_hp_per_floor":[70,70,56,56,56,56,56,56,56,56,49,49,46,46,46,41,75,75,62,62,48,44,44,44,44,44,44,58,57,57,53,77,16,80,78,59,59,79,79,79,79,70,70,70,10,10,10,40,64],"items_purged":["Strike_G","Defend_G","Writhe"],"gold":255,"score":427,"play_id":"753078ae-1f2b-4514-a3d2-5b2733f240ca","is_prod":false,"is_daily":false,"is_ascension_mode":false,"campfire_upgraded":7,"path_taken":["M","?","?","M","M","R","M","R","T","E","?","R","E","?","R","BOSS","M","M","$","?","M","R","$","R","T","?","M","M","$","M","R","BOSS","M","M","?","?","?","R","?","M","T","?","?","?","?","M","R","BOSS"],"build_version":"2018-02-22-PROD2","purchased_purges":3,"victory":false,"master_deck":["Defend_G","Defend_G","Defend_G+1","Defend_G","Strike_G+1","Strike_G+1","Survivor","Neutralize","Adrenaline+1","Blur","Blur","Poisoned Stab+1","Deadly Poison+1","Dagger Throw","Bane+1","Bouncing Flask+1","Envenom","Backflip","Outmaneuver+1","Poisoned Stab+1","Flying Knee","Secret Technique+1","Quick Slash","All Out Attack+1","Noxious Fumes","Caltrops+1","Adrenaline+1","Bane+1","Distraction+1","Noxious Fumes","Infinite Blades+1"],"max_hp_per_floor":[70,70,70,70,70,70,70,70,70,70,70,70,70,70,70,70,75,75,75,75,80,80,80,80,80,80,80,80,80,80,80,80,80,80,80,80,80,80,80,80,80,80,80,80,80,80,80,80,80],"relics":["Ring of the Snake","Thread and Needle","Tiny Chest","Orichalcum","Tiny House","Snake Skull","Prayer Wheel","Lizard Tail","Omamori","Bag of Marbles"],"card_choices":[{"not_picked":["Deflect","Flechettes"],"picked":"Blur"},{"not_picked":["Slice","Footwork"],"picked":"Blur"},{"not_picked":["Prepared","Quick Slash"],"picked":"Poisoned Stab"},{"not_picked":["Endless Agony","Distraction"],"picked":"Deadly Poison"},{"not_picked":["Well Laid Plans","Infinite Blades"],"picked":"Dagger Throw"},{"not_picked":["Skewer","Caltrops"],"picked":"Bane"},{"not_picked":["Sucker Punch","Underhanded Strike"],"picked":"Bouncing Flask"},{"not_picked":["Glass Knife","Storm of Steel"],"picked":"Envenom"},{"not_picked":["Dagger Throw","Underhanded Strike"],"picked":"Backflip"},{"not_picked":["Skewer","Cloak And Dagger"],"picked":"Outmaneuver"},{"not_picked":["Choke","Backflip"],"picked":"Poisoned Stab"},{"not_picked":["Choke","PiercingWail"],"picked":"Quick Slash"},{"not_picked":["Leg Sweep","Bullet Time"],"picked":"All Out Attack"},{"not_picked":["Footwork","PiercingWail"],"picked":"Caltrops"},{"not_picked":["Envenom","Venomology"],"picked":"Adrenaline"},{"not_picked":["Dagger Throw","Bouncing Flask"],"picked":"Expertise"},{"not_picked":["Cloak And Dagger","Expertise"],"picked":"Bane"},{"not_picked":["Prepared","Dodge and Roll"],"picked":"Distraction"},{"not_picked":["Riddle With Holes","Underhanded Strike"],"picked":"Noxious Fumes"},{"not_picked":["Cloak And Dagger","Blade Dance"],"picked":"Infinite Blades"}],"player_experience":128581,"potions_floor_usage":[10,16,16,19,28,45,48,48,50],"damage_taken":[{"damage":0,"enemies":"2 Louse","floor":1,"turns":3},{"damage":0,"enemies":"Cultist","floor":4,"turns":4},{"damage":0,"enemies":"Small Slimes","floor":5,"turns":3},{"damage":0,"enemies":"Exordium Wildlife","floor":7,"turns":8},{"damage":0,"enemies":"Gremlin Nob","floor":10,"turns":4},{"damage":3,"enemies":"Lagavulin","floor":13,"turns":5},{"damage":0,"enemies":"Looter","floor":14,"turns":2},{"damage":5,"enemies":"Slime Boss","floor":16,"turns":10},{"damage":0,"enemies":"Shell Parasite","floor":18,"turns":4},{"damage":13,"enemies":"3 Byrds","floor":19,"turns":6},{"damage":4,"enemies":"Snake Plant","floor":22,"turns":4},{"damage":1,"enemies":"Centurion and Healer","floor":28,"turns":5},{"damage":1,"enemies":"3 Cultists","floor":29,"turns":5},{"damage":4,"enemies":"Snake Plant","floor":31,"turns":3},{"damage":61,"enemies":"Automaton","floor":33,"turns":10},{"damage":2,"enemies":"Orb Walker","floor":35,"turns":3},{"damage":19,"enemies":"3 Darklings","floor":36,"turns":5},{"damage":9,"enemies":"Sphere and 2 Shapes","floor":42,"turns":7},{"damage":60,"enemies":"4 Shapes","floor":45,"turns":5},{"damage":25,"enemies":"Maw","floor":48,"turns":7},{"damage":64,"enemies":"Awakened One","floor":50,"turns":3}],"event_choices":[{"event_name":"Bonfire Elementals","player_choice":"BASIC","floor":2,"damage_taken":0},{"event_name":"Shining Light","player_choice":"Entered Light","floor":3,"damage_taken":0},{"event_name":"Golden Wing","player_choice":"Card Removal","floor":11,"damage_taken":0},{"event_name":"Forgotten Altar","player_choice":"Shed Blood","floor":21,"damage_taken":0},{"event_name":"Tomb of Lord Red Mask","player_choice":"Ignored","floor":37,"damage_taken":0},{"event_name":"Winding Halls","player_choice":"Writhe","floor":38,"damage_taken":0},{"event_name":"Golden Shrine","player_choice":"Pray","floor":44,"damage_taken":0},{"event_name":"Mysterious Sphere","player_choice":"Ignore","floor":47,"damage_taken":0}],"boss_relics":[{"not_picked":["Runic Dome","White Beast Statue"],"picked":"Tiny House"},{"not_picked":["Calling Bell","Question Card"],"picked":"Lizard Tail"}],"potions_floor_spawned":[5,7,10,14,18,28,33,42,48],"seed_played":"2767641784338869018","killed_by":"Awakened One","ascension_level":0,"is_trial":false}