{"gold_per_floor":[117,28,28,28,38,38,38,38,64,80,96,96,124,141,141,239,239,257,182,196,196,72,72,102,102],"floor_reached":25,"playtime":1867,"items_purged":["Pain","Defend_B"],"score":252,"play_id":"d8a6f4d4-f85c-4af3-9ab7-7c7800aaf0a3","local_time":"20180922013357","is_ascension_mode":true,"campfire_choices":[{"data":"Capacitor","floor":6,"key":"SMITH"},{"data":"Glacier","floor":8,"key":"SMITH"},{"floor":15,"key":"REST"},{"floor":23,"key":"REST"}],"neow_cost":"NONE","seed_source_timestamp":17536707191364,"circlet_count":0,"master_deck":["Strike_B","Strike_B","Strike_B","Defend_B","Defend_B","Defend_B","Zap","Dualcast","Glacier+1","Enlightenment","Capacitor+1","Compile Driver","Consume","Ball Lightning","Blizzard","Echo Form","Gash+1","Darkness","Coolheaded","Gash"],"relics":["Cracked Core","WarpedTongs","Blood Vial","Symbiotic Virus","Emotion Chip","Inserter","Kunai","Cables"],"potions_floor_usage":[11,11,20,24,25],"damage_taken":[{"damage":8,"enemies":"Small Slimes","floor":1,"turns":4},{"damage":0,"enemies":"Jaw Worm","floor":5,"turns":4},{"damage":6,"enemies":"Cultist","floor":10,"turns":6},{"damage":30,"enemies":"Exordium Thugs","floor":11,"turns":6},{"damage":8,"enemies":"Lagavulin","floor":13,"turns":5},{"damage":12,"enemies":"3 Louse","floor":14,"turns":3},{"damage":15,"enemies":"The Guardian","floor":16,"turns":10},{"damage":20,"enemies":"Shell Parasite","floor":18,"turns":5},{"damage":52,"enemies":"3 Byrds","floor":20,"turns":4},{"damage":11,"enemies":"Book of Stabbing","floor":24,"turns":6},{"damage":22,"enemies":"3 Cultists","floor":25,"turns":3}],"seed_played":"-2314514697081580142","potions_obtained":[{"floor":1,"key":"Strength Potion"},{"floor":10,"key":"Swift Potion"},{"floor":13,"key":"SteroidPotion"},{"floor":16,"key":"Explosive Potion"},{"floor":18,"key":"GamblersBrew"}],"is_trial":false,"path_per_floor":["M","$","?","$","M","R","?","R","T","M","M","T","E","M","R","B",null,"M","$","M","?","$","R","E"],"character_chosen":"DEFECT","items_purchased":["Enlightenment","Coolheaded"],"campfire_rested":2,"item_purchase_floors":[2,22],"current_hp_per_floor":[67,67,67,67,67,67,67,67,67,63,35,35,29,19,41,28,75,55,55,5,5,5,27,18,0],"gold":102,"neow_bonus":"REMOVE_CARD","is_prod":false,"is_daily":false,"chose_seed":false,"campfire_upgraded":2,"win_rate":0,"timestamp":1537572837,"path_taken":["M","$","?","?","M","R","?","R","T","M","?","?","E","M","R","BOSS","M","$","M","?","$","R","E","M"],"build_version":"2018-09-20","purchased_purges":2,"victory":false,"max_hp_per_floor":[75,75,75,75,75,75,75,75,75,75,75,75,75,75,75,75,75,75,75,75,75,75,75,75,75],"card_choices":[{"not_picked":["Skim","Barrage"],"picked":"Glacier","floor":1},{"not_picked":["Stack","Coolheaded"],"picked":"Capacitor","floor":5},{"not_picked":["Cold Snap","Turbo"],"picked":"Compile Driver","floor":10},{"not_picked":["Beam Cell","Steam"],"picked":"Consume","floor":11},{"not_picked":["Reboot","Conserve Battery"],"picked":"Ball Lightning","floor":13},{"not_picked":["Rebound","Conserve Battery"],"picked":"Blizzard","floor":14},{"not_picked":["Biased Cognition","Creative AI"],"picked":"Echo Form","floor":16},{"not_picked":["Stack+1","Compile Driver+1"],"picked":"Gash+1","floor":18},{"not_picked":["Barrage","Leap+1"],"picked":"Darkness","floor":20},{"not_picked":["FTL+1","Compile Driver+1"],"picked":"Gash","floor":24}],"player_experience":313443,"relics_obtained":[{"floor":9,"key":"Blood Vial"},{"floor":12,"key":"Symbiotic Virus"},{"floor":13,"key":"Emotion Chip"},{"floor":24,"key":"Cables"}],"event_choices":[{"event_name":"The Cleric","player_choice":"Leave","floor":3,"damage_taken":0},{"event_name":"Accursed Blacksmith","player_choice":"Rummage","floor":7,"damage_taken":0},{"event_name":"The Mausoleum","player_choice":"Yes","floor":21,"damage_taken":0}],"is_beta":false,"boss_relics":[{"not_picked":["Tiny House","Velvet Choker"],"picked":"Inserter"}],"items_purged_floors":[19,22],"is_endless":false,"potions_floor_spawned":[1,10,13,16,18],"killed_by":"3 Cultists","ascension_level":3}