{"path_per_floor":["M","M","?","M","$","M","R","?","T","?","M","R","E","M","R","B",null,"M","?","M","$","M","E","M","?","T","M","R","E","R","M","R","B",null,"M","?","M","?","$","R","?","R","T","R","M","R","$","M","R"],"character_chosen":"IRONCLAD","items_purchased":["Perfected Strike","Seeing Red","Searing Blow","Metallicize"],"gold_per_floor":[118,136,136,155,55,66,66,66,89,39,59,59,90,107,107,212,212,225,150,163,25,35,60,71,71,71,81,81,116,116,131,131,234,234,245,245,256,356,85,85,85,85,85,85,99,99,99,112,112],"floor_reached":50,"campfire_rested":3,"playtime":5879,"current_hp_per_floor":[80,75,75,80,80,76,76,76,76,76,71,71,60,64,64,39,80,76,76,65,65,56,55,44,29,29,35,60,23,48,39,64,12,85,85,85,59,59,59,69,69,79,79,85,69,79,79,63,75],"items_purged":["Defend_R","Defend_R","Strike_R"],"gold":112,"play_id":"272be9e0-9ffd-4ad2-9ba2-26958066174f","is_prod":false,"is_daily":false,"campfire_rituals":0,"campfire_upgraded":8,"is_hardmode":false,"path_taken":["M","M","?","M","$","M","R","?","T","?","M","R","E","M","R","BOSS","M","?","M","$","M","E","?","?","T","?","R","E","R","M","R","BOSS","M","?","M","?","$","R","?","R","T","R","M","R","?","?","R","BOSS"],"build_version":"2018-01-18-PROD4","purchased_purges":3,"victory":false,"master_deck":["Strike_R","Strike_R","Strike_R","Strike_R","Bash","Twin Strike","Clash","Inflame","Perfected Strike","Rampage","Dual Wield","Seeing Red","Headbutt","Bludgeon","Iron Wave","Seeing Red","Seeing Red","Pommel Strike","Flex","Cleave","Iron Wave","Rage","Double Tap","Shockwave","Cleave","Intimidate","Searing Blow","Metallicize","Body Slam","Clash"],"max_hp_per_floor":[80,80,80,80,80,80,80,80,80,80,80,80,80,80,80,80,80,80,80,80,80,80,80,80,85,85,85,85,85,85,85,85,85,85,85,85,85,85,85,85,85,85,85,85,85,85,85,85,85],"relics":["Burning Blood","Bag of Preparation","Centennial Puzzle","Sozu","Toolbox","Champion Belt","Happy Flower","Eternal Feather","Magic Flower"],"campfire_meditates":0,"card_choices":[{"not_picked":["Power Through","True Grit"],"picked":"Twin Strike"},{"not_picked":["Power Through","Spot Weakness"],"picked":"Clash"},{"not_picked":["Flex","True Grit"],"picked":"Inflame"},{"not_picked":["Juggernaut","Hemokinesis"],"picked":"Rampage"},{"not_picked":["Clash","Flex"],"picked":"Dual Wield"},{"not_picked":["Fiend Fire","True Grit"],"picked":"Seeing Red"},{"not_picked":["Whirlwind","Iron Wave"],"picked":"Headbutt"},{"not_picked":["Fiend Fire","Barricade"],"picked":"Bludgeon"},{"not_picked":["Shockwave","Anger"],"picked":"Iron Wave"},{"not_picked":["Intimidate","Battle Trance"],"picked":"Seeing Red"},{"not_picked":["Twin Strike","Heavy Blade"],"picked":"Pommel Strike"},{"not_picked":["Corruption","Dual Wield"],"picked":"Flex"},{"not_picked":["Warcry","Clothesline"],"picked":"Cleave"},{"not_picked":["Power Through","Hemokinesis"],"picked":"Iron Wave"},{"not_picked":["Anger","Spot Weakness"],"picked":"Rage"},{"not_picked":["Dark Embrace","Feed"],"picked":"Double Tap"},{"not_picked":["True Grit","Clash"],"picked":"Shockwave"},{"not_picked":["Warcry","True Grit"],"picked":"Intimidate"},{"not_picked":["Clothesline","Disarm"],"picked":"Body Slam"},{"not_picked":["Thunderclap","Combust"],"picked":"Clash"}],"player_experience":12099,"potions_floor_usage":[],"damage_taken":[{"damage":6.0,"enemies":"Jaw Worm","floor":1.0,"turns":3.0},{"damage":11.0,"enemies":"Blue Slaver","floor":2.0,"turns":4.0},{"damage":0.0,"enemies":"Small Slimes","floor":4.0,"turns":2.0},{"damage":10.0,"enemies":"Looter","floor":6.0,"turns":3.0},{"damage":11.0,"enemies":"3 Louse","floor":11.0,"turns":3.0},{"damage":17.0,"enemies":"Gremlin Nob","floor":13.0,"turns":4.0},{"damage":2.0,"enemies":"2 Fungi Beasts","floor":14.0,"turns":3.0},{"damage":31.0,"enemies":"Slime Boss","floor":16.0,"turns":7.0},{"damage":10.0,"enemies":"2 Thieves","floor":18.0,"turns":2.0},{"damage":17.0,"enemies":"Shell Parasite","floor":20.0,"turns":3.0},{"damage":15.0,"enemies":"Snecko","floor":22.0,"turns":3.0},{"damage":7.0,"enemies":"Book of Stabbing","floor":23.0,"turns":2.0},{"damage":21.0,"enemies":"3 Cultists","floor":24.0,"turns":4.0},{"damage":0.0,"enemies":"Snake Plant","floor":27.0,"turns":2.0},{"damage":43.0,"enemies":"Slavers","floor":29.0,"turns":4.0},{"damage":15.0,"enemies":"Snecko","floor":31.0,"turns":3.0},{"damage":58.0,"enemies":"Champ","floor":33.0,"turns":8.0},{"damage":2,"enemies":"Orb Walker","floor":35,"turns":2},{"damage":32,"enemies":"3 Darklings","floor":37,"turns":6},{"damage":25,"enemies":"Maw","floor":45,"turns":6},{"damage":25,"enemies":"4 Shapes","floor":48,"turns":5},{"damage":86,"enemies":"Awakened One","floor":50,"turns":13}],"event_choices":[{"event_name":"Upgrade Shrine","player_choice":"Upgraded","floor":3.0,"damage_taken":0.0},{"event_name":"Liars Game","player_choice":"disagreed","floor":8.0,"damage_taken":0.0},{"event_name":"The Cleric","player_choice":"Card Removal","floor":10.0,"damage_taken":0.0},{"event_name":"Beggar","player_choice":"Gave Gold","floor":19.0,"damage_taken":0.0},{"event_name":"Forgotten Altar","player_choice":"Shed Blood","floor":25.0,"damage_taken":0.0},{"event_name":"Match and Keep!","player_choice":"1 cards matched","floor":36,"damage_taken":0},{"event_name":"Golden Shrine","player_choice":"Pray","floor":38,"damage_taken":0},{"event_name":"Mysterious Sphere","player_choice":"Ignore","floor":41,"damage_taken":0}],"boss_relics":[{"not_picked":["Question Card","Runic Cube"],"picked":"Eternal Feather"}],"potions_floor_spawned":[1,6,11,16,18,24,27,48],"seed_played":"-3279504015505923303","killed_by":"Awakened One","is_trial":false}