{"gold_per_floor":[117,131,11,31,45,72,88,103,130,90,109,109,124,24,24,125,125,125],"floor_reached":18,"playtime":1464,"items_purged":["Strike_G","Strike_G"],"score":191,"play_id":"f6122be3-173a-430e-85d9-d689eda92a12","local_time":"20181128005009","is_ascension_mode":true,"campfire_choices":[{"floor":12,"key":"REST"},{"data":"Noxious Fumes","floor":15,"key":"SMITH"}],"neow_cost":"NONE","seed_source_timestamp":14430107429684,"circlet_count":0,"master_deck":["Defend_G","Defend_G","Defend_G","Defend_G+1","Defend_G","Strike_G","Strike_G","Strike_G","Survivor","Neutralize+1","Blade Dance+1","Noxious Fumes+1","Bane","Outmaneuver","PiercingWail","Bane","Deadly Poison","Bane","Poisoned Stab","Envenom"],"relics":["Ring of the Snake","Potion Belt","War Paint","Velvet Choker"],"potions_floor_usage":[5,6,11,13,13,16,16],"damage_taken":[{"damage":0,"enemies":"2 Louse","floor":1,"turns":2},{"damage":0,"enemies":"Cultist","floor":2,"turns":3},{"damage":1,"enemies":"Jaw Worm","floor":4,"turns":3},{"damage":19,"enemies":"Gremlin Gang","floor":5,"turns":5},{"damage":16,"enemies":"Lagavulin","floor":6,"turns":7},{"damage":7,"enemies":"2 Fungi Beasts","floor":7,"turns":5},{"damage":2,"enemies":"3 Louse","floor":8,"turns":3},{"damage":4,"enemies":"Exordium Thugs","floor":11,"turns":4},{"damage":1,"enemies":"Lots of Slimes","floor":13,"turns":3},{"damage":14,"enemies":"Hexaghost","floor":16,"turns":8},{"damage":0,"enemies":"3 Byrds","floor":18,"turns":1}],"seed_played":"2710147722909972872","potions_obtained":[{"floor":2,"key":"SneckoOil"},{"floor":5,"key":"SkillPotion"},{"floor":8,"key":"SkillPotion"},{"floor":10,"key":"Poison Potion"},{"floor":10,"key":"GhostInAJar"},{"floor":10,"key":"Strength Potion"},{"floor":11,"key":"Block Potion"},{"floor":13,"key":"AttackPotion"}],"is_trial":false,"path_per_floor":["M","M","$","M","M","E","M","M","T","?","M","R","M","$","R","B",null,"M"],"character_chosen":"THE_SILENT","items_purchased":["Bane"],"campfire_rested":1,"item_purchase_floors":[3],"current_hp_per_floor":[70,70,70,69,50,34,27,25,25,25,21,42,41,41,41,27,70,70],"gold":125,"neow_bonus":"UPGRADE_CARD","is_prod":false,"is_daily":false,"chose_seed":false,"campfire_upgraded":1,"win_rate":0,"timestamp":1543362609,"path_taken":["M","M","$","M","M","E","M","M","T","?","M","R","?","$","R","BOSS","M"],"build_version":"2018-11-15","purchased_purges":2,"victory":false,"max_hp_per_floor":[70,70,70,70,70,70,70,70,70,70,70,70,70,70,70,70,70,70],"card_choices":[{"not_picked":["PiercingWail","Prepared"],"picked":"Blade Dance","floor":1},{"not_picked":["All Out Attack","Flying Knee"],"picked":"Noxious Fumes","floor":2},{"not_picked":["Flechettes","All Out Attack"],"picked":"Outmaneuver","floor":4},{"not_picked":["Quick Slash","Sucker Punch"],"picked":"PiercingWail","floor":5},{"not_picked":["Sucker Punch","PiercingWail"],"picked":"Bane","floor":6},{"not_picked":["Calculated Gamble","Acrobatics"],"picked":"Deadly Poison","floor":7},{"not_picked":["Caltrops","Phantasmal Killer"],"picked":"Bane","floor":8},{"not_picked":["Acrobatics","Quick Slash","Underhanded Strike"],"picked":"SKIP","floor":11},{"not_picked":["Flying Knee","Outmaneuver"],"picked":"Poisoned Stab","floor":13},{"not_picked":["Unload","Glass Knife"],"picked":"Envenom","floor":16}],"player_experience":404741,"relics_obtained":[{"floor":6,"key":"Potion Belt"},{"floor":9,"key":"War Paint"}],"event_choices":[{"damage_healed":0,"gold_gain":0,"player_choice":"Bought 3 Potions","damage_taken":0,"max_hp_gain":0,"max_hp_loss":0,"event_name":"The Woman in Blue","floor":10,"gold_loss":0}],"is_beta":false,"boss_relics":[{"not_picked":["Runic Dome","Sozu"],"picked":"Velvet Choker"}],"items_purged_floors":[3,14],"is_endless":false,"potions_floor_spawned":[2,5,8,11,13],"killed_by":"3 Byrds","ascension_level":3}