{"gold_per_floor":[118,43,56,67,67,67,67,67,67,86,86,113,132,32,32,127,127,144,177,177,177,189,189,218,218,218,232,232,245,120,148,148,244,244,264,277,277,277,128,128,128,144,144,174,188,205,205,205,205,205],"floor_reached":51,"playtime":4182,"items_purged":["Strike_R","Strike_R","Defend_R"],"score":816,"play_id":"04c3f548-083f-4a98-b165-8f9cc07e0813","local_time":"20190907012122","is_ascension_mode":true,"campfire_choices":[{"data":"Bash","floor":6,"key":"SMITH"},{"data":"Infernal Blade","floor":8,"key":"SMITH"},{"data":"Metallicize","floor":11,"key":"SMITH"},{"floor":15,"key":"REST"},{"data":"Immolate","floor":23,"key":"SMITH"},{"data":"Flame Barrier","floor":25,"key":"SMITH"},{"data":"Shockwave","floor":28,"key":"SMITH"},{"data":"Immolate","floor":32,"key":"SMITH"},{"data":"Fiend Fire","floor":40,"key":"SMITH"},{"data":"Carnage","floor":47,"key":"SMITH"},{"data":"Shrug It Off","floor":49,"key":"SMITH"}],"neow_cost":"NONE","seed_source_timestamp":52345362534200,"circlet_count":0,"master_deck":["Strike_R","Strike_R","Strike_R","Defend_R+1","Defend_R","Defend_R","Bash+1","Warcry+1","Infernal Blade+1","Metallicize+1","Shrug It Off","Whirlwind","Flame Barrier+1","Immolate+1","Shockwave+1","Carnage+1","Exhume","Armaments+1","Immolate+1","Fiend Fire+1","Madness","Shrug It Off+1"],"relics":["Burning Blood","Anchor","Darkstone Periapt","Ornamental Fan","Snecko Eye","Red Mask","Oddly Smooth Stone","Mummified Hand","Bottled Lightning","Vajra","Busted Crown","Singing Bowl","War Paint","Bag of Marbles","Lantern"],"potions_floor_usage":[16,16,21,22,33,50,50],"damage_taken":[{"damage":2,"enemies":"Jaw Worm","floor":1,"turns":3},{"damage":1,"enemies":"Cultist","floor":3,"turns":3},{"damage":2,"enemies":"2 Louse","floor":4,"turns":3},{"damage":5,"enemies":"Blue Slaver","floor":10,"turns":4},{"damage":26,"enemies":"Gremlin Nob","floor":12,"turns":5},{"damage":8,"enemies":"Gremlin Gang","floor":13,"turns":3},{"damage":21,"enemies":"The Guardian","floor":16,"turns":17},{"damage":0,"enemies":"2 Thieves","floor":18,"turns":2},{"damage":0,"enemies":"Masked Bandits","floor":19,"turns":2},{"damage":7,"enemies":"Spheric Guardian","floor":22,"turns":3},{"damage":8,"enemies":"Slavers","floor":24,"turns":2},{"damage":0,"enemies":"3 Cultists","floor":27,"turns":2},{"damage":0,"enemies":"Cultist and Chosen","floor":29,"turns":3},{"damage":0,"enemies":"Book of Stabbing","floor":31,"turns":4},{"damage":4,"enemies":"Collector","floor":33,"turns":6},{"damage":0,"enemies":"3 Shapes","floor":35,"turns":2},{"damage":0,"enemies":"3 Darklings","floor":36,"turns":2},{"damage":0,"enemies":"Transient","floor":42,"turns":5},{"damage":7,"enemies":"Giant Head","floor":44,"turns":6},{"damage":0,"enemies":"Jaw Worm Horde","floor":45,"turns":3},{"damage":0,"enemies":"Sphere and 2 Shapes","floor":46,"turns":2},{"damage":22,"enemies":"Donu and Deca","floor":50,"turns":5}],"seed_played":"6789903008618993575","potions_obtained":[{"floor":10,"key":"Dexterity Potion"},{"floor":12,"key":"Swift Potion"},{"floor":13,"key":"SkillPotion"},{"floor":16,"key":"Strength Potion"},{"floor":21,"key":"Fruit Juice"},{"floor":21,"key":"Poison Potion"},{"floor":22,"key":"Dexterity Potion"},{"floor":24,"key":"Block Potion"},{"floor":35,"key":"FearPotion"}],"is_trial":false,"path_per_floor":["M","$","M","M","?","R","$","R","T","M","R","E","M","$","R","B",null,"M","?","?","?","M","R","E","R","T","M","R","M","$","E","R","B",null,"M","M","?","T","$","R","?","M","T","E","M","M","R","?","R","B",null],"character_chosen":"IRONCLAD","items_purchased":["War Paint"],"campfire_rested":1,"item_purchase_floors":[39],"current_hp_per_floor":[80,80,80,80,80,80,80,80,80,80,80,60,58,58,80,65,80,80,80,80,85,84,84,82,82,82,85,85,85,85,85,85,85,85,85,85,74,74,74,74,73,81,81,82,88,95,95,95,95,79],"gold":205,"neow_bonus":"RANDOM_COMMON_RELIC","is_prod":false,"is_daily":false,"chose_seed":false,"campfire_upgraded":10,"win_rate":0,"timestamp":1567812082,"path_taken":["M","$","M","M","?","R","$","R","T","?","R","E","M","$","R","BOSS","M","?","?","?","?","R","E","R","T","M","R","M","$","E","R","BOSS","M","M","?","?","$","R","?","M","T","E","M","M","R","?","R","BOSS"],"build_version":"2019-07-17","purchased_purges":3,"victory":true,"max_hp_per_floor":[80,80,80,80,80,80,80,80,80,80,80,80,80,80,80,80,80,80,80,80,85,85,85,85,85,85,85,85,85,85,85,85,85,85,85,85,85,85,85,85,89,91,91,93,93,95,95,95,95,95],"card_choices":[{"not_picked":["Wild Strike","Anger"],"picked":"Warcry","floor":1},{"not_picked":["Hemokinesis","Battle Trance"],"picked":"Infernal Blade","floor":3},{"not_picked":["Wild Strike","Anger"],"picked":"Metallicize","floor":4},{"not_picked":["Intimidate","Body Slam"],"picked":"Shrug It Off","floor":10},{"not_picked":["Bludgeon","Clash"],"picked":"Whirlwind","floor":12},{"not_picked":["Clash","Armaments"],"picked":"Flame Barrier","floor":13},{"not_picked":["Brutality","Barricade"],"picked":"Immolate","floor":16},{"not_picked":["Sword Boomerang","Flex+1"],"picked":"Shockwave","floor":18},{"not_picked":["Warcry+1","True Grit"],"picked":"Carnage","floor":19},{"not_picked":["Burning Pact","Warcry","Bloodletting"],"picked":"SKIP","floor":22},{"not_picked":["Metallicize","Headbutt"],"picked":"Exhume","floor":24},{"not_picked":["Disarm","Body Slam","Thunderclap"],"picked":"SKIP","floor":27},{"not_picked":["Flex","Entrench"],"picked":"Armaments+1","floor":29},{"not_picked":["Cleave","Blood for Blood"],"picked":"Immolate","floor":31},{"not_picked":["Offering","Double Tap"],"picked":"Fiend Fire","floor":33},{"not_picked":["Hemokinesis"],"picked":"SKIP","floor":35},{"not_picked":["Wild Strike"],"picked":"SKIP","floor":36},{"not_picked":["Trip"],"picked":"Singing Bowl","floor":41},{"not_picked":["Bandage Up"],"picked":"Singing Bowl","floor":41},{"not_picked":["Entrench+1"],"picked":"Singing Bowl","floor":42},{"not_picked":["Sentinel"],"picked":"Singing Bowl","floor":44},{"not_picked":[],"picked":"Shrug It Off","floor":45},{"not_picked":["Intimidate"],"picked":"Singing Bowl","floor":46}],"player_experience":228960,"relics_obtained":[{"floor":9,"key":"Darkstone Periapt"},{"floor":12,"key":"Ornamental Fan"},{"floor":19,"key":"Red Mask"},{"floor":24,"key":"Mummified Hand"},{"floor":26,"key":"Bottled Lightning"},{"floor":31,"key":"Vajra"},{"floor":38,"key":"Singing Bowl"},{"floor":43,"key":"Bag of Marbles"},{"floor":44,"key":"Lantern"}],"event_choices":[{"damage_healed":0,"gold_gain":0,"player_choice":"Full Heal","damage_taken":0,"max_hp_gain":0,"max_hp_loss":0,"event_name":"Wheel of Change","floor":5,"gold_loss":0},{"damage_healed":0,"gold_gain":0,"player_choice":"Fought Bandits","damage_taken":0,"max_hp_gain":0,"max_hp_loss":0,"event_name":"Masked Bandits","floor":19,"gold_loss":0},{"damage_healed":0,"gold_gain":0,"player_choice":"Opened","damage_taken":0,"relics_obtained":["Oddly Smooth Stone"],"max_hp_gain":0,"max_hp_loss":0,"event_name":"The Mausoleum","floor":20,"gold_loss":0},{"damage_healed":0,"gold_gain":0,"player_choice":"Got Potions","damage_taken":0,"max_hp_gain":0,"max_hp_loss":0,"event_name":"Lab","floor":21,"gold_loss":0},{"damage_healed":0,"gold_gain":0,"player_choice":"Embrace Madness","damage_taken":11,"max_hp_gain":0,"max_hp_loss":0,"event_name":"Winding Halls","floor":37,"gold_loss":0,"cards_obtained":["Madness","Madness"]},{"damage_healed":0,"gold_gain":0,"player_choice":"Memory 2","damage_taken":5,"max_hp_gain":0,"max_hp_loss":0,"event_name":"SensoryStone","floor":41,"gold_loss":0},{"cards_removed":["Madness"],"damage_healed":0,"gold_gain":0,"player_choice":"Removed Skill","damage_taken":0,"max_hp_gain":0,"max_hp_loss":0,"event_name":"Falling","floor":48,"gold_loss":0}],"is_beta":false,"boss_relics":[{"not_picked":["Coffee Dripper","Sozu"],"picked":"Snecko Eye"},{"not_picked":["Runic Cube","Pandora\u0027s Box"],"picked":"Busted Crown"}],"items_purged_floors":[2,14,30],"is_endless":false,"potions_floor_spawned":[10,12,13,16,22,24,29,31,35,36],"ascension_level":3}