{"gold_per_floor":[118,118,136,136,136,136,167,180,227,227,227,252,271,15,15,110,110,121,139,139,139,171,171,186,186,210,210,65,91,91,91,91,188,188,208,430,447,459,52,52],"floor_reached":40,"playtime":3458,"items_purged":["Strike_R"],"score":476,"play_id":"878f71ba-1ed7-4135-88f8-c09956742aa4","local_time":"20180817234952","is_ascension_mode":true,"campfire_choices":[{"data":"Corruption","floor":6,"key":"SMITH"},{"data":"Feel No Pain","floor":10,"key":"SMITH"},{"data":"Apotheosis","floor":15,"key":"SMITH"},{"floor":23,"key":"REST"},{"data":"Double Tap","floor":25,"key":"SMITH"},{"data":"Seeing Red","floor":27,"key":"SMITH"},{"floor":32,"key":"REST"}],"neow_cost":"NONE","seed_source_timestamp":12964464720920,"circlet_count":0,"master_deck":["Bash","Flex","Pommel Strike","Corruption+1","Feel No Pain+1","Cleave","Disarm","Seeing Red+1","Apotheosis+1","Double Tap+1","Shrug It Off","Feel No Pain","Body Slam","Iron Wave","Reaper","Exhume","Discovery","Mind Blast","Fiend Fire","Sword Boomerang","Combust","Havoc","Flex","Twin Strike+1","Body Slam","Headbutt+1","The Bomb","Dark Shackles","Metallicize","Warcry"],"relics":["Burning Blood","Ancient Tea Set","Omamori","Meat on the Bone","Boot","Black Star","Red Mask","Orichalcum","Potion Belt","Centennial Puzzle","Pear","Pandora\u0027s Box"],"potions_floor_usage":[7,8,12,16,16,22,22,24,29,29],"damage_taken":[{"damage":4,"enemies":"Jaw Worm","floor":1,"turns":4},{"damage":0,"enemies":"Cultist","floor":3,"turns":2},{"damage":26,"enemies":"Gremlin Nob","floor":7,"turns":5},{"damage":0,"enemies":"2 Louse","floor":8,"turns":2},{"damage":13,"enemies":"3 Sentries","floor":12,"turns":7},{"damage":3,"enemies":"Red Slaver","floor":13,"turns":4},{"damage":60,"enemies":"The Guardian","floor":16,"turns":9},{"damage":30,"enemies":"Spheric Guardian","floor":18,"turns":5},{"damage":29,"enemies":"Shell Parasite","floor":19,"turns":9},{"damage":42,"floor":22,"turns":5},{"damage":24,"enemies":"Snake Plant","floor":24,"turns":5},{"damage":21,"enemies":"Book of Stabbing","floor":29,"turns":7},{"damage":68,"enemies":"Automaton","floor":33,"turns":8},{"damage":75,"enemies":"3 Shapes","floor":35,"turns":5},{"damage":6,"enemies":"Orb Walker","floor":37,"turns":3},{"damage":42,"enemies":"Transient","floor":38,"turns":5},{"damage":60,"enemies":"2 Orb Walkers","floor":40,"turns":3}],"seed_played":"3981657519837486588","potions_obtained":[{"floor":1,"key":"Strength Potion"},{"floor":3,"key":"GamblersBrew"},{"floor":7,"key":"Fire Potion"},{"floor":12,"key":"EntropicBrew"},{"floor":18,"key":"GamblersBrew"},{"floor":22,"key":"EntropicBrew"},{"floor":24,"key":"Regen Potion"}],"is_trial":false,"path_per_floor":["M","?","M","?","?","R","E","M","T","R","T","E","M","$","R","B",null,"M","M","?","?","?","R","M","R","T","R","$","E","?","T","R","B",null,"M","?","M","M","$"],"character_chosen":"IRONCLAD","items_purchased":["Apotheosis","Reaper","The Bomb","Dark Shackles","Metallicize","Warcry"],"campfire_rested":2,"item_purchase_floors":[14,28,39,39,39,39],"current_hp_per_floor":[80,80,80,80,85,85,65,71,71,71,71,64,67,67,67,25,85,61,50,50,50,26,51,45,45,45,45,45,56,32,42,70,20,95,38,38,63,47,47,0],"gold":52,"neow_bonus":"REMOVE_CARD","is_prod":false,"is_daily":false,"chose_seed":false,"campfire_upgraded":5,"win_rate":0,"timestamp":1534542592,"path_taken":["M","?","?","?","?","R","E","M","T","R","?","E","?","$","R","BOSS","M","M","?","?","?","R","M","R","T","R","$","E","?","?","R","BOSS","M","?","?","M","$","E"],"build_version":"2018-08-16","purchased_purges":1,"victory":false,"max_hp_per_floor":[80,80,80,80,85,85,85,85,85,85,85,85,85,85,85,85,85,85,85,85,85,85,85,85,85,85,85,85,85,85,95,95,95,95,95,95,95,95,95,95],"card_choices":[{"not_picked":["Sentinel","Hemokinesis"],"picked":"Flex","floor":1},{"not_picked":["Battle Trance","Pommel Strike"],"picked":"Corruption","floor":3},{"not_picked":["Havoc","Clash"],"picked":"Feel No Pain","floor":7},{"not_picked":["True Grit","Blood for Blood"],"picked":"Cleave","floor":8},{"not_picked":["Battle Trance","Anger"],"picked":"Disarm","floor":12},{"not_picked":["Searing Blow","Body Slam"],"picked":"Seeing Red","floor":13},{"not_picked":["Impervious","Dark Embrace"],"picked":"Double Tap","floor":16},{"not_picked":["Thunderclap","Armaments"],"picked":"Shrug It Off","floor":18},{"not_picked":["Bloodletting+1","Cleave+1"],"picked":"Feel No Pain","floor":19},{"not_picked":["Thunderclap","Flex"],"picked":"Body Slam","floor":22},{"not_picked":["Shrug It Off","Second Wind"],"picked":"Iron Wave","floor":24},{"not_picked":["Clothesline","Anger+1"],"picked":"Exhume","floor":29},{"not_picked":["Brutality","Offering"],"picked":"Fiend Fire","floor":33},{"not_picked":["Wild Strike+1","Clothesline"],"picked":"Twin Strike+1","floor":35},{"not_picked":["Sentinel","Feel No Pain+1"],"picked":"Body Slam","floor":37},{"not_picked":["Hemokinesis+1","Clothesline"],"picked":"Headbutt+1","floor":38}],"player_experience":247684,"relics_obtained":[{"floor":7,"key":"Ancient Tea Set"},{"floor":9,"key":"Omamori"},{"floor":11,"key":"Meat on the Bone"},{"floor":12,"key":"Boot"},{"floor":22,"key":"Red Mask"},{"floor":26,"key":"Orichalcum"},{"floor":29,"key":"Potion Belt"},{"floor":29,"key":"Centennial Puzzle"},{"floor":31,"key":"Pear"}],"event_choices":[{"event_name":"Transmorgrifier","player_choice":"Transform","floor":2,"damage_taken":0},{"event_name":"Living Wall","player_choice":"Forget","floor":4,"damage_taken":0},{"event_name":"Big Fish","player_choice":"Donut","floor":5,"damage_taken":0},{"event_name":"Ghosts","player_choice":"Ignored","floor":20,"damage_taken":0},{"event_name":"Back to Basics","player_choice":"Elegance","floor":21,"damage_taken":0},{"event_name":"Masked Bandits","player_choice":"Fought Bandits","floor":22,"damage_taken":0},{"event_name":"Knowing Skull","player_choice":"CARD CARD ","floor":30,"damage_taken":0},{"event_name":"Tomb of Lord Red Mask","player_choice":"Wore Mask","floor":36,"damage_taken":0}],"is_beta":false,"boss_relics":[{"not_picked":["Velvet Choker","White Beast Statue"],"picked":"Black Star"},{"not_picked":["Eternal Feather","Coffee Dripper"],"picked":"Pandora\u0027s Box"}],"items_purged_floors":[14],"is_endless":false,"potions_floor_spawned":[1,3,7,12,18,22,24],"killed_by":"2 Orb Walkers","ascension_level":2}