{"gold_per_floor":[111,39,57,57,57,57,89,89,89,108,120,120,120,133,133,237,237,247,247,247,247,259,259,359,359,384,396,411,70,70,70,70,70],"floor_reached":33,"playtime":1737,"items_purged":[],"score":255,"play_id":"568c128c-39db-4268-833a-ba558459e2af","local_time":"20181119015023","is_ascension_mode":true,"campfire_choices":[{"data":"Consume","floor":6,"key":"SMITH"},{"data":"Dualcast","floor":8,"key":"SMITH"},{"floor":12,"key":"REST"},{"data":"Strike_B","floor":15,"key":"PURGE"},{"data":"Strike_B","floor":23,"key":"PURGE"},{"floor":25,"key":"REST"},{"floor":30,"key":"REST"},{"data":"Seek","floor":32,"key":"SMITH"}],"neow_cost":"NONE","seed_source_timestamp":49525360063763,"circlet_count":0,"master_deck":["Defend_B","Defend_B","Defend_B","Defend_B","Zap+1","Dualcast+1","FTL+1","Storm","Darkness","Consume+1","Go for the Eyes","Genetic Algorithm","All For One","Gash","Seek+1","Auto Shields","Gash","Gash","Self Repair","Capacitor"],"relics":["Cracked Core","Darkstone Periapt","Girya","Peace Pipe","Sozu","Symbiotic Virus","Incense Burner","Cables","Ancient Tea Set","Mummified Hand","Matryoshka"],"potions_floor_usage":[16,16],"damage_taken":[{"damage":1,"enemies":"Jaw Worm","floor":1,"turns":3},{"damage":0,"enemies":"Small Slimes","floor":3,"turns":3},{"damage":21,"enemies":"Lagavulin","floor":7,"turns":5},{"damage":7,"enemies":"2 Louse","floor":10,"turns":2},{"damage":16,"enemies":"Large Slime","floor":11,"turns":5},{"damage":6,"enemies":"Blue Slaver","floor":14,"turns":3},{"damage":7,"enemies":"Slime Boss","floor":16,"turns":7},{"damage":0,"enemies":"Spheric Guardian","floor":18,"turns":3},{"damage":0,"enemies":"Shell Parasite","floor":22,"turns":3},{"damage":6,"enemies":"Colosseum Slavers","floor":24,"turns":3},{"damage":48,"enemies":"Colosseum Nobs","floor":24,"turns":5},{"damage":14,"enemies":"Shelled Parasite and Fungi","floor":27,"turns":5},{"damage":10,"enemies":"Snecko","floor":28,"turns":5},{"damage":58,"enemies":"Automaton","floor":33,"turns":6}],"seed_played":"-6907636160361197448","potions_obtained":[{"floor":1,"key":"Fire Potion"},{"floor":14,"key":"Block Potion"}],"is_trial":false,"path_per_floor":["M","$","M","?","T","R","E","R","T","M","M","R","?","M","R","B",null,"M","?","?","?","M","R","?","R","T","M","M","$","R","?","R","B"],"character_chosen":"DEFECT","items_purchased":["Darkness","Capacitor","Mummified Hand"],"campfire_rested":3,"item_purchase_floors":[2,29,29],"current_hp_per_floor":[74,74,74,59,59,59,38,38,38,31,15,37,37,31,31,24,75,75,75,75,75,75,75,21,43,43,29,26,26,48,48,48,0],"gold":70,"neow_bonus":"TRANSFORM_CARD","is_prod":false,"is_daily":false,"chose_seed":false,"campfire_upgraded":3,"win_rate":0,"timestamp":1542588623,"path_taken":["M","$","M","?","?","R","E","R","T","M","M","R","?","M","R","BOSS","M","?","?","?","M","R","?","R","T","?","M","$","R","?","R","BOSS"],"build_version":"2018-11-15","purchased_purges":0,"victory":false,"max_hp_per_floor":[75,75,75,75,75,75,75,75,75,75,75,75,75,75,75,75,75,75,75,75,75,75,75,75,75,75,75,75,75,75,75,75,75],"card_choices":[{"not_picked":["Turbo","Redo"],"picked":"Storm","floor":1},{"not_picked":["Cold Snap","Rebound"],"picked":"Consume","floor":3},{"not_picked":["Blizzard","Beam Cell"],"picked":"Go for the Eyes","floor":7},{"not_picked":["Consume","Streamline"],"picked":"Genetic Algorithm","floor":10},{"not_picked":["Chill","Stack"],"picked":"All For One","floor":11},{"not_picked":["White Noise","Double Energy"],"picked":"Gash","floor":14},{"not_picked":["Amplify","All For One"],"picked":"Seek","floor":16},{"not_picked":["Cold Snap","Coolheaded+1"],"picked":"Auto Shields","floor":18},{"not_picked":["Sweeping Beam","Ball Lightning+1","Stack"],"picked":"SKIP","floor":22},{"not_picked":["Steam+1","Reinforced Body"],"picked":"Gash","floor":24},{"not_picked":["Rip and Tear+1","Rebound"],"picked":"Self Repair","floor":27},{"not_picked":["Multi-Cast","Stack"],"picked":"Leap","floor":28}],"player_experience":398775,"relics_obtained":[{"floor":5,"key":"Darkstone Periapt"},{"floor":7,"key":"Girya"},{"floor":9,"key":"Peace Pipe"},{"floor":24,"key":"Incense Burner"},{"floor":24,"key":"Cables"},{"floor":26,"key":"Ancient Tea Set"}],"event_choices":[{"damage_healed":0,"gold_gain":0,"player_choice":"Entered Light","damage_taken":15,"max_hp_gain":0,"max_hp_loss":0,"event_name":"Shining Light","floor":4,"gold_loss":0,"cards_upgraded":["FTL","Zap"]},{"damage_healed":0,"gold_gain":0,"player_choice":"Fled","damage_taken":0,"max_hp_gain":0,"max_hp_loss":0,"event_name":"Scrap Ooze","floor":13,"gold_loss":0},{"damage_healed":0,"gold_gain":0,"player_choice":"Opened","damage_taken":0,"relics_obtained":["Symbiotic Virus"],"max_hp_gain":0,"max_hp_loss":0,"event_name":"The Mausoleum","floor":19,"gold_loss":0},{"cards_removed":["Strike_B"],"damage_healed":0,"gold_gain":0,"player_choice":"Elegance","damage_taken":0,"max_hp_gain":0,"max_hp_loss":0,"event_name":"Back to Basics","floor":20,"gold_loss":0},{"damage_healed":0,"gold_gain":0,"player_choice":"Read","damage_taken":0,"max_hp_gain":0,"max_hp_loss":0,"event_name":"The Library","floor":21,"gold_loss":0,"cards_obtained":["Gash"]},{"damage_healed":0,"gold_gain":0,"player_choice":"Fight","damage_taken":0,"max_hp_gain":0,"max_hp_loss":0,"event_name":"Colosseum","floor":24,"gold_loss":0},{"damage_healed":0,"gold_gain":0,"player_choice":"Fought Nobs","damage_taken":0,"max_hp_gain":0,"max_hp_loss":0,"event_name":"Colosseum","floor":24,"gold_loss":0},{"cards_removed":["Leap"],"damage_healed":0,"gold_gain":0,"player_choice":"Gave Card","damage_taken":0,"relics_obtained":["Matryoshka"],"max_hp_gain":0,"max_hp_loss":0,"event_name":"WeMeetAgain","floor":31,"gold_loss":0}],"is_beta":false,"boss_relics":[{"not_picked":["Astrolabe","Busted Crown"],"picked":"Sozu"}],"items_purged_floors":[],"is_endless":false,"potions_floor_spawned":[1,14,22,24,27],"killed_by":"Automaton","ascension_level":1}