{"gold_per_floor":[12,27,38,38,54,54,77,77,77,77,77,95,95,135,147,278,290,322,334,367,392,423,435,324,336,348,233,253,271,271],"floor_reached":30,"playtime":1975,"items_purged":["Parasite"],"score":271,"play_id":"c331ebac-43af-4ede-bbd5-1941024e8ff6","local_time":"20181223215410","is_ascension_mode":true,"campfire_choices":[{"data":"Gash","floor":6,"key":"SMITH"},{"data":"Gash","floor":8,"key":"SMITH"},{"data":"Sweeping Beam","floor":13,"key":"SMITH"},{"data":"Gash","floor":15,"key":"SMITH"},{"floor":23,"key":"REST"},{"data":"Gash","floor":25,"key":"SMITH"}],"neow_cost":"NO_GOLD","seed_source_timestamp":23012707259757,"circlet_count":0,"master_deck":["Zap","Dualcast","Gash+1","Gash+1","Fusion","Sweeping Beam+1","Self Repair","Conserve Battery","Gash+1","Seek","Melter","Streamline","Multi-Cast","Meteor Strike","Fusion","Ball Lightning","Loop","Redo","Gash+1","Gash+1","Lockon","Go for the Eyes+1","Conserve Battery+1","Conserve Battery","Tempest","Fission"],"relics":["Cracked Core","Golden Idol","Blue Candle","MawBank","Pandora\u0027s Box","Peace Pipe","Oddly Smooth Stone"],"potions_floor_usage":[5,14,14,14,22,28,30],"damage_taken":[{"damage":3,"enemies":"Jaw Worm","floor":1,"turns":3},{"damage":7,"enemies":"Small Slimes","floor":2,"turns":2},{"damage":1,"enemies":"Cultist","floor":3,"turns":3},{"damage":12,"enemies":"Gremlin Gang","floor":5,"turns":5},{"damage":1,"enemies":"2 Fungi Beasts","floor":7,"turns":2},{"damage":0,"enemies":"Lots of Slimes","floor":12,"turns":3},{"damage":19,"enemies":"Lagavulin","floor":14,"turns":8},{"damage":79,"enemies":"The Guardian","floor":16,"turns":11},{"damage":23,"enemies":"Shell Parasite","floor":18,"turns":3},{"damage":10,"enemies":"Chosen","floor":20,"turns":4},{"damage":30,"enemies":"Snecko","floor":21,"turns":4},{"damage":29,"enemies":"Chosen and Byrds","floor":22,"turns":6},{"damage":28,"enemies":"Centurion and Healer","floor":28,"turns":5},{"damage":21,"enemies":"Snake Plant","floor":29,"turns":3},{"damage":20,"enemies":"Shelled Parasite and Fungi","floor":30,"turns":3}],"seed_played":"7973321792992340675","potions_obtained":[{"floor":2,"key":"PowerPotion"},{"floor":5,"key":"FairyPotion"},{"floor":7,"key":"FocusPotion"},{"floor":11,"key":"EntropicBrew"},{"floor":11,"key":"Block Potion"},{"floor":18,"key":"GamblersBrew"},{"floor":22,"key":"Regen Potion"},{"floor":29,"key":"Poison Potion"}],"is_trial":false,"path_per_floor":["M","M","M","?","M","R","M","R","T","?","?","M","R","E","R","B",null,"M","?","M","M","M","R","?","R","T","$","M","M","M"],"character_chosen":"DEFECT","items_purchased":["Conserve Battery"],"campfire_rested":1,"item_purchase_floors":[27],"current_hp_per_floor":[86,79,78,56,44,44,43,43,43,65,65,72,72,60,60,10,89,66,66,63,40,18,44,44,44,44,44,37,16,0],"gold":271,"neow_bonus":"TWENTY_PERCENT_HP_BONUS","is_prod":false,"is_daily":false,"chose_seed":false,"campfire_upgraded":5,"win_rate":0,"timestamp":1545598450,"path_taken":["M","M","M","?","M","R","M","R","T","?","?","M","R","E","R","BOSS","M","?","?","M","M","R","?","R","T","$","M","M","?"],"build_version":"2018-12-20","purchased_purges":1,"victory":false,"max_hp_per_floor":[89,89,89,89,89,89,89,89,89,89,89,89,89,89,89,89,89,89,89,89,89,89,89,89,89,89,86,86,86,86],"card_choices":[{"not_picked":["Go for the Eyes","Barrage"],"picked":"Gash","floor":1},{"not_picked":["Streamline","Leap"],"picked":"Gash","floor":2},{"not_picked":["Steam","BootSequence"],"picked":"Fusion","floor":3},{"not_picked":["Streamline","Ball Lightning"],"picked":"Sweeping Beam","floor":5},{"not_picked":["Fusion","Heatsinks"],"picked":"Self Repair","floor":7},{"not_picked":["Glacier","Redo"],"picked":"Conserve Battery","floor":12},{"not_picked":["Beam Cell","Sweeping Beam"],"picked":"Gash","floor":14},{"not_picked":["Amplify","Multi-Cast"],"picked":"Seek","floor":16},{"not_picked":["Leap+1","White Noise"],"picked":"Gash","floor":18},{"not_picked":["Barrage","Redo"],"picked":"Lockon","floor":20},{"not_picked":["Barrage","Undo"],"picked":"Go for the Eyes+1","floor":21},{"not_picked":["Turbo+1","Stack"],"picked":"Conserve Battery+1","floor":22},{"not_picked":["Storm","Stack"],"picked":"Tempest","floor":28},{"not_picked":["Defragment","Barrage"],"picked":"Fission","floor":29}],"player_experience":448351,"relics_obtained":[{"floor":9,"key":"Blue Candle"},{"floor":14,"key":"MawBank"},{"floor":26,"key":"Oddly Smooth Stone"}],"event_choices":[{"damage_healed":0,"gold_gain":0,"player_choice":"Take Damage","damage_taken":22,"relics_obtained":["Golden Idol"],"max_hp_gain":0,"max_hp_loss":0,"event_name":"Golden Idol","floor":4,"gold_loss":0},{"damage_healed":22,"gold_gain":0,"player_choice":"Healed and dodged fight","damage_taken":0,"max_hp_gain":0,"max_hp_loss":0,"event_name":"Mushrooms","floor":10,"gold_loss":0,"cards_obtained":["Parasite"]},{"damage_healed":0,"gold_gain":0,"player_choice":"Got Potions","damage_taken":0,"max_hp_gain":0,"max_hp_loss":0,"event_name":"Lab","floor":11,"gold_loss":0},{"damage_healed":0,"gold_gain":0,"player_choice":"Copied","damage_taken":0,"max_hp_gain":0,"max_hp_loss":0,"event_name":"Duplicator","floor":19,"gold_loss":0,"cards_obtained":["Gash"]},{"damage_healed":0,"gold_gain":0,"player_choice":"Paid Gold","damage_taken":0,"relics_obtained":["Peace Pipe"],"max_hp_gain":0,"max_hp_loss":0,"event_name":"WeMeetAgain","floor":24,"gold_loss":123}],"is_beta":false,"boss_relics":[{"not_picked":["Nuclear Battery","Snecko Eye"],"picked":"Pandora\u0027s Box"}],"items_purged_floors":[27],"is_endless":false,"potions_floor_spawned":[2,5,7,18,22,29],"killed_by":"Shelled Parasite and Fungi","ascension_level":1}