{"gold_per_floor":[110,36,36,1,20,20,47,47,72,87,118,118,31,8,8,111,111,130,141,154,254,264,264,189,189,189,189,214,214,229,328,328,433,433,449,239,239,239],"floor_reached":38,"playtime":3604,"items_purged":["Dagger Throw"],"score":513,"play_id":"df97028b-994c-4aa1-9594-7563f61b436e","local_time":"20180915144032","is_ascension_mode":true,"campfire_choices":[{"data":"Neutralize","floor":6,"key":"SMITH"},{"data":"Footwork","floor":8,"key":"SMITH"},{"floor":12,"key":"REST"},{"floor":15,"key":"REST"},{"floor":23,"key":"REST"},{"floor":27,"key":"REST"},{"floor":29,"key":"REST"},{"data":"Noxious Fumes","floor":32,"key":"SMITH"}],"neow_cost":"NONE","seed_source_timestamp":66409939789375,"circlet_count":0,"master_deck":["Survivor","Neutralize+1","Malaise+1","Sucker Punch","Infinite Blades+1","Flying Knee","Footwork+1","Deadly Poison","Corpse Explosion","Noxious Fumes+1","Deadly Poison","Bullet Time","Backflip","Setup","Escape Plan","Deadly Poison","Footwork","Endless Agony","Backflip","Prepared","Backflip","Deadly Poison+1","Quick Slash+1","Expertise","Backflip+1","Bullet Time","Backstab","Bouncing Flask+1","Quick Slash+1","Cloak And Dagger+1","Dash+1","Outmaneuver+1","Panache","Madness","Madness"],"relics":["Ring of the Snake","Happy Flower","Strawberry","Snake Skull","Pandora\u0027s Box","Mummified Hand","Art of War","Orrery"],"potions_floor_usage":[5,20,28,33],"damage_taken":[{"damage":1,"enemies":"Cultist","floor":1,"turns":5},{"damage":9,"enemies":"Small Slimes","floor":5,"turns":5},{"damage":32,"enemies":"3 Sentries","floor":7,"turns":9},{"damage":9,"enemies":"Jaw Worm","floor":10,"turns":4},{"damage":15,"enemies":"Lagavulin","floor":11,"turns":8},{"damage":31,"enemies":"Slime Boss","floor":16,"turns":9},{"damage":4,"enemies":"Shell Parasite","floor":18,"turns":4},{"damage":13,"enemies":"Chosen","floor":19,"turns":5},{"damage":18,"enemies":"Snecko","floor":20,"turns":4},{"damage":30,"enemies":"Cultist and Chosen","floor":22,"turns":7},{"damage":16,"enemies":"Book of Stabbing","floor":28,"turns":4},{"damage":8,"enemies":"Snake Plant","floor":30,"turns":4},{"damage":39,"enemies":"Champ","floor":33,"turns":9},{"damage":27,"enemies":"3 Shapes","floor":35,"turns":3},{"damage":50,"enemies":"3 Darklings","floor":38,"turns":4}],"seed_played":"8600082743101644860","potions_obtained":[{"floor":1,"key":"PowerPotion"},{"floor":11,"key":"SneckoOil"},{"floor":20,"key":"FearPotion"},{"floor":28,"key":"GamblersBrew"},{"floor":30,"key":"PowerPotion"}],"is_trial":false,"path_per_floor":["M","$","?","?","M","R","E","R","T","M","E","R","$","?","R","B",null,"M","M","M","?","M","R","$","?","T","R","E","R","M","?","R","B",null,"M","$","?"],"character_chosen":"THE_SILENT","items_purchased":["Infinite Blades","Noxious Fumes","Deadly Poison","Panache"],"campfire_rested":5,"item_purchase_floors":[2,13,13,36],"current_hp_per_floor":[69,69,55,70,61,61,29,29,36,27,12,35,35,35,58,27,77,73,60,42,42,12,35,35,21,21,45,29,53,45,45,45,6,82,55,55,45,0],"gold":239,"neow_bonus":"ONE_RANDOM_RARE_CARD","is_prod":false,"is_daily":false,"chose_seed":false,"campfire_upgraded":3,"win_rate":0,"timestamp":1537015232,"path_taken":["M","?","?","?","M","R","E","R","T","?","E","R","$","?","R","BOSS","M","M","M","?","M","R","$","?","T","R","E","R","?","?","R","BOSS","M","$","?","?"],"build_version":"2018-09-06","purchased_purges":1,"victory":false,"max_hp_per_floor":[70,70,70,70,70,70,70,70,77,77,77,77,77,77,77,77,77,77,77,77,77,77,77,77,82,82,82,82,82,82,82,82,82,82,82,82,82,82],"card_choices":[{"not_picked":["Reflex","Dagger Throw"],"picked":"Sucker Punch","floor":1},{"not_picked":["Deflect","Dagger Throw"],"picked":"Flying Knee","floor":5},{"not_picked":["Night Terror","Setup"],"picked":"Footwork","floor":7},{"not_picked":["Flying Knee","Dodge and Roll"],"picked":"Deadly Poison","floor":10},{"not_picked":["Finisher","Concentrate"],"picked":"Corpse Explosion","floor":11},{"not_picked":["Envenom","Storm of Steel"],"picked":"Bullet Time","floor":16},{"not_picked":["Accuracy","Terror"],"picked":"Deadly Poison+1","floor":18},{"not_picked":["Quick Slash","Dodge and Roll","Deflect"],"picked":"SKIP","floor":19},{"not_picked":["Underhanded Strike","Corpse Explosion"],"picked":"Quick Slash+1","floor":20},{"not_picked":["Dash","Backflip+1"],"picked":"Expertise","floor":22},{"not_picked":["Slice","Flying Knee","Dodge and Roll"],"picked":"SKIP","floor":28},{"not_picked":["Slice+1","Dodge and Roll"],"picked":"Backflip+1","floor":30},{"not_picked":["Grand Finale","Die Die Die"],"picked":"Bullet Time","floor":33},{"not_picked":["Backflip","Dagger Spray"],"picked":"Backstab","floor":34},{"not_picked":["Flechettes+1","PiercingWail"],"picked":"Bouncing Flask+1","floor":34},{"not_picked":["Flying Knee","Terror"],"picked":"Quick Slash+1","floor":34},{"not_picked":["Finisher+1","Backflip"],"picked":"Cloak And Dagger+1","floor":34},{"not_picked":["Bouncing Flask","Choke"],"picked":"Dash+1","floor":34},{"not_picked":["Cloak And Dagger+1","Bouncing Flask+1"],"picked":"Outmaneuver+1","floor":35}],"player_experience":301990,"relics_obtained":[{"floor":7,"key":"Happy Flower"},{"floor":9,"key":"Strawberry"},{"floor":11,"key":"Snake Skull"},{"floor":26,"key":"Mummified Hand"},{"floor":28,"key":"Art of War"}],"event_choices":[{"event_name":"Shining Light","player_choice":"Entered Light","floor":3,"damage_taken":0},{"event_name":"The Cleric","player_choice":"Healed","floor":4,"damage_taken":0},{"event_name":"World of Goop","player_choice":"Left","floor":14,"damage_taken":0},{"event_name":"Golden Shrine","player_choice":"Pray","floor":21,"damage_taken":0},{"event_name":"Forgotten Altar","player_choice":"Shed Blood","floor":25,"damage_taken":0},{"event_name":"Nest","player_choice":"Stole From Cult","floor":31,"damage_taken":0},{"event_name":"Winding Halls","player_choice":"Embrace Madness","floor":37,"damage_taken":0}],"is_beta":false,"boss_relics":[{"not_picked":["Tiny House","Velvet Choker"],"picked":"Pandora\u0027s Box"},{"not_picked":["White Beast Statue","Fusion Hammer"],"picked":"Orrery"}],"items_purged_floors":[24],"is_endless":false,"potions_floor_spawned":[1,11,20,28,30],"killed_by":"3 Darklings","ascension_level":2}