{"path_per_floor":["M","M","M","M","$","M","R","?","T","$","R","M","R","?","R","B",null,"M","?","M","?","M","E","R","M","T","M","M","M","?","M","R"],"character_chosen":"DEFECT","items_purchased":["Static Discharge","Redo"],"gold_per_floor":[110,126,139,155,43,58,58,58,58,12,12,30,30,30,30,130,130,149,149,166,166,185,218,218,237,237,256,272,285,285,298,298,298],"floor_reached":33,"campfire_rested":1,"playtime":3148,"item_purchase_floors":[5,10],"current_hp_per_floor":[67,63,56,51,51,39,39,39,39,39,39,34,34,59,59,41,75,60,60,47,47,43,23,23,35,35,38,40,41,41,21,43,0],"items_purged":["Strike_B"],"gold":298,"score":263,"play_id":"64b60819-f4f1-4d02-bb5c-36b819d76af8","local_time":"20180603150302","is_prod":false,"is_daily":false,"chose_seed":false,"is_ascension_mode":false,"campfire_upgraded":5,"win_rate":0.0,"timestamp":1528030982,"campfire_choices":[{"data":"Static Discharge","floor":7,"key":"SMITH"},{"data":"Zap","floor":11,"key":"SMITH"},{"data":"Loop","floor":13,"key":"SMITH"},{"data":"Defragment","floor":15,"key":"SMITH"},{"data":"Static Discharge","floor":24,"key":"SMITH"},{"floor":32,"key":"REST"}],"path_taken":["M","M","M","M","$","M","R","?","T","?","R","M","R","?","R","BOSS","M","?","M","?","M","E","R","M","T","M","M","M","?","M","R","BOSS"],"build_version":"2018-05-31","seed_source_timestamp":16070459323720,"purchased_purges":1,"victory":false,"master_deck":["Strike_B","Strike_B","Strike_B","Defend_B","Defend_B","Defend_B","Defend_B","Zap+1","Dualcast","Sweeping Beam","Redo","Defragment+1","Lockon","Static Discharge+1","Tempest","Redo","Loop+1","Electrodynamics","Barrage","Barrage","Glacier","Leap","Steam","Static Discharge+1","Skim+1","Cold Snap+1","Sweeping Beam+1","Chill","Ball Lightning+1","Static Discharge","Glacier+1","Melter","Hologram+1"],"max_hp_per_floor":[75,75,75,75,75,75,75,75,75,75,75,75,75,75,75,75,75,75,75,75,75,75,75,75,75,75,75,75,75,75,75,75,75],"relics":["Cracked Core","Meat on the Bone","Orrery","Bottled Lightning","Omamori"],"card_choices":[{"not_picked":["Tempest","Scrape"],"picked":"Sweeping Beam","floor":1},{"not_picked":["FTL","Gash"],"picked":"Redo","floor":2},{"not_picked":["FTL","Melter"],"picked":"Defragment","floor":3},{"not_picked":["Stack","Gash"],"picked":"Lockon","floor":4},{"not_picked":["Storm","Compile Driver"],"picked":"Tempest","floor":6},{"not_picked":["Leap","Redo"],"picked":"Loop","floor":12},{"not_picked":["Fission","Buffer"],"picked":"Electrodynamics","floor":16},{"not_picked":["Compile Driver","Steam"],"picked":"Barrage","floor":17},{"not_picked":["Streamline","Beam Cell"],"picked":"Barrage","floor":17},{"not_picked":["Beam Cell","Reprogram"],"picked":"Glacier","floor":17},{"not_picked":["Streamline","Steam"],"picked":"Leap","floor":17},{"not_picked":["Blizzard","Streamline"],"picked":"Steam","floor":17},{"not_picked":["Force Field+1","Fission"],"picked":"Static Discharge","floor":18},{"not_picked":["Gash+1","Sweeping Beam"],"picked":"Skim+1","floor":20},{"not_picked":["Compile Driver+1","Leap+1"],"picked":"Cold Snap+1","floor":22},{"not_picked":["Beam Cell","Biased Cognition"],"picked":"Sweeping Beam+1","floor":23},{"not_picked":["Streamline+1","Conserve Battery"],"picked":"Chill","floor":25},{"not_picked":["Reinforced Body","Beam Cell"],"picked":"Ball Lightning+1","floor":27},{"not_picked":["Lockon","Ball Lightning"],"picked":"Static Discharge","floor":28},{"not_picked":["Conserve Battery+1","Beam Cell"],"picked":"Glacier+1","floor":29},{"not_picked":["Leap","Streamline"],"picked":"Hologram+1","floor":31}],"player_experience":81357,"potions_floor_usage":[20,22,27,29,33,33],"damage_taken":[{"damage":8,"enemies":"2 Louse","floor":1,"turns":2},{"damage":4,"enemies":"Cultist","floor":2,"turns":4},{"damage":7,"enemies":"Jaw Worm","floor":3,"turns":4},{"damage":5,"enemies":"Looter","floor":4,"turns":3},{"damage":12,"enemies":"3 Louse","floor":6,"turns":3},{"damage":17,"enemies":"Gremlin Gang","floor":12,"turns":3},{"damage":30,"enemies":"Slime Boss","floor":16,"turns":7},{"damage":15,"enemies":"2 Thieves","floor":18,"turns":3},{"damage":13,"enemies":"Chosen","floor":20,"turns":4},{"damage":4,"enemies":"Snecko","floor":22,"turns":4},{"damage":32,"enemies":"Book of Stabbing","floor":23,"turns":6},{"damage":0,"enemies":"Centurion and Healer","floor":25,"turns":5},{"damage":9,"enemies":"Sentry and Sphere","floor":27,"turns":4},{"damage":10,"enemies":"Chosen and Byrds","floor":28,"turns":4},{"damage":11,"enemies":"Cultist and Chosen","floor":29,"turns":7},{"damage":32,"enemies":"Slaver and Parasite","floor":31,"turns":5},{"damage":43,"enemies":"Collector","floor":33,"turns":8}],"relics_obtained":[{"floor":9,"key":"Meat on the Bone"},{"floor":23,"key":"Bottled Lightning"},{"floor":26,"key":"Omamori"}],"event_choices":[{"event_name":"The Woman in Blue","player_choice":"Bought 0 Potions","floor":8,"damage_taken":0},{"event_name":"Big Fish","player_choice":"Banana","floor":14,"damage_taken":0},{"event_name":"Ghosts","player_choice":"Ignored","floor":19,"damage_taken":0},{"event_name":"Vampires","player_choice":"Ignored","floor":21,"damage_taken":0},{"event_name":"The Library","player_choice":"Read","floor":30,"damage_taken":0}],"boss_relics":[{"not_picked":["Cursed Key","Runic Pyramid"],"picked":"Orrery"}],"items_purged_floors":[5],"potions_floor_spawned":[1,2,6,12,20,28,31],"seed_played":"3387723003300381181","killed_by":"Collector","ascension_level":0,"potions_obtained":[{"floor":1,"key":"Block Potion"},{"floor":2,"key":"SkillPotion"},{"floor":6,"key":"Weak Potion"},{"floor":20,"key":"Energy Potion"},{"floor":28,"key":"Energy Potion"},{"floor":31,"key":"AttackPotion"}],"is_trial":false}