{"gold_per_floor":[114,289,289,289,23,23,66,66,134,47,81,81,117,131,131,251,251,270,270,294,103,119,153,153,113,113,133,8,8,8,8,8,8],"floor_reached":33,"playtime":2492,"items_purged":["Doubt","Parasite","Strike_G"],"score":305,"play_id":"108b21d6-ec3b-4e43-ab70-c6355c9c9f41","local_time":"20180926201046","is_ascension_mode":true,"campfire_choices":[{"data":"Bouncing Flask","floor":6,"key":"SMITH"},{"floor":8,"key":"REST"},{"data":"Deep Breath","floor":12,"key":"SMITH"},{"floor":15,"key":"REST"},{"floor":24,"key":"REST"},{"floor":32,"key":"REST"}],"neow_cost":"CURSE","seed_source_timestamp":2079638518958,"circlet_count":0,"master_deck":["Defend_G","Defend_G","Defend_G","Defend_G","Defend_G","Strike_G","Strike_G","Survivor","Neutralize","Bouncing Flask+1","Poisoned Stab","Impatience","Infinite Blades","Outmaneuver","Deep Breath+1","After Image","Distraction","Corpse Explosion","Bane","Crippling Poison","Bane","Prepared","Flechettes+1","Noxious Fumes","Dash+1","Bouncing Flask+1"],"relics":["Ring of the Snake","Golden Idol","Regal Pillow","Kunai","Ornamental Fan","Omamori","Empty Cage","Potion Belt","StoneCalendar"],"potions_floor_usage":[13,13,23,23],"damage_taken":[{"damage":0,"enemies":"Cultist","floor":1,"turns":4},{"damage":30,"enemies":"3 Sentries","floor":7,"turns":8},{"damage":30,"enemies":"Gremlin Nob","floor":11,"turns":5},{"damage":8,"enemies":"3 Sentries","floor":13,"turns":8},{"damage":3,"enemies":"2 Louse","floor":14,"turns":4},{"damage":53,"enemies":"The Guardian","floor":16,"turns":9},{"damage":10,"enemies":"Chosen","floor":18,"turns":6},{"damage":27,"enemies":"3 Byrds","floor":20,"turns":6},{"damage":13,"enemies":"Snecko","floor":22,"turns":4},{"damage":32,"enemies":"Book of Stabbing","floor":23,"turns":5},{"damage":29,"enemies":"3 Cultists","floor":27,"turns":4},{"damage":52,"enemies":"Automaton","floor":33,"turns":4}],"seed_played":"-3447789635275315219","potions_obtained":[{"floor":7,"key":"PowerPotion"},{"floor":11,"key":"EssenceOfSteel"},{"floor":20,"key":"Energy Potion"},{"floor":22,"key":"LiquidBronze"}],"is_trial":false,"path_per_floor":["M","?","?","?","$","R","E","R","T","$","E","R","E","M","R","B",null,"M","?","M","$","M","E","R","$","T","M","$","?","?","?","R"],"character_chosen":"THE_SILENT","items_purchased":["Poisoned Stab","Impatience","Infinite Blades","Deep Breath","Crippling Poison","Bane","Noxious Fumes"],"campfire_rested":4,"item_purchase_floors":[5,5,5,10,21,21,25],"current_hp_per_floor":[84,84,84,63,63,63,33,73,73,73,43,43,35,32,72,19,84,74,74,47,47,34,2,41,41,41,12,12,12,12,12,51,0],"gold":8,"neow_bonus":"TWENTY_PERCENT_HP_BONUS","is_prod":false,"is_daily":false,"chose_seed":false,"campfire_upgraded":2,"win_rate":0,"timestamp":1537985446,"path_taken":["M","?","?","?","?","R","E","R","T","$","E","R","E","?","R","BOSS","M","?","M","$","M","E","R","$","T","M","$","?","?","?","R","BOSS"],"build_version":"2018-09-20","purchased_purges":3,"victory":false,"max_hp_per_floor":[84,84,84,84,84,84,84,84,84,84,84,84,84,84,84,84,84,84,84,84,81,81,81,81,81,81,81,81,81,81,81,81,81],"card_choices":[{"not_picked":["Quick Slash","Blade Dance"],"picked":"Bouncing Flask","floor":1},{"not_picked":["Backflip","Flying Knee"],"picked":"Outmaneuver","floor":7},{"not_picked":["Quick Slash","Dagger Spray"],"picked":"After Image","floor":11},{"not_picked":["Setup","Masterful Stab"],"picked":"Distraction","floor":13},{"not_picked":["Setup","Well Laid Plans","Riddle With Holes"],"picked":"SKIP","floor":14},{"not_picked":["Night Terror","Die Die Die"],"picked":"Corpse Explosion","floor":16},{"not_picked":["Quick Slash","Dagger Throw"],"picked":"Bane","floor":18},{"not_picked":["Flying Knee","Finisher","Deflect"],"picked":"SKIP","floor":20},{"not_picked":["Sucker Punch","Choke"],"picked":"Prepared","floor":22},{"not_picked":["Dagger Spray","Underhanded Strike"],"picked":"Flechettes+1","floor":23},{"not_picked":["Prepared","Acrobatics"],"picked":"Dash+1","floor":27}],"player_experience":320074,"relics_obtained":[{"floor":7,"key":"Regal Pillow"},{"floor":9,"key":"Kunai"},{"floor":11,"key":"Ornamental Fan"},{"floor":13,"key":"Omamori"},{"floor":23,"key":"Potion Belt"},{"floor":26,"key":"StoneCalendar"}],"event_choices":[{"event_name":"Liars Game","player_choice":"agreed","floor":2,"damage_taken":0},{"event_name":"The Woman in Blue","player_choice":"Bought 0 Potions","floor":3,"damage_taken":0},{"event_name":"Golden Idol","player_choice":"Take Damage","floor":4,"damage_taken":0},{"event_name":"WeMeetAgain","player_choice":"Attack","floor":19,"damage_taken":0},{"event_name":"Cursed Tome","player_choice":"Ignored","floor":29,"damage_taken":0},{"event_name":"Vampires","player_choice":"Ignored","floor":30,"damage_taken":0},{"event_name":"Duplicator","player_choice":"One dupe","floor":31,"damage_taken":0}],"is_beta":false,"boss_relics":[{"not_picked":["White Beast Statue","Runic Pyramid"],"picked":"Empty Cage"}],"items_purged_floors":[5,21,28],"is_endless":false,"potions_floor_spawned":[7,11,20,22],"killed_by":"Automaton","ascension_level":2}