{"path_per_floor":["M","?","M","M","?","E","?","R","T","M","M","M","R","M","R","B",null,"M","$","?","?","M","E","$"],"character_chosen":"THE_SILENT","items_purchased":["Panache","Flying Knee"],"gold_per_floor":[12,12,29,42,42,73,103,103,127,141,161,173,173,188,188,287,287,302,17,17,17,30,58,35],"floor_reached":25,"campfire_rested":2,"playtime":2152,"current_hp_per_floor":[62,67,67,67,67,48,48,48,48,42,33,20,42,33,55,22,75,54,54,54,54,53,6,6],"items_purged":["Strike_G"],"gold":35,"score":223,"play_id":"fb059a1b-f781-4061-8cf6-6aa9b5fb0e1e","is_prod":false,"is_daily":false,"is_ascension_mode":false,"campfire_upgraded":1,"path_taken":["M","?","M","?","?","E","?","R","T","M","?","M","R","M","R","BOSS","M","$","?","?","M","E","$","?"],"build_version":"2018-02-15-PROD1","purchased_purges":1,"victory":false,"master_deck":["Defend_G","Defend_G","Defend_G","Defend_G","Defend_G","Strike_G","Strike_G","Strike_G","Strike_G","Survivor","Neutralize","A Thousand Cuts+1","Choke","Dodge and Roll","Outmaneuver","After Image","Backflip","Wraith Form","Slice","Prepared","Deadly Poison","A Thousand Cuts","Well Laid Plans","Bane","Deflect","Prepared","Deadly Poison","Backflip","Panache","Backstab","Choke+1","Endless Agony+1","Flying Knee"],"max_hp_per_floor":[70,75,75,75,75,75,75,75,75,75,75,75,75,75,75,75,75,75,75,75,75,75,75,75],"relics":["Ring of the Snake","Mercury Hourglass","Vajra","Orrery","Frozen Egg 2"],"card_choices":[{"not_picked":["Night Terror","Unload"],"picked":"A Thousand Cuts"},{"not_picked":["Sucker Punch","Dagger Spray"],"picked":"Choke"},{"not_picked":["Riddle With Holes","Masterful Stab"],"picked":"Dodge and Roll"},{"not_picked":["PiercingWail","Infinite Blades"],"picked":"Outmaneuver"},{"not_picked":["Poisoned Stab","Slice"],"picked":"Backflip"},{"not_picked":["Terror","Noxious Fumes"],"picked":"Wraith Form"},{"not_picked":["Sucker Punch","Backflip"],"picked":"Slice"},{"not_picked":["Dodge and Roll","Footwork"],"picked":"Prepared"},{"not_picked":["Underhanded Strike","Dodge and Roll"],"picked":"Deadly Poison"},{"not_picked":["Tools of the Trade","Tactician"],"picked":"A Thousand Cuts"},{"not_picked":["Dodge and Roll","Acrobatics"],"picked":"Well Laid Plans"},{"not_picked":["Underhanded Strike","Poisoned Stab"],"picked":"Bane"},{"not_picked":["Dodge and Roll","Underhanded Strike"],"picked":"Deflect"},{"not_picked":["Expertise","Dash"],"picked":"Prepared"},{"not_picked":["Underhanded Strike","Dagger Spray"],"picked":"Deadly Poison"},{"not_picked":["Glass Knife","Choke"],"picked":"Backflip"},{"not_picked":["Dagger Throw","Backflip"],"picked":"Choke"},{"not_picked":["Night Terror","Blade Dance"],"picked":"Endless Agony"}],"player_experience":101516,"potions_floor_usage":[6,16,16,22,23,25],"damage_taken":[{"damage":8,"enemies":"Cultist","floor":1,"turns":5},{"damage":0,"enemies":"2 Louse","floor":3,"turns":4},{"damage":0,"enemies":"Small Slimes","floor":4,"turns":3},{"damage":31,"enemies":"Lagavulin","floor":6,"turns":10},{"damage":6,"enemies":"3 Louse","floor":10,"turns":3},{"damage":9,"enemies":"Exordium Wildlife","floor":11,"turns":3},{"damage":13,"enemies":"Looter","floor":12,"turns":4},{"damage":9,"enemies":"Lots of Slimes","floor":14,"turns":3},{"damage":33,"enemies":"The Guardian","floor":16,"turns":12},{"damage":21,"enemies":"3 Byrds","floor":18,"turns":3},{"damage":13,"enemies":"Shell Parasite","floor":22,"turns":5},{"damage":47,"enemies":"Book of Stabbing","floor":23,"turns":7},{"damage":15,"enemies":"Centurion and Healer","floor":25,"turns":4}],"event_choices":[{"event_name":"Big Fish","player_choice":"Donut","floor":2,"damage_taken":0},{"event_name":"Match and Keep!","player_choice":"1 cards matched","floor":5,"damage_taken":0},{"event_name":"Dead Adventurer","player_choice":"Searched \u00271\u0027 times","floor":7,"damage_taken":0},{"event_name":"The Library","player_choice":"Read","floor":20,"damage_taken":0},{"event_name":"Addict","player_choice":"Ignored","floor":21,"damage_taken":0}],"boss_relics":[{"not_picked":["Eternal Feather","Calling Bell"],"picked":"Orrery"}],"potions_floor_spawned":[1,11,14,16,18,23],"seed_played":"2440412442144644799","killed_by":"Centurion and Healer","ascension_level":0,"is_trial":false}