{"path_per_floor":["M","?","M","?","M","R","M","M","T","M","$","R","E","M","R","B",null,"M","$","?","M","M","R","E","R","T","R","?","M","?","M","R","B",null,"M","M","?","$","M","R","E","R","T","M","M","R","?","?","R"],"character_chosen":"THE_SILENT","items_purchased":["Jack Of All Trades","Mind Blast"],"gold_per_floor":[112,112,123,123,134,134,154,173,219,238,60,60,90,101,101,203,203,220,18,18,35,46,46,80,80,106,106,56,76,76,90,90,187,187,203,213,267,142,155,155,188,188,188,205,222,222,222,222,222],"floor_reached":50,"campfire_rested":4,"playtime":4303,"current_hp_per_floor":[67,64,64,64,64,64,55,55,55,55,55,55,53,53,53,43,70,67,67,67,56,48,48,35,35,35,35,35,31,31,26,62,17,70,70,70,35,35,39,70,39,70,70,65,46,46,46,46,70],"items_purged":["Defend_G","Strike_G","Defend_G"],"gold":222,"score":495,"play_id":"8dff9372-3879-4c83-8ed5-7cba10dd8fd4","is_prod":false,"is_daily":false,"is_ascension_mode":false,"campfire_upgraded":7,"path_taken":["M","?","M","?","?","R","M","M","T","M","$","R","E","M","R","BOSS","M","$","?","M","M","R","E","R","T","R","?","M","?","M","R","BOSS","M","M","?","$","M","R","E","R","T","?","M","R","?","?","R","BOSS"],"build_version":"2018-02-15-PROD1","purchased_purges":3,"victory":false,"master_deck":["Defend_G","Defend_G","Defend_G","Strike_G","Strike_G","Survivor+1","Neutralize","Finisher+1","Backflip","Acrobatics","Flying Knee","Dagger Spray","Trip","Die Die Die+1","Slice","Flying Knee+1","Sucker Punch","Noxious Fumes","Jack Of All Trades+1","Noxious Fumes","Flying Knee","Doppelganger+1","PiercingWail","Slice","Backflip","Deflect","Adrenaline+1","PiercingWail","Mind Blast+1","Adrenaline+1","Quick Slash","Quick Slash","Slice","Quick Slash","Blur","Corpse Explosion","Outmaneuver+1","Noxious Fumes","Outmaneuver+1","Quick Slash+1","Outmaneuver+1","Prepared+1","Distraction+1"],"max_hp_per_floor":[70,70,70,70,70,70,70,70,70,70,70,70,70,70,70,70,70,70,70,70,70,70,70,70,70,70,70,70,70,70,70,70,70,70,70,70,70,70,70,70,70,70,70,70,70,70,70,70,70],"relics":["Ring of the Snake","Tough Bandages","Regal Pillow","Ornamental Fan","Orrery","Gremlin Horn","War Paint","Sozu","Thread and Needle","Bag of Marbles","Sundial"],"card_choices":[{"not_picked":["Sucker Punch","Choke"],"picked":"Acrobatics"},{"not_picked":["Backflip","Deadly Poison"],"picked":"Flying Knee"},{"not_picked":["Well Laid Plans","Underhanded Strike"],"picked":"Slice"},{"not_picked":["Masterful Stab","Backflip"],"picked":"Flying Knee"},{"not_picked":["Acrobatics","Dagger Spray"],"picked":"Sucker Punch"},{"not_picked":["Reflex","Infinite Blades"],"picked":"Noxious Fumes"},{"not_picked":["Catalyst","Night Terror"],"picked":"Noxious Fumes"},{"not_picked":["Deflect","Predator"],"picked":"Flying Knee"},{"not_picked":["Tactician","Night Terror"],"picked":"Doppelganger"},{"not_picked":["Dagger Throw","Underhanded Strike"],"picked":"PiercingWail"},{"not_picked":["Catalyst","Deflect"],"picked":"Slice"},{"not_picked":["Masterful Stab","Dagger Throw"],"picked":"Backflip"},{"not_picked":["Dodge and Roll","Malaise"],"picked":"Deflect"},{"not_picked":["Sucker Punch","Poisoned Stab"],"picked":"Adrenaline"},{"not_picked":["Slice","Flying Knee"],"picked":"PiercingWail"},{"not_picked":["After Image","Predator"],"picked":"Quick Slash"},{"not_picked":["Outmaneuver","Deflect"],"picked":"Quick Slash"},{"not_picked":["Leg Sweep","Well Laid Plans"],"picked":"Slice"},{"not_picked":["Calculated Gamble","Dagger Throw"],"picked":"Quick Slash"},{"not_picked":["Sucker Punch","Footwork"],"picked":"Blur"},{"not_picked":["Doppelganger","Tactician"],"picked":"Corpse Explosion"},{"not_picked":["Backflip","Dodge and Roll"],"picked":"Outmaneuver"},{"not_picked":["Poisoned Stab","Acrobatics"],"picked":"Noxious Fumes"},{"not_picked":["Deflect","Noxious Fumes"],"picked":"Outmaneuver"},{"not_picked":["Malaise","PiercingWail"],"picked":"Quick Slash"},{"not_picked":["Doppelganger","Dodge and Roll"],"picked":"Outmaneuver"},{"not_picked":["Terror","Heel Hook"],"picked":"Prepared"},{"not_picked":["Underhanded Strike","Blade Dance"],"picked":"Distraction"}],"player_experience":104785,"potions_floor_usage":[16,21,22,33,33,33],"damage_taken":[{"damage":3,"enemies":"Jaw Worm","floor":1,"turns":3},{"damage":0,"enemies":"Small Slimes","floor":3,"turns":3},{"damage":0,"enemies":"Cultist","floor":5,"turns":3},{"damage":9,"enemies":"2 Fungi Beasts","floor":7,"turns":2},{"damage":0,"enemies":"Gremlin Gang","floor":8,"turns":1},{"damage":0,"enemies":"3 Louse","floor":10,"turns":2},{"damage":2,"enemies":"Lagavulin","floor":13,"turns":5},{"damage":0,"enemies":"Red Slaver","floor":14,"turns":2},{"damage":10,"enemies":"Slime Boss","floor":16,"turns":7},{"damage":3,"enemies":"Shell Parasite","floor":18,"turns":3},{"damage":14,"enemies":"Spheric Guardian","floor":21,"turns":4},{"damage":12,"enemies":"Slaver and Parasite","floor":22,"turns":5},{"damage":13,"enemies":"Gremlin Leader","floor":24,"turns":5},{"damage":4,"enemies":"Snecko","floor":29,"turns":5},{"damage":5,"enemies":"Centurion and Healer","floor":31,"turns":5},{"damage":45,"enemies":"Collector","floor":33,"turns":7},{"damage":0,"enemies":"3 Shapes","floor":35,"turns":3},{"damage":0,"enemies":"Orb Walker","floor":36,"turns":1},{"damage":35,"enemies":"Mysterious Sphere","floor":37,"turns":4},{"damage":0,"enemies":"3 Darklings","floor":39,"turns":3},{"damage":31,"enemies":"Giant Head","floor":41,"turns":8},{"damage":5,"enemies":"4 Shapes","floor":44,"turns":3},{"damage":19,"enemies":"Sphere and 2 Shapes","floor":45,"turns":4},{"damage":78,"enemies":"Donu and Deca","floor":50,"turns":8}],"event_choices":[{"event_name":"Scrap Ooze","player_choice":"success","floor":2,"damage_taken":3},{"event_name":"Match and Keep!","player_choice":"3 cards matched","floor":4,"damage_taken":0},{"event_name":"The Library","player_choice":"Read","floor":20,"damage_taken":0},{"event_name":"The Joust","player_choice":"Bet on Murderer","floor":28,"damage_taken":0},{"event_name":"Purifier","player_choice":"One Purge","floor":30,"damage_taken":0},{"event_name":"Mysterious Sphere","player_choice":"Fight","floor":37,"damage_taken":0},{"event_name":"Tomb of Lord Red Mask","player_choice":"Ignored","floor":47,"damage_taken":0},{"event_name":"The Woman in Blue","player_choice":"Bought 0 Potions","floor":48,"damage_taken":0}],"boss_relics":[{"not_picked":["Calling Bell","The Specimen"],"picked":"Orrery"},{"not_picked":["Velvet Choker","Philosopher\u0027s Stone"],"picked":"Sozu"}],"potions_floor_spawned":[3,5,14,16,21,31,37,41,45],"seed_played":"1022277385565971282","killed_by":"Donu and Deca","ascension_level":0,"is_trial":false}