{"gold_per_floor":[110,123,133,133,20,53,68,87,87,110,124,124,124,148,148,246,246,264,179,179,179,189,189,189,189,261,293,316,328,56,71,71,176,176,188,239,239,35,35,35,52,52,52,52,52,274,5,5,5,5],"floor_reached":51,"playtime":4278,"items_purged":["Survivor"],"score":725,"play_id":"1b6deb08-aede-4899-be4b-44c8b5318cfb","local_time":"20181019013742","is_ascension_mode":true,"campfire_choices":[{"floor":12,"key":"REST"},{"floor":15,"key":"REST"},{"data":"Catalyst","floor":23,"key":"SMITH"},{"data":"Infinite Blades","floor":25,"key":"SMITH"},{"data":"Wraith Form v2","floor":32,"key":"SMITH"},{"floor":40,"key":"REST"},{"floor":42,"key":"REST"},{"data":"Crippling Poison","floor":45,"key":"SMITH"},{"data":"Catalyst","floor":49,"key":"SMITH"}],"neow_cost":"NONE","seed_source_timestamp":3091623040837,"circlet_count":0,"master_deck":["Neutralize","Well Laid Plans","Leg Sweep","Finisher","Dodge and Roll","Poisoned Stab","Choke","Infinite Blades+1","Blade Dance+1","Finisher","Bouncing Flask","Catalyst+1","Footwork","Catalyst+1","Flying Knee","Deadly Poison","Corpse Explosion+1","Backflip+1","Crippling Poison+1","Noxious Fumes","Flying Knee","Wraith Form v2+1","Doppelganger","Bouncing Flask+1","Metamorphosis","Madness","Madness","Flying Knee+1","Crippling Poison","Accuracy","Catalyst+1","Blind","Blind"],"relics":["Pandora\u0027s Box","Paper Crane","Singing Bowl","Odd Mushroom","Ancient Tea Set","White Beast Statue","Bag of Marbles","Gambling Chip","Kunai","Red Mask","Juzu Bracelet","War Paint","WristBlade","Tingsha","Nunchaku","Pantograph"],"potions_floor_usage":[10,18,18,27,27,33,33,35,36,50,50,50],"damage_taken":[{"damage":0,"enemies":"Cultist","floor":1,"turns":3},{"damage":0,"enemies":"Small Slimes","floor":2,"turns":2},{"damage":2,"enemies":"Jaw Worm","floor":3,"turns":4},{"damage":27,"enemies":"3 Sentries","floor":6,"turns":5},{"damage":0,"enemies":"Large Slime","floor":7,"turns":4},{"damage":10,"enemies":"Looter","floor":8,"turns":4},{"damage":11,"enemies":"The Mushroom Lair","floor":10,"turns":4},{"damage":13,"enemies":"Blue Slaver","floor":11,"turns":2},{"damage":18,"enemies":"Slime Boss","floor":16,"turns":5},{"damage":35,"enemies":"2 Thieves","floor":18,"turns":4},{"damage":2,"enemies":"Chosen","floor":22,"turns":4},{"damage":2,"enemies":"Masked Bandits","floor":27,"turns":2},{"damage":9,"enemies":"Centurion and Healer","floor":29,"turns":5},{"damage":12,"enemies":"Shelled Parasite and Fungi","floor":31,"turns":5},{"damage":36,"enemies":"Automaton","floor":33,"turns":7},{"damage":17,"enemies":"3 Shapes","floor":35,"turns":4},{"damage":34,"enemies":"Mysterious Sphere","floor":36,"turns":4},{"damage":0,"enemies":"Mind Bloom Boss Battle","floor":37,"turns":3},{"damage":9,"enemies":"Orb Walker","floor":41,"turns":4},{"damage":64,"enemies":"Awakened One","floor":50,"turns":10}],"seed_played":"2877631152300175443","potions_obtained":[{"floor":1,"key":"LiquidBronze"},{"floor":6,"key":"Energy Potion"},{"floor":10,"key":"GamblersBrew"},{"floor":16,"key":"Explosive Potion"},{"floor":18,"key":"EntropicBrew"},{"floor":22,"key":"Dexterity Potion"},{"floor":27,"key":"GamblersBrew"},{"floor":29,"key":"SteroidPotion"},{"floor":31,"key":"GhostInAJar"},{"floor":33,"key":"Poison Potion"},{"floor":35,"key":"GamblersBrew"},{"floor":36,"key":"SkillPotion"},{"floor":37,"key":"Energy Potion"},{"floor":41,"key":"AttackPotion"}],"is_trial":false,"path_per_floor":["M","M","M","?","$","E","M","M","T","?","M","R","?","T","R","B",null,"M","?","$","?","M","R","?","R","T","?","T","M","$","M","R","B",null,"M","?","?","$","?","R","M","R","T","?","R","?","$","?","R","B"],"character_chosen":"THE_SILENT","items_purchased":["Catalyst","Noxious Fumes","War Paint","Flying Knee","Metamorphosis","Crippling Poison","Accuracy","Catalyst","Blind"],"campfire_rested":4,"item_purchase_floors":[5,30,30,30,38,47,47,47,47],"current_hp_per_floor":[70,70,68,73,73,46,46,36,36,25,14,37,37,37,60,42,77,42,42,42,67,67,67,67,67,67,65,65,58,58,46,46,10,81,66,34,34,34,23,48,39,64,64,64,64,64,64,64,64,21],"gold":5,"neow_bonus":"BOSS_RELIC","is_prod":false,"is_daily":false,"chose_seed":false,"campfire_upgraded":5,"win_rate":0,"timestamp":1539905862,"path_taken":["M","M","M","?","$","E","M","M","T","?","?","R","?","?","R","BOSS","M","?","$","?","M","R","?","R","T","?","?","M","$","M","R","BOSS","M","?","?","$","?","R","M","R","T","?","R","?","?","?","R","BOSS"],"build_version":"2018-10-11","purchased_purges":1,"victory":true,"max_hp_per_floor":[70,70,70,75,75,75,75,75,75,75,77,77,77,77,77,77,77,77,77,77,77,79,79,79,79,79,79,79,81,81,81,81,81,81,83,85,85,85,85,85,85,85,85,85,85,85,85,85,85,85],"card_choices":[{"not_picked":["Masterful Stab","Backflip","Underhanded Strike"],"picked":"SKIP","floor":1},{"not_picked":["Masterful Stab","Backflip","Underhanded Strike"],"picked":"SKIP","floor":1},{"not_picked":["Underhanded Strike","Acrobatics"],"picked":"Bouncing Flask","floor":2},{"not_picked":["Deflect","Dodge and Roll","Acrobatics"],"picked":"SKIP","floor":3},{"not_picked":["Underhanded Strike","Deflect"],"picked":"Footwork","floor":6},{"not_picked":["Poisoned Stab","Sucker Punch"],"picked":"Catalyst","floor":7},{"not_picked":["Riddle With Holes","Venomology"],"picked":"Flying Knee","floor":8},{"not_picked":["Heel Hook","Backflip"],"picked":"Deadly Poison","floor":10},{"not_picked":["Well Laid Plans","Dagger Spray","Deflect"],"picked":"Singing Bowl","floor":11},{"not_picked":["Die Die Die","Night Terror"],"picked":"Corpse Explosion","floor":16},{"not_picked":["Poisoned Stab","Caltrops+1"],"picked":"Backflip+1","floor":18},{"not_picked":["Prepared","Sucker Punch","Underhanded Strike"],"picked":"Singing Bowl","floor":22},{"not_picked":["Flying Knee","Deflect+1"],"picked":"Crippling Poison","floor":27},{"not_picked":["Terror","Dagger Spray","Dagger Throw"],"picked":"Singing Bowl","floor":29},{"not_picked":["Flying Knee","Prepared"],"picked":"Wraith Form v2","floor":31},{"not_picked":["Venomology","Malaise"],"picked":"Doppelganger","floor":33},{"not_picked":["Predator","Flying Knee","Eviscerate+1"],"picked":"Singing Bowl","floor":35},{"not_picked":["All Out Attack+1","Prepared","Masterful Stab+1"],"picked":"Singing Bowl","floor":36},{"not_picked":["Bane","Sucker Punch+1"],"picked":"Bouncing Flask+1","floor":37},{"not_picked":["Reflex","Sucker Punch"],"picked":"Flying Knee+1","floor":41},{"not_picked":["Panacea","Purity"],"picked":"Blind","floor":48}],"player_experience":357130,"relics_obtained":[{"floor":6,"key":"Paper Crane"},{"floor":9,"key":"Singing Bowl"},{"floor":10,"key":"Odd Mushroom"},{"floor":14,"key":"Ancient Tea Set"},{"floor":26,"key":"Kunai"},{"floor":27,"key":"Red Mask"},{"floor":28,"key":"Juzu Bracelet"},{"floor":36,"key":"Tingsha"},{"floor":37,"key":"Nunchaku"},{"floor":43,"key":"Pantograph"}],"event_choices":[{"event_name":"Big Fish","player_choice":"Donut","floor":4,"damage_taken":0},{"event_name":"Mushrooms","player_choice":"Fought Mushrooms","floor":10,"damage_taken":0},{"event_name":"Living Wall","player_choice":"Grow","floor":13,"damage_taken":0},{"event_name":"Addict","player_choice":"Obtained Relic","floor":19,"damage_taken":0},{"event_name":"The Library","player_choice":"Heal","floor":21,"damage_taken":0},{"event_name":"WeMeetAgain","player_choice":"Potion","floor":24,"damage_taken":0},{"event_name":"Masked Bandits","player_choice":"Fought Bandits","floor":27,"damage_taken":0},{"event_name":"Mysterious Sphere","player_choice":"Fight","floor":36,"damage_taken":0},{"event_name":"MindBloom","player_choice":"Fight","floor":37,"damage_taken":0},{"event_name":"Winding Halls","player_choice":"Embrace Madness","floor":39,"damage_taken":0},{"event_name":"Purifier","player_choice":"One Purge","floor":44,"damage_taken":0},{"event_name":"Tomb of Lord Red Mask","player_choice":"Wore Mask","floor":46,"damage_taken":0},{"event_name":"SensoryStone","player_choice":"Memory 1","floor":48,"damage_taken":0}],"is_beta":false,"boss_relics":[{"not_picked":["Philosopher\u0027s Stone","Runic Dome"],"picked":"White Beast Statue"},{"not_picked":["Orrery","Coffee Dripper"],"picked":"WristBlade"}],"items_purged_floors":[5],"is_endless":false,"potions_floor_spawned":[1,6,10,16,18,22,27,29,31,33,35,36,37,41],"ascension_level":2}