{"gold_per_floor":[111,111,121,12,27,27,46,57,81,93,168,194,219,229,229,329,329,340,147,147,197,210,210,222,252,252,283,294,304,335,335,335,440,440,457,467,485,212,212,239,239,239],"floor_reached":42,"playtime":3536,"items_purged":["Defend_R","Strike_R","Defend_R"],"score":592,"play_id":"b6c8b3b6-7c5e-49d6-84c8-e6f0cd47634b","local_time":"20180812151252","is_ascension_mode":true,"campfire_choices":[{"data":"Perfected Strike","floor":6,"key":"SMITH"},{"data":"Perfected Strike","floor":15,"key":"SMITH"},{"data":"Inflame","floor":23,"key":"SMITH"},{"floor":32,"key":"REST"},{"data":"Limit Break","floor":41,"key":"SMITH"}],"neow_cost":"NONE","seed_source_timestamp":4686741540887,"circlet_count":0,"master_deck":["Strike_R","Strike_R+1","Strike_R","Strike_R","Defend_R","Bash","Perfected Strike+1","Perfected Strike+1","Sentinel","Inflame+1","Clash+1","Clash","Perfected Strike","Pommel Strike","Feed","Seeing Red+1","Iron Wave","True Grit+1","Twin Strike","Rage+1","Limit Break+1","Spot Weakness","Shrug It Off+1","Inflame","Wild Strike+1","Flex+1"],"relics":["Burning Blood","Red Skull","Centennial Puzzle","Omamori","Whetstone","Black Star","Blood Vial","Potion Belt","Smiling Mask","Question Card","The Courier","Strawberry","Lantern","Mercury Hourglass","Busted Crown","Molten Egg 2","Shovel","Calipers","Du-Vu Doll"],"potions_floor_usage":[24,24,24,25,28,29,30,33,36,40,40,40],"damage_taken":[{"damage":11,"enemies":"Jaw Worm","floor":1,"turns":4},{"damage":1,"enemies":"Cultist","floor":3,"turns":3},{"damage":8,"enemies":"Small Slimes","floor":5,"turns":3},{"damage":11,"enemies":"2 Fungi Beasts","floor":7,"turns":3},{"damage":6,"enemies":"Looter","floor":8,"turns":2},{"damage":3,"enemies":"Blue Slaver","floor":10,"turns":2},{"damage":14,"enemies":"Gremlin Nob","floor":12,"turns":3},{"damage":1,"enemies":"Exordium Thugs","floor":14,"turns":3},{"damage":42,"enemies":"Hexaghost","floor":16,"turns":5},{"damage":0,"enemies":"Spheric Guardian","floor":18,"turns":2},{"damage":7,"enemies":"Chosen","floor":22,"turns":3},{"damage":24,"enemies":"Snake Plant","floor":24,"turns":2},{"damage":16,"enemies":"Book of Stabbing","floor":25,"turns":3},{"damage":27,"enemies":"Gremlin Leader","floor":27,"turns":4},{"damage":23,"enemies":"Centurion and Healer","floor":28,"turns":5},{"damage":8,"enemies":"Cultist and Chosen","floor":29,"turns":3},{"damage":29,"enemies":"Slavers","floor":30,"turns":4},{"damage":36,"enemies":"Collector","floor":33,"turns":4},{"damage":18,"enemies":"Flame Bruiser 1 Orb","floor":35,"turns":4},{"damage":50,"enemies":"3 Darklings","floor":36,"turns":4},{"damage":3,"enemies":"Transient","floor":37,"turns":5},{"damage":12,"floor":39,"turns":5},{"damage":0,"enemies":"Nemesis","floor":40,"turns":3},{"damage":70,"enemies":"Giant Head","floor":42,"turns":6}],"seed_played":"6947291037964533186","potions_obtained":[{"floor":5,"key":"Fire Potion"},{"floor":7,"key":"EntropicBrew"},{"floor":8,"key":"Fire Potion"},{"floor":27,"key":"BloodPotion"},{"floor":28,"key":"SkillPotion"},{"floor":30,"key":"Block Potion"},{"floor":36,"key":"SpeedPotion"},{"floor":37,"key":"EssenceOfSteel"},{"floor":39,"key":"Fire Potion"}],"is_trial":false,"path_per_floor":["M","?","M","$","M","R","M","M","T","M","?","E","T","M","R","B",null,"M","$","?","?","M","R","M","E","T","E","M","M","E","T","R","B",null,"M","M","M","$","?","E","R"],"character_chosen":"IRONCLAD","items_purchased":["Sentinel","Seeing Red","Iron Wave","Molten Egg 2","Inflame"],"campfire_rested":1,"item_purchase_floors":[4,19,19,38,38],"current_hp_per_floor":[75,75,80,80,78,78,73,73,73,76,65,57,57,62,62,26,80,80,80,80,80,79,79,61,54,54,35,28,28,14,14,41,13,90,81,39,44,44,43,51,51,0],"gold":239,"neow_bonus":"RANDOM_COMMON_RELIC","is_prod":false,"is_daily":false,"chose_seed":false,"campfire_upgraded":4,"win_rate":0,"timestamp":1534079572,"path_taken":["M","?","M","$","M","R","M","M","T","?","?","E","?","?","R","BOSS","M","$","?","?","M","R","M","E","T","E","?","M","E","?","R","BOSS","M","M","M","?","?","E","R","E"],"build_version":"2018-08-09","purchased_purges":3,"victory":false,"max_hp_per_floor":[80,80,80,80,80,80,80,80,80,80,80,80,80,80,80,80,80,80,80,80,80,80,80,80,83,83,83,83,83,90,90,90,90,90,93,93,93,93,96,96,96,96],"card_choices":[{"not_picked":["Twin Strike","Infernal Blade"],"picked":"Perfected Strike","floor":1},{"not_picked":["Entrench","Flame Barrier"],"picked":"Perfected Strike","floor":3},{"not_picked":["Havoc","Body Slam"],"picked":"Inflame","floor":5},{"not_picked":["Sentinel","Wild Strike"],"picked":"Clash","floor":7},{"not_picked":["Shrug It Off","Body Slam"],"picked":"Clash","floor":8},{"not_picked":["Clothesline","Anger"],"picked":"Perfected Strike","floor":10},{"not_picked":["Feed","Heavy Blade"],"picked":"Pommel Strike","floor":12},{"not_picked":["Clothesline","Shockwave","Armaments"],"picked":"SKIP","floor":14},{"not_picked":["Barricade","Immolate"],"picked":"Feed","floor":16},{"not_picked":["Whirlwind+1","Heavy Blade","Armaments"],"picked":"SKIP","floor":18},{"not_picked":["Bloodletting+1","Rampage"],"picked":"True Grit+1","floor":22},{"not_picked":["Warcry","Reckless Charge+1","Headbutt+1"],"picked":"SKIP","floor":24},{"not_picked":["Havoc","Searing Blow","Brutality"],"picked":"SKIP","floor":25},{"not_picked":["Twin Strike","Whirlwind","Second Wind+1"],"picked":"SKIP","floor":27},{"not_picked":["Evolve","True Grit+1","Feel No Pain","Havoc"],"picked":"SKIP","floor":28},{"not_picked":["Thunderclap+1","Heavy Blade+1","Headbutt"],"picked":"Twin Strike","floor":29},{"not_picked":["Perfected Strike","Headbutt+1","Evolve"],"picked":"Rage+1","floor":30},{"not_picked":["Fiend Fire","Bludgeon","Brutality"],"picked":"Limit Break","floor":33},{"not_picked":["Second Wind+1"],"picked":"Spot Weakness","floor":35},{"not_picked":["Heavy Blade+1"],"picked":"Shrug It Off+1","floor":36},{"not_picked":["Headbutt+1","Battle Trance"],"picked":"SKIP","floor":37},{"not_picked":["Sentinel"],"picked":"Wild Strike+1","floor":39},{"not_picked":["Battle Trance"],"picked":"Flex+1","floor":40}],"player_experience":226808,"relics_obtained":[{"floor":9,"key":"Centennial Puzzle"},{"floor":12,"key":"Omamori"},{"floor":13,"key":"Whetstone"},{"floor":25,"key":"Blood Vial"},{"floor":25,"key":"Potion Belt"},{"floor":26,"key":"Smiling Mask"},{"floor":27,"key":"Question Card"},{"floor":27,"key":"The Courier"},{"floor":30,"key":"Strawberry"},{"floor":30,"key":"Lantern"},{"floor":31,"key":"Mercury Hourglass"},{"floor":39,"key":"Shovel"},{"floor":40,"key":"Calipers"},{"floor":40,"key":"Du-Vu Doll"}],"event_choices":[{"event_name":"Purifier","player_choice":"One Purge","floor":2,"damage_taken":0},{"event_name":"World of Goop","player_choice":"Gather Gold","floor":11,"damage_taken":0},{"event_name":"Upgrade Shrine","player_choice":"Upgraded","floor":20,"damage_taken":0},{"event_name":"The Joust","player_choice":"Bet on Murderer","floor":21,"damage_taken":0},{"event_name":"MindBloom","player_choice":"Fight","floor":39,"damage_taken":0}],"is_beta":false,"boss_relics":[{"not_picked":["Calling Bell","Coffee Dripper"],"picked":"Black Star"},{"not_picked":["Empty Cage","Cursed Key"],"picked":"Busted Crown"}],"items_purged_floors":[4,19,38],"is_endless":false,"potions_floor_spawned":[5,7,8,16,22,27,28,30,36,37,39],"killed_by":"Giant Head","ascension_level":2}