{"path_per_floor":["M","M","M","M","$","R","M","?","T","M","?","?","R","M","R","B",null,"M","?","$","?","M","R"],"character_chosen":"THE_SILENT","items_purchased":["Noxious Fumes","Noxious Fumes","Panache"],"gold_per_floor":[110,124,144,158,11,11,29,29,55,65,140,140,140,158,158,281,281,297,297,28,28,51,51],"floor_reached":24,"campfire_rested":1,"playtime":1196,"current_hp_per_floor":[70,70,64,59,59,59,55,55,62,57,46,46,46,38,61,16,77,67,67,67,67,42,42],"items_purged":["Strike_G"],"gold":51,"score":188,"play_id":"095a87df-4c0d-4f40-a9f4-4b23e93dd24d","is_prod":false,"is_daily":false,"is_ascension_mode":false,"campfire_upgraded":3,"path_taken":["M","M","M","?","?","R","M","?","T","M","?","?","R","M","R","BOSS","M","?","$","?","M","R","M"],"build_version":"2018-02-15-PROD1","purchased_purges":1,"victory":false,"master_deck":["Defend_G","Defend_G","Defend_G","Defend_G","Defend_G","Strike_G","Strike_G","Strike_G","Strike_G","Survivor","Neutralize","Backstab+1","Deadly Poison","Bane","Bouncing Flask+1","Noxious Fumes+1","Deadly Poison","All Out Attack","Injury","Eviscerate","Corpse Explosion","Poisoned Stab+1","Bouncing Flask","Noxious Fumes","Panache","Crippling Poison"],"max_hp_per_floor":[70,70,70,70,70,70,70,70,77,77,77,77,77,77,77,77,77,77,77,77,77,77,77],"relics":["Velvet Choker","Strawberry","Golden Idol","The Specimen"],"card_choices":[{"not_picked":["Terror","Eviscerate"],"picked":"Backstab"},{"not_picked":["Expertise","All Out Attack"],"picked":"Deadly Poison"},{"not_picked":["Underhanded Strike","Dodge and Roll"],"picked":"Bane"},{"not_picked":["Flying Knee","Adrenaline"],"picked":"Bouncing Flask"},{"not_picked":["Well Laid Plans","Bane"],"picked":"Deadly Poison"},{"not_picked":["Dagger Spray","Deflect"],"picked":"All Out Attack"},{"not_picked":["Underhanded Strike","Masterful Stab"],"picked":"Eviscerate"},{"not_picked":["Night Terror","Bullet Time"],"picked":"Corpse Explosion"},{"not_picked":["Deadly Poison","Leg Sweep"],"picked":"Poisoned Stab"},{"not_picked":["Infinite Blades","Flying Knee"],"picked":"Crippling Poison"}],"player_experience":100320,"potions_floor_usage":[16,16,22],"damage_taken":[{"damage":0,"enemies":"Cultist","floor":1,"turns":4},{"damage":0,"enemies":"Small Slimes","floor":2,"turns":3},{"damage":6,"enemies":"Jaw Worm","floor":3,"turns":3},{"damage":5,"enemies":"Exordium Wildlife","floor":4,"turns":4},{"damage":4,"enemies":"Large Slime","floor":7,"turns":4},{"damage":5,"enemies":"Looter","floor":10,"turns":2},{"damage":8,"enemies":"3 Louse","floor":14,"turns":2},{"damage":45,"enemies":"Slime Boss","floor":16,"turns":10},{"damage":10,"enemies":"3 Byrds","floor":18,"turns":5},{"damage":25,"enemies":"2 Thieves","floor":22,"turns":4},{"damage":50,"enemies":"Slaver and Parasite","floor":24,"turns":3}],"event_choices":[{"event_name":"Liars Game","player_choice":"disagreed","floor":8,"damage_taken":0},{"event_name":"World of Goop","player_choice":"Gather Gold","floor":11,"damage_taken":0},{"event_name":"Golden Idol","player_choice":"Take Wound","floor":12,"damage_taken":0},{"event_name":"The Library","player_choice":"Read","floor":19,"damage_taken":0},{"event_name":"Vampires","player_choice":"Ignored","floor":21,"damage_taken":0}],"boss_relics":[{"not_picked":["White Beast Statue","Sozu"],"picked":"The Specimen"}],"potions_floor_spawned":[1,2,3,16],"seed_played":"-5620525000580210940","killed_by":"Slaver and Parasite","ascension_level":0,"is_trial":false}