{"gold_per_floor":[117,129,146,166,166,166,179,179,179,179,196,41,41,70,70,173,173,191,2,2,2,21,21,21,51,78,78,97,109,123,133,133,230,230,243,4,18,67,82,82,100,100,125,144,160,177,193,193],"floor_reached":48,"playtime":4989,"items_purged":["Strike_G","Strike_G","Defend_G"],"score":506,"play_id":"f4c52169-1335-444f-9236-fa06b2d8fc41","local_time":"20181016005234","is_ascension_mode":true,"campfire_choices":[{"data":"Noxious Fumes","floor":6,"key":"SMITH"},{"data":"Crippling Poison","floor":8,"key":"SMITH"},{"floor":13,"key":"REST"},{"data":"Noxious Fumes","floor":15,"key":"SMITH"},{"data":"Deadly Poison","floor":23,"key":"SMITH"},{"floor":27,"key":"REST"},{"floor":32,"key":"REST"},{"data":"Noxious Fumes","floor":40,"key":"SMITH"},{"floor":42,"key":"REST"}],"neow_cost":"NONE","seed_source_timestamp":9439226210903,"circlet_count":0,"master_deck":["Defend_G","Defend_G","Defend_G+1","Survivor+1","Neutralize","Outmaneuver","Cloak And Dagger","Deadly Poison+1","Noxious Fumes+1","Crippling Poison+1","Cloak And Dagger","Noxious Fumes+1","Poisoned Stab","Bullet Time","Expertise","Bandage Up+1","Dash+1","Bouncing Flask","Die Die Die","Bane","Blur","PiercingWail","Adrenaline","Cloak And Dagger+1","Accuracy+1","Adrenaline+1","PiercingWail+1","Accuracy","Choke","Noxious Fumes+1","Bouncing Flask+1","Backflip","Deadly Poison","Outmaneuver"],"relics":["Ring of the Snake","Paper Crane","Bottled Flame","Runic Pyramid","Blue Candle","Regal Pillow","Astrolabe","Shovel","Blood Vial"],"potions_floor_usage":[16,16,25,29,33,33,38,48,48],"damage_taken":[{"damage":1,"enemies":"Small Slimes","floor":1,"turns":4},{"damage":0,"enemies":"Cultist","floor":2,"turns":4},{"damage":1,"enemies":"Jaw Worm","floor":3,"turns":5},{"damage":1,"enemies":"3 Louse","floor":4,"turns":5},{"damage":12,"enemies":"Exordium Wildlife","floor":7,"turns":4},{"damage":8,"enemies":"Blue Slaver","floor":11,"turns":4},{"damage":12,"enemies":"Lagavulin","floor":14,"turns":7},{"damage":16,"enemies":"Slime Boss","floor":16,"turns":8},{"damage":9,"enemies":"Shell Parasite","floor":18,"turns":5},{"damage":37,"enemies":"Colosseum Slavers","floor":21,"turns":5},{"damage":6,"enemies":"3 Byrds","floor":22,"turns":4},{"damage":15,"enemies":"Gremlin Leader","floor":25,"turns":6},{"damage":14,"enemies":"3 Cultists","floor":28,"turns":5},{"damage":18,"enemies":"Cultist and Chosen","floor":29,"turns":5},{"damage":10,"enemies":"Sentry and Sphere","floor":30,"turns":4},{"damage":8,"enemies":"Shelled Parasite and Fungi","floor":31,"turns":4},{"damage":55,"enemies":"Collector","floor":33,"turns":10},{"damage":5,"enemies":"Orb Walker","floor":35,"turns":3},{"damage":2,"enemies":"3 Darklings","floor":37,"turns":4},{"damage":24,"enemies":"Mysterious Sphere","floor":38,"turns":4},{"damage":7,"enemies":"4 Shapes","floor":39,"turns":5},{"damage":23,"enemies":"Spire Growth","floor":41,"turns":5},{"damage":1,"enemies":"Reptomancer","floor":44,"turns":5},{"damage":14,"enemies":"4 Shapes","floor":45,"turns":4},{"damage":28,"enemies":"Sphere and 2 Shapes","floor":46,"turns":5},{"damage":17,"enemies":"3 Darklings","floor":47,"turns":6},{"damage":64,"enemies":"Spire Growth","floor":48,"turns":5}],"seed_played":"-7092004019220838931","potions_obtained":[{"floor":4,"key":"Explosive Potion"},{"floor":7,"key":"SmokeBomb"},{"floor":11,"key":"Strength Potion"},{"floor":14,"key":"SpeedPotion"},{"floor":18,"key":"GamblersBrew"},{"floor":22,"key":"GhostInAJar"},{"floor":29,"key":"AttackPotion"},{"floor":31,"key":"SkillPotion"},{"floor":37,"key":"AttackPotion"},{"floor":39,"key":"SpeedPotion"},{"floor":44,"key":"Regen Potion"},{"floor":45,"key":"Dexterity Potion"}],"is_trial":false,"path_per_floor":["M","M","M","M","?","R","M","R","T","?","M","$","R","E","R","B",null,"M","$","?","?","M","R","?","E","T","R","M","M","M","M","R","B",null,"M","$","M","?","M","R","M","R","T","M","M","M","M"],"character_chosen":"THE_SILENT","items_purchased":["Noxious Fumes","Bandage Up","Accuracy","Choke"],"campfire_rested":4,"item_purchase_floors":[12,19,36,36],"current_hp_per_floor":[76,76,75,74,67,67,55,55,55,40,32,32,55,43,43,27,77,68,68,68,37,37,37,37,28,28,66,58,46,42,40,77,22,77,72,72,75,51,50,50,33,71,71,76,67,47,38,0],"gold":193,"neow_bonus":"TEN_PERCENT_HP_BONUS","is_prod":false,"is_daily":false,"chose_seed":false,"campfire_upgraded":5,"win_rate":0,"timestamp":1539643954,"path_taken":["M","M","M","M","?","R","M","R","T","?","M","$","R","E","R","BOSS","M","$","?","?","M","R","?","E","T","R","M","M","M","M","R","BOSS","M","?","M","?","M","R","M","R","T","?","M","M","M","M"],"build_version":"2018-10-11","purchased_purges":3,"victory":false,"max_hp_per_floor":[77,77,77,77,77,77,77,77,77,77,77,77,77,77,77,77,77,77,77,77,77,77,77,77,77,77,77,77,77,77,77,77,77,77,77,77,77,77,77,77,77,77,77,77,77,77,77,77],"card_choices":[{"not_picked":["Dodge and Roll","Skewer"],"picked":"Outmaneuver","floor":1},{"not_picked":["Deflect","Predator"],"picked":"Cloak And Dagger","floor":2},{"not_picked":["Bane","Terror"],"picked":"Deadly Poison","floor":3},{"not_picked":["Skewer","Dagger Spray"],"picked":"Noxious Fumes","floor":4},{"not_picked":["Escape Plan","Corpse Explosion"],"picked":"Crippling Poison","floor":7},{"not_picked":["Dagger Spray","Terror"],"picked":"Cloak And Dagger","floor":11},{"not_picked":["Deadly Poison","Endless Agony"],"picked":"Poisoned Stab","floor":14},{"not_picked":["Unload","Grand Finale"],"picked":"Bullet Time","floor":16},{"not_picked":["Dagger Spray+1","Cloak And Dagger"],"picked":"Expertise","floor":18},{"not_picked":["Poisoned Stab","Accuracy"],"picked":"Dash+1","floor":22},{"not_picked":["Leg Sweep","Deadly Poison"],"picked":"Bouncing Flask","floor":25},{"not_picked":["Tactician","Dodge and Roll"],"picked":"Die Die Die","floor":28},{"not_picked":["Predator","Finisher+1"],"picked":"Bane","floor":29},{"not_picked":["Terror","Flying Knee+1"],"picked":"Blur","floor":30},{"not_picked":["Escape Plan","All Out Attack+1"],"picked":"PiercingWail","floor":31},{"not_picked":["Night Terror","Malaise"],"picked":"Adrenaline","floor":33},{"not_picked":["Well Laid Plans+1","Deflect+1"],"picked":"PiercingWail+1","floor":35},{"not_picked":["Dagger Throw","Reflex","Terror"],"picked":"SKIP","floor":37},{"not_picked":["Acrobatics","Calculated Gamble"],"picked":"Noxious Fumes","floor":38},{"not_picked":["Tactician","Skewer+1"],"picked":"Bouncing Flask+1","floor":39},{"not_picked":["Endless Agony+1","Masterful Stab+1","Leg Sweep"],"picked":"SKIP","floor":41},{"not_picked":["Well Laid Plans","Finisher+1"],"picked":"Backflip","floor":44},{"not_picked":["Quick Slash","Sucker Punch+1"],"picked":"Deadly Poison","floor":45},{"not_picked":["Underhanded Strike+1","Die Die Die"],"picked":"Outmaneuver","floor":46},{"not_picked":["Underhanded Strike","Dagger Throw","Tactician+1"],"picked":"SKIP","floor":47}],"player_experience":346267,"relics_obtained":[{"floor":9,"key":"Paper Crane"},{"floor":14,"key":"Bottled Flame"},{"floor":25,"key":"Blue Candle"},{"floor":26,"key":"Regal Pillow"},{"floor":38,"key":"Shovel"},{"floor":43,"key":"Blood Vial"}],"event_choices":[{"event_name":"Golden Wing","player_choice":"Card Removal","floor":5,"damage_taken":0},{"event_name":"Shining Light","player_choice":"Entered Light","floor":10,"damage_taken":0},{"event_name":"Upgrade Shrine","player_choice":"Upgraded","floor":20,"damage_taken":0},{"event_name":"Colosseum","player_choice":"Fight","floor":21,"damage_taken":0},{"event_name":"Colosseum","player_choice":"Fled From Nobs","floor":21,"damage_taken":0},{"event_name":"Vampires","player_choice":"Ignored","floor":24,"damage_taken":0},{"event_name":"Mysterious Sphere","player_choice":"Fight","floor":38,"damage_taken":0}],"is_beta":false,"boss_relics":[{"not_picked":["Sozu","Tiny House"],"picked":"Runic Pyramid"},{"not_picked":["Calling Bell","Velvet Choker"],"picked":"Astrolabe"}],"items_purged_floors":[12,19,36],"is_endless":false,"potions_floor_spawned":[4,7,11,14,18,22,29,31,37,39,44,45],"killed_by":"Spire Growth","ascension_level":2}