{"gold_per_floor":[114,114,129,2,20,20,20,36,59,76,76,86,103,176,176,176],"floor_reached":16,"playtime":837,"items_purged":["Defend_R"],"score":128,"play_id":"92077564-e977-4811-a2ed-4191f3d83ac9","local_time":"20180801012054","is_ascension_mode":true,"campfire_choices":[{"data":"Dropkick","floor":6,"key":"SMITH"},{"data":"Clash","floor":11,"key":"SMITH"},{"data":"Second Wind","floor":15,"key":"SMITH"}],"neow_cost":"FIFTY_PERCENT_DAMAGE","seed_source_timestamp":932420771128,"circlet_count":0,"master_deck":["Strike_R","Strike_R","Strike_R","Strike_R","Strike_R","Defend_R","Defend_R","Defend_R","Bash","Flex","Dropkick+1","Clash+1","Dual Wield","Cleave","Dual Wield","Second Wind+1"],"relics":["Burning Blood","Bronze Scales","Red Skull","Blue Candle"],"potions_floor_usage":[12,13,13],"damage_taken":[{"damage":5,"enemies":"2 Louse","floor":1,"turns":4},{"damage":0,"enemies":"Small Slimes","floor":3,"turns":3},{"damage":1,"enemies":"Cultist","floor":5,"turns":3},{"damage":14,"enemies":"Red Slaver","floor":8,"turns":2},{"damage":9,"enemies":"Exordium Thugs","floor":10,"turns":2},{"damage":5,"enemies":"Lots of Slimes","floor":12,"turns":2},{"damage":7,"enemies":"Exordium Wildlife","floor":13,"turns":2},{"damage":42,"enemies":"Hexaghost","floor":16,"turns":7}],"seed_played":"-166010849398877929","potions_obtained":[{"floor":8,"key":"Fire Potion"},{"floor":10,"key":"EssenceOfSteel"},{"floor":12,"key":"Weak Potion"}],"is_trial":false,"path_per_floor":["M","?","M","$","M","R","$","M","T","M","R","M","M","T","R"],"character_chosen":"IRONCLAD","items_purchased":["Clash"],"campfire_rested":0,"item_purchase_floors":[4],"current_hp_per_floor":[49,37,43,43,48,48,48,40,40,37,37,38,37,37,37,0],"gold":176,"neow_bonus":"TWENTY_PERCENT_HP_BONUS","is_prod":false,"is_daily":false,"chose_seed":false,"campfire_upgraded":3,"win_rate":0,"timestamp":1533079254,"path_taken":["M","?","M","?","M","R","$","M","T","M","R","?","M","?","R","BOSS"],"build_version":"2018-07-26","purchased_purges":1,"victory":false,"max_hp_per_floor":[96,96,96,96,96,96,96,96,96,96,96,96,96,96,96,96],"card_choices":[{"not_picked":["Body Slam","Heavy Blade"],"picked":"Flex","floor":1},{"not_picked":["Blood for Blood","Thunderclap"],"picked":"Dropkick","floor":3},{"not_picked":["Warcry","Cleave"],"picked":"Dual Wield","floor":5},{"not_picked":["Brutality","Power Through"],"picked":"Cleave","floor":8},{"not_picked":["Sword Boomerang","Blood for Blood"],"picked":"Dual Wield","floor":10},{"not_picked":["Clothesline","Cleave"],"picked":"Second Wind","floor":12},{"not_picked":["Sever Soul","True Grit","Twin Strike"],"picked":"SKIP","floor":13}],"player_experience":221362,"relics_obtained":[{"floor":9,"key":"Red Skull"},{"floor":14,"key":"Blue Candle"}],"event_choices":[{"event_name":"Scrap Ooze","player_choice":"success","floor":2,"damage_taken":12}],"is_beta":false,"boss_relics":[],"items_purged_floors":[4],"is_endless":false,"potions_floor_spawned":[8,10,12],"killed_by":"Hexaghost","ascension_level":2}