{"gold_per_floor":[14,14,14,14,29,29,29,42,42,42,57,57,57,77,77,177,177,190,22,42,42,58,58,92,112,112,112,124,124,139,139,139,139],"floor_reached":33,"playtime":1732,"items_purged":["Strike_R"],"score":368,"play_id":"6d9b1fe1-de15-4407-b149-11aeeabfcbe4","local_time":"20190313011304","is_ascension_mode":true,"campfire_choices":[{"data":"Perfected Strike","floor":6,"key":"SMITH"},{"data":"Metallicize","floor":10,"key":"SMITH"},{"data":"Twin Strike","floor":12,"key":"SMITH"},{"data":"Pommel Strike","floor":15,"key":"SMITH"},{"data":"Spot Weakness","floor":23,"key":"SMITH"},{"floor":27,"key":"REST"},{"data":"Perfected Strike","floor":29,"key":"SMITH"},{"floor":32,"key":"REST"}],"neow_cost":"NO_GOLD","seed_source_timestamp":107012243466500,"circlet_count":0,"master_deck":["Strike_R","Strike_R","Strike_R","Strike_R","Bash","Metallicize+1","Perfected Strike+1","Flame Barrier","Twin Strike+1","Pommel Strike+1","Limit Break","Spot Weakness+1","Shrug It Off","Metallicize","Twin Strike+1","Clash+1","Perfected Strike+1","Perfected Strike+1"],"relics":["Burning Blood","Omamori","Strawberry","Gremlin Horn","Black Star","Juzu Bracelet","Bottled Tornado","Shuriken"],"potions_floor_usage":[11,22,24,24,28,33],"damage_taken":[{"damage":16,"enemies":"Jaw Worm","floor":1,"turns":4},{"damage":11,"enemies":"2 Louse","floor":5,"turns":2},{"damage":0,"enemies":"Small Slimes","floor":8,"turns":2},{"damage":14,"enemies":"Exordium Thugs","floor":11,"turns":3},{"damage":2,"enemies":"3 Louse","floor":14,"turns":2},{"damage":0,"enemies":"Slime Boss","floor":16,"turns":7},{"damage":37,"enemies":"Shell Parasite","floor":18,"turns":4},{"damage":0,"enemies":"3 Byrds","floor":20,"turns":3},{"damage":10,"enemies":"Sentry and Sphere","floor":22,"turns":5},{"damage":54,"enemies":"Book of Stabbing","floor":24,"turns":5},{"damage":20,"enemies":"Snake Plant","floor":25,"turns":3},{"damage":8,"enemies":"Cultist and Chosen","floor":28,"turns":4},{"damage":27,"enemies":"Centurion and Healer","floor":30,"turns":4},{"damage":80,"enemies":"Collector","floor":33,"turns":7}],"seed_played":"-6198437133308908091","potions_obtained":[{"floor":5,"key":"Strength Potion"},{"floor":11,"key":"SpeedPotion"},{"floor":18,"key":"Regen Potion"},{"floor":20,"key":"BloodPotion"},{"floor":25,"key":"Regen Potion"},{"floor":30,"key":"FearPotion"}],"is_trial":false,"path_per_floor":["M","?","?","?","M","R","?","M","T","R","M","R","?","M","R","B",null,"M","$","M","$","M","R","E","M","T","R","M","R","M","?","R","B"],"character_chosen":"IRONCLAD","items_purchased":["Shrug It Off","Metallicize"],"campfire_rested":2,"item_purchase_floors":[19,19],"current_hp_per_floor":[70,58,63,63,58,58,65,71,71,71,63,63,63,67,67,73,92,61,61,67,67,63,63,33,19,19,46,53,53,32,32,59,0],"gold":139,"neow_bonus":"REMOVE_TWO","is_prod":false,"is_daily":false,"chose_seed":false,"campfire_upgraded":6,"win_rate":0,"timestamp":1552435984,"path_taken":["M","?","?","?","?","R","?","M","T","R","M","R","?","M","R","BOSS","M","$","?","$","M","R","E","M","T","R","M","R","M","?","R","BOSS"],"build_version":"2019-01-23","purchased_purges":1,"victory":false,"max_hp_per_floor":[80,80,85,85,85,85,92,92,92,92,92,92,92,92,92,92,92,92,92,92,92,92,92,92,92,92,92,92,92,92,92,92,92],"card_choices":[{"not_picked":["Body Slam","Shrug It Off"],"picked":"Metallicize","floor":1},{"not_picked":["True Grit","Cleave"],"picked":"Perfected Strike","floor":5},{"not_picked":["Burning Pact","Warcry"],"picked":"Flame Barrier","floor":8},{"not_picked":["Cleave","Body Slam"],"picked":"Twin Strike","floor":11},{"not_picked":["Havoc","Limit Break"],"picked":"Pommel Strike","floor":14},{"not_picked":["Feed","Reaper"],"picked":"Limit Break","floor":16},{"not_picked":["Evolve","Battle Trance"],"picked":"Spot Weakness","floor":18},{"not_picked":["Second Wind","Flex"],"picked":"Twin Strike+1","floor":20},{"not_picked":["Power Through+1","Combust","Wild Strike"],"picked":"SKIP","floor":22},{"not_picked":["Blood for Blood","Sever Soul+1","Rupture"],"picked":"SKIP","floor":24},{"not_picked":["True Grit","Thunderclap"],"picked":"Clash+1","floor":25},{"not_picked":["Iron Wave","Intimidate"],"picked":"Perfected Strike","floor":28},{"not_picked":["True Grit","Heavy Blade","Brutality"],"picked":"SKIP","floor":30}],"player_experience":469596,"relics_obtained":[{"floor":9,"key":"Gremlin Horn"},{"floor":24,"key":"Juzu Bracelet"},{"floor":24,"key":"Bottled Tornado"},{"floor":26,"key":"Shuriken"}],"event_choices":[{"damage_healed":0,"gold_gain":0,"player_choice":"Success","damage_taken":12,"relics_obtained":["Omamori"],"max_hp_gain":0,"max_hp_loss":0,"event_name":"Scrap Ooze","floor":2,"gold_loss":0},{"damage_healed":0,"gold_gain":0,"player_choice":"Donut","damage_taken":0,"max_hp_gain":5,"max_hp_loss":0,"event_name":"Big Fish","floor":3,"gold_loss":0},{"cards_removed":["Defend_R"],"damage_healed":0,"gold_gain":0,"player_choice":"Offered Basic","damage_taken":0,"max_hp_gain":0,"max_hp_loss":0,"event_name":"Bonfire Elementals","floor":4,"gold_loss":0},{"damage_healed":0,"gold_gain":0,"player_choice":"Searched \u00271\u0027 times","damage_taken":0,"relics_obtained":["Strawberry"],"max_hp_gain":0,"max_hp_loss":0,"event_name":"Dead Adventurer","floor":7,"gold_loss":0},{"cards_removed":["Defend_R"],"damage_healed":0,"gold_gain":0,"player_choice":"Purged","damage_taken":0,"max_hp_gain":0,"max_hp_loss":0,"event_name":"Purifier","floor":13,"gold_loss":0},{"damage_healed":0,"gold_gain":0,"player_choice":"Copied","damage_taken":0,"max_hp_gain":0,"max_hp_loss":0,"event_name":"Duplicator","floor":31,"gold_loss":0,"cards_obtained":["Perfected Strike"]}],"is_beta":false,"boss_relics":[{"not_picked":["Philosopher\u0027s Stone","Runic Dome"],"picked":"Black Star"}],"items_purged_floors":[19],"is_endless":false,"potions_floor_spawned":[5,11,18,20,25,30],"killed_by":"Collector","ascension_level":4}