{"gold_per_floor":[213,71,71,89,106,131,131,146,146,3,3,68,83,258,258,362,362,372,392,124,124,137,165,165,165],"floor_reached":25,"playtime":1470,"items_purged":["Strike_B","Defend_B"],"score":295,"play_id":"a3ad3496-764d-429f-89ab-e0146fd06acc","local_time":"20181030003241","is_ascension_mode":true,"campfire_choices":[{"data":"Darkness","floor":7,"key":"SMITH"},{"data":"Dualcast","floor":11,"key":"SMITH"},{"floor":15,"key":"REST"},{"floor":24,"key":"REST"}],"neow_cost":"NONE","seed_source_timestamp":14949840113974,"circlet_count":0,"master_deck":["Strike_B","Strike_B","Defend_B","Zap","Dualcast+1","Darkness+1","White Noise+1","Conserve Battery","Conserve Battery","Static Discharge","Conserve Battery","Hologram","Undo","Doubt","Reboot","Doom and Gloom+1","Machine Learning+1","Hyperbeam+1","Rip and Tear+1","Defragment","Flash of Steel","Capacitor","White Noise","Reprogram+1"],"relics":["Cracked Core","PreservedInsect","Vajra","Oddly Smooth Stone","Mercury Hourglass","Astrolabe","Blood Vial"],"potions_floor_usage":[12,16,16,19,22],"damage_taken":[{"damage":1,"enemies":"Cultist","floor":1,"turns":3},{"damage":6,"enemies":"Small Slimes","floor":4,"turns":2},{"damage":7,"enemies":"Jaw Worm","floor":5,"turns":4},{"damage":0,"enemies":"Gremlin Nob","floor":6,"turns":3},{"damage":25,"enemies":"Gremlin Gang","floor":8,"turns":3},{"damage":16,"enemies":"Gremlin Nob","floor":12,"turns":3},{"damage":0,"enemies":"2 Fungi Beasts","floor":13,"turns":3},{"damage":10,"enemies":"Hexaghost","floor":16,"turns":7},{"damage":28,"enemies":"2 Thieves","floor":18,"turns":3},{"damage":0,"enemies":"3 Byrds","floor":19,"turns":2},{"damage":6,"enemies":"3 Cultists","floor":22,"turns":3},{"damage":35,"enemies":"Gremlin Leader","floor":23,"turns":4},{"damage":25,"enemies":"Slavers","floor":25,"turns":2}],"seed_played":"-1626921487960887744","potions_obtained":[{"floor":1,"key":"EntropicBrew"},{"floor":4,"key":"Swift Potion"},{"floor":12,"key":"GamblersBrew"},{"floor":18,"key":"Explosive Potion"},{"floor":19,"key":"SteroidPotion"},{"floor":23,"key":"Weak Potion"}],"is_trial":false,"path_per_floor":["M","$","?","M","M","E","R","M","T","$","R","?","M","?","R","B",null,"M","M","$","?","M","E","R"],"character_chosen":"DEFECT","items_purchased":["White Noise","Oddly Smooth Stone","Flash of Steel","Capacitor"],"campfire_rested":2,"item_purchase_floors":[2,10,20,20],"current_hp_per_floor":[74,74,74,68,61,61,61,36,36,36,36,20,20,20,42,32,75,47,47,47,47,41,6,28,5],"gold":165,"neow_bonus":"HUNDRED_GOLD","is_prod":false,"is_daily":false,"chose_seed":false,"campfire_upgraded":2,"win_rate":0,"timestamp":1540855961,"path_taken":["M","$","?","M","?","E","R","M","T","$","R","?","?","?","R","BOSS","M","M","$","?","M","E","R","E"],"build_version":"2018-10-25v2","purchased_purges":2,"victory":false,"max_hp_per_floor":[75,75,75,75,75,75,75,75,75,75,75,75,75,75,75,75,75,75,75,75,75,75,75,75,75],"card_choices":[{"not_picked":["Hologram","Leap"],"picked":"Darkness","floor":1},{"not_picked":["Undo","Compile Driver"],"picked":"Conserve Battery","floor":4},{"not_picked":["Gash","Skim"],"picked":"Conserve Battery","floor":5},{"not_picked":["Gash","Hyperbeam"],"picked":"Static Discharge","floor":6},{"not_picked":["Blizzard","Coolheaded"],"picked":"Conserve Battery","floor":8},{"not_picked":["Blizzard","Rebound"],"picked":"Hologram","floor":12},{"not_picked":["Beam Cell","Coolheaded"],"picked":"Undo","floor":13},{"not_picked":["Fission","Rainbow"],"picked":"Reboot","floor":16},{"not_picked":["Turbo","Chaos"],"picked":"Rip and Tear+1","floor":18},{"not_picked":["Go for the Eyes","Heatsinks"],"picked":"Defragment","floor":19},{"not_picked":["Sunder","Heatsinks"],"picked":"Reprogram+1","floor":22},{"not_picked":["Fusion","Cold Snap","Steam"],"picked":"SKIP","floor":23}],"player_experience":369945,"relics_obtained":[{"floor":6,"key":"PreservedInsect"},{"floor":9,"key":"Vajra"},{"floor":12,"key":"Mercury Hourglass"},{"floor":23,"key":"Blood Vial"}],"event_choices":[{"damage_healed":0,"gold_gain":0,"player_choice":"Grow","damage_taken":0,"max_hp_gain":0,"max_hp_loss":0,"event_name":"Living Wall","floor":3,"gold_loss":0,"cards_upgraded":["White Noise"]},{"damage_healed":0,"gold_gain":0,"player_choice":"Searched \u00271\u0027 times","damage_taken":0,"max_hp_gain":0,"max_hp_loss":0,"event_name":"Dead Adventurer","floor":12,"gold_loss":0},{"damage_healed":0,"gold_gain":175,"player_choice":"AGREE","damage_taken":0,"max_hp_gain":0,"max_hp_loss":0,"event_name":"Liars Game","floor":14,"gold_loss":0,"cards_obtained":["Doubt"]},{"damage_healed":0,"gold_gain":0,"player_choice":"Read","damage_taken":0,"max_hp_gain":0,"max_hp_loss":0,"event_name":"The Library","floor":21,"gold_loss":0,"cards_obtained":["White Noise"]}],"is_beta":false,"boss_relics":[{"not_picked":["Cursed Key","FrozenCore"],"picked":"Astrolabe"}],"items_purged_floors":[2,20],"is_endless":false,"potions_floor_spawned":[1,4,12,18,19,23],"killed_by":"Slavers","ascension_level":4}