{"gold_per_floor":[113,126,26,42,61,87,87,106,106,106,106,56,56,67,67,165,165,175,188,203,128,147,147,147,161,240,240],"floor_reached":27,"playtime":1165,"items_purged":["Defend_R"],"score":228,"play_id":"b90cdc63-b21c-47d8-a1ad-3f2435d56d2e","local_time":"20180709012104","is_ascension_mode":true,"campfire_choices":[{"data":"Heavy Blade","floor":7,"key":"SMITH"},{"data":"Inflame","floor":11,"key":"SMITH"},{"data":"Pummel","floor":13,"key":"SMITH"},{"data":"Rage","floor":15,"key":"SMITH"},{"data":"Demon Form","floor":23,"key":"SMITH"}],"neow_cost":"NONE","seed_source_timestamp":444060506499435,"circlet_count":0,"master_deck":["Strike_R","Strike_R","Defend_R","Defend_R","Defend_R","Bash","Inflame+1","Cleave","Heavy Blade+1","Pummel+1","Cleave","Rage+1","Demon Form+1","Shockwave+1","Spot Weakness","Heavy Blade+1","Inflame+1"],"relics":["Burning Blood","Oddly Smooth Stone","Potion Belt","Sozu","Toxic Egg 2"],"potions_floor_usage":[],"damage_taken":[{"damage":1,"enemies":"2 Louse","floor":1,"turns":3},{"damage":5,"enemies":"Small Slimes","floor":2,"turns":4},{"damage":0,"enemies":"Cultist","floor":4,"turns":2},{"damage":19,"enemies":"Blue Slaver","floor":5,"turns":4},{"damage":14,"enemies":"Gremlin Nob","floor":6,"turns":3},{"damage":11,"enemies":"Exordium Wildlife","floor":8,"turns":3},{"damage":0,"enemies":"2 Fungi Beasts","floor":14,"turns":2},{"damage":32,"enemies":"The Guardian","floor":16,"turns":9},{"damage":4,"enemies":"Chosen","floor":18,"turns":3},{"damage":34,"enemies":"2 Thieves","floor":19,"turns":4},{"damage":26,"enemies":"Centurion and Healer","floor":20,"turns":6},{"damage":20,"enemies":"Chosen and Byrds","floor":22,"turns":4},{"damage":8,"enemies":"Snecko","floor":25,"turns":3},{"damage":22,"enemies":"Centurion and Healer","floor":27,"turns":2}],"seed_played":"-1259401584043108551","potions_obtained":[{"floor":4,"key":"Ancient Potion"},{"floor":5,"key":"BloodPotion"},{"floor":16,"key":"SpeedPotion"}],"is_trial":false,"path_per_floor":["M","M","$","M","M","E","R","M","T","?","R","?","R","M","R","B",null,"M","M","M","?","M","R","?","M","T"],"character_chosen":"IRONCLAD","items_purchased":["Heavy Blade"],"campfire_rested":0,"item_purchase_floors":[3],"current_hp_per_floor":[80,80,80,80,67,59,59,54,54,54,54,54,54,60,60,34,80,80,52,32,32,18,18,18,16,16,0],"gold":240,"neow_bonus":"REMOVE_CARD","is_prod":false,"is_daily":false,"chose_seed":false,"campfire_upgraded":5,"win_rate":0,"timestamp":1531092064,"path_taken":["M","M","$","M","M","E","R","M","T","?","R","?","R","M","R","BOSS","M","M","M","?","M","R","?","M","T","M"],"build_version":"2018-07-05","purchased_purges":1,"victory":false,"max_hp_per_floor":[80,80,80,80,80,80,80,80,80,80,80,80,80,80,80,80,80,80,80,80,80,80,80,80,80,80,80],"card_choices":[{"not_picked":["Twin Strike","Sever Soul"],"picked":"Inflame","floor":1},{"not_picked":["Iron Wave","Entrench"],"picked":"Cleave","floor":2},{"not_picked":["Twin Strike","Anger"],"picked":"Pummel","floor":4},{"not_picked":["Warcry","Sword Boomerang"],"picked":"Cleave","floor":5},{"not_picked":["Flame Barrier","Intimidate"],"picked":"Rage","floor":6},{"not_picked":["True Grit","Blood for Blood","Berserk"],"picked":"SKIP","floor":8},{"not_picked":["Twin Strike","Pommel Strike","Bloodletting"],"picked":"SKIP","floor":14},{"not_picked":["Reaper","Immolate"],"picked":"Demon Form","floor":16},{"not_picked":["Rupture","Wild Strike","Uppercut"],"picked":"SKIP","floor":18},{"not_picked":["Headbutt","Body Slam+1"],"picked":"Shockwave+1","floor":19},{"not_picked":["Anger","Evolve"],"picked":"Spot Weakness","floor":20},{"not_picked":["Clothesline","Shockwave"],"picked":"Heavy Blade+1","floor":22},{"not_picked":["Shrug It Off","Anger"],"picked":"Inflame+1","floor":25}],"player_experience":167424,"relics_obtained":[{"floor":6,"key":"Oddly Smooth Stone"},{"floor":9,"key":"Potion Belt"},{"floor":26,"key":"Toxic Egg 2"}],"event_choices":[{"event_name":"Liars Game","player_choice":"disagreed","floor":10,"damage_taken":0},{"event_name":"The Cleric","player_choice":"Card Removal","floor":12,"damage_taken":0},{"event_name":"Beggar","player_choice":"Gave Gold","floor":21,"damage_taken":0},{"event_name":"Ghosts","player_choice":"Ignored","floor":24,"damage_taken":0}],"boss_relics":[{"not_picked":["Tiny House","Snecko Eye"],"picked":"Sozu"}],"items_purged_floors":[3],"is_endless":false,"potions_floor_spawned":[4,5,16,19,22,25],"killed_by":"Centurion and Healer","ascension_level":1}