{"gold_per_floor":[117,117,67,67,67,67,96,96,146,159,8,8,8,25,25,122,122,134,134,49,65,65,65,90,90,145,157,191,191],"floor_reached":29,"playtime":1550,"items_purged":[],"score":308,"play_id":"4729bf68-f5c2-4b4f-baee-c6d6bd0089fc","local_time":"20180802021553","is_ascension_mode":true,"campfire_choices":[{"data":"Zap","floor":6,"key":"SMITH"},{"data":"Darkness","floor":12,"key":"SMITH"},{"data":"Genetic Algorithm","floor":15,"key":"SMITH"},{"data":"Defragment","floor":23,"key":"SMITH"},{"data":"Ghostly","floor":25,"key":"SMITH"}],"neow_cost":"CURSE","seed_source_timestamp":6086521201479,"circlet_count":0,"master_deck":["Strike_B","Strike_B","Strike_B","Strike_B","Defend_B","Defend_B","Defend_B","Defend_B","Zap+1","Dualcast","Gash","Genetic Algorithm+1","Darkness+1","Electrodynamics","White Noise","Meteor Strike","Turbo+1","Ghostly+1","Ghostly","Ghostly","Ghostly","Ghostly","Defragment+1","Glacier","White Noise+1","Gash"],"relics":["Cracked Core","Emotion Chip","Cables","Juzu Bracelet","Bag of Marbles","Anchor","StoneCalendar","Nuclear Battery","Mercury Hourglass","Orichalcum","Tiny Chest","Oddly Smooth Stone"],"potions_floor_usage":[7,29,29],"damage_taken":[{"damage":2,"enemies":"Small Slimes","floor":1,"turns":2},{"damage":4,"enemies":"3 Sentries","floor":7,"turns":5},{"damage":0,"enemies":"Cultist","floor":10,"turns":3},{"damage":0,"enemies":"2 Louse","floor":14,"turns":2},{"damage":30,"enemies":"The Guardian","floor":16,"turns":7},{"damage":18,"enemies":"Chosen","floor":18,"turns":5},{"damage":1,"enemies":"3 Byrds","floor":21,"turns":3},{"damage":10,"enemies":"Slavers","floor":24,"turns":3},{"damage":2,"enemies":"Centurion and Healer","floor":27,"turns":7},{"damage":22,"enemies":"Gremlin Leader","floor":28,"turns":7},{"damage":5,"enemies":"Sentry and Sphere","floor":29,"turns":2}],"seed_played":"-1028123375972908853","potions_obtained":[{"floor":1,"key":"Dexterity Potion"},{"floor":7,"key":"SteroidPotion"},{"floor":10,"key":"Strength Potion"},{"floor":28,"key":"LiquidBronze"}],"is_trial":false,"path_per_floor":["M","?","?","?","?","R","E","?","T","M","$","R","?","M","R","B",null,"M","?","?","M","?","R","E","R","T","M","E"],"character_chosen":"DEFECT","items_purchased":["Electrodynamics"],"campfire_rested":0,"item_purchase_floors":[11],"current_hp_per_floor":[73,73,73,78,60,60,56,56,56,56,56,56,56,56,56,26,80,62,40,40,39,39,39,29,29,29,27,5,0],"gold":191,"neow_bonus":"ONE_RARE_RELIC","is_prod":false,"is_daily":false,"chose_seed":false,"campfire_upgraded":5,"win_rate":0,"timestamp":1533168953,"path_taken":["M","?","?","?","?","R","E","?","T","M","?","R","?","M","R","BOSS","M","?","?","M","?","R","E","R","T","M","E","M"],"build_version":"2018-07-26","purchased_purges":0,"victory":false,"max_hp_per_floor":[75,75,75,80,80,80,80,80,80,80,80,80,80,80,80,80,80,80,40,40,40,40,40,40,40,40,40,40,40],"card_choices":[{"not_picked":["Turbo","Scrape"],"picked":"Gash","floor":1},{"not_picked":["Go for the Eyes","Tempest"],"picked":"Genetic Algorithm","floor":7},{"not_picked":["Chaos","Cold Snap"],"picked":"Darkness","floor":10},{"not_picked":["Steam Power","Glacier"],"picked":"White Noise","floor":14},{"not_picked":["Biased Cognition","Reboot"],"picked":"Meteor Strike","floor":16},{"not_picked":["Sweeping Beam","Cold Snap+1"],"picked":"Turbo+1","floor":18},{"not_picked":["Recycle","Rip and Tear"],"picked":"Defragment","floor":21},{"not_picked":["Leap+1","Compile Driver+1"],"picked":"Glacier","floor":24},{"not_picked":["Barrage+1","Melter+1"],"picked":"White Noise+1","floor":27},{"not_picked":["Heatsinks","Amplify"],"picked":"Gash","floor":28}],"player_experience":222199,"relics_obtained":[{"floor":7,"key":"Juzu Bracelet"},{"floor":9,"key":"Anchor"},{"floor":24,"key":"Orichalcum"},{"floor":26,"key":"Tiny Chest"},{"floor":28,"key":"Oddly Smooth Stone"}],"event_choices":[{"event_name":"Transmorgrifier","player_choice":"Transform","floor":2,"damage_taken":0},{"event_name":"The Cleric","player_choice":"Card Removal","floor":3,"damage_taken":0},{"event_name":"Big Fish","player_choice":"Donut","floor":4,"damage_taken":0},{"event_name":"Scrap Ooze","player_choice":"success","floor":5,"damage_taken":18},{"event_name":"Dead Adventurer","player_choice":"Searched \u00271\u0027 times","floor":8,"damage_taken":0},{"event_name":"WeMeetAgain","player_choice":"Potion","floor":13,"damage_taken":0},{"event_name":"Ghosts","player_choice":"Became a Ghost","floor":19,"damage_taken":0},{"event_name":"Addict","player_choice":"Obtained Relic","floor":20,"damage_taken":0},{"event_name":"Drug Dealer","player_choice":"Ignored","floor":22,"damage_taken":0}],"is_beta":false,"boss_relics":[{"not_picked":["Orrery","Sozu"],"picked":"Nuclear Battery"}],"items_purged_floors":[],"is_endless":false,"potions_floor_spawned":[1,7,10,28],"killed_by":"Sentry and Sphere","ascension_level":2}