{"gold_per_floor":[119,135,135,11,11,11,25,40,66,82,142,142,156,9,9,105,155,166,134,8,8,8,8,8,8],"floor_reached":25,"playtime":1322,"items_purged":["Strike_G","Strike_G"],"score":239,"play_id":"f3550a74-5bc4-47dc-b11f-6a3d863df226","local_time":"20190414020520","is_ascension_mode":true,"campfire_choices":[{"data":"Cloak And Dagger","floor":6,"key":"SMITH"},{"floor":12,"key":"REST"},{"floor":15,"key":"REST"},{"data":"Storm of Steel","floor":23,"key":"SMITH"}],"neow_cost":"PERCENT_DAMAGE","seed_source_timestamp":34338909212200,"circlet_count":0,"master_deck":["Defend_G","Defend_G","Defend_G","Defend_G","Defend_G","Strike_G","Survivor","Neutralize","Terror","Escape Plan","Cloak And Dagger+1","Deadly Poison","Poisoned Stab+1","Distraction","Deadly Poison","Distraction","Poisoned Stab","Storm of Steel+1","Outmaneuver","Accuracy","Acrobatics+1","Cloak And Dagger","Accuracy","Storm of Steel+1"],"relics":["Ring of the Snake","Orichalcum","Boot","Tiny House","Sundial"],"potions_floor_usage":[13,18,19,25,25,25],"damage_taken":[{"damage":0,"enemies":"Small Slimes","floor":1,"turns":4},{"damage":2,"enemies":"Jaw Worm","floor":2,"turns":6},{"damage":0,"enemies":"2 Louse","floor":7,"turns":3},{"damage":2,"enemies":"Blue Slaver","floor":8,"turns":3},{"damage":8,"enemies":"Looter","floor":10,"turns":3},{"damage":33,"enemies":"Lagavulin Event","floor":11,"turns":7},{"damage":3,"enemies":"2 Fungi Beasts","floor":13,"turns":3},{"damage":8,"enemies":"Hexaghost","floor":16,"turns":8},{"damage":20,"enemies":"Shell Parasite","floor":18,"turns":5},{"damage":22,"enemies":"2 Thieves","floor":19,"turns":5},{"damage":30,"enemies":"Slavers","floor":25,"turns":2}],"seed_played":"1816363695445018729","potions_obtained":[{"floor":8,"key":"Explosive Potion"},{"floor":13,"key":"GamblersBrew"},{"floor":16,"key":"PowerPotion"},{"floor":17,"key":"Block Potion"},{"floor":18,"key":"Dexterity Potion"},{"floor":19,"key":"EssenceOfSteel"}],"is_trial":false,"path_per_floor":["M","M","?","$","?","R","M","M","T","M","?","R","M","$","R","B",null,"M","M","$","?","?","R","?","E"],"character_chosen":"THE_SILENT","items_purchased":["Cloak And Dagger","Poisoned Stab","Cloak And Dagger","Accuracy"],"campfire_rested":2,"item_purchase_floors":[4,14,20,20],"current_hp_per_floor":[49,47,52,52,52,52,52,50,50,42,9,31,28,28,50,42,72,52,30,30,30,30,30,30,0],"gold":8,"neow_bonus":"REMOVE_TWO","is_prod":false,"is_daily":false,"chose_seed":false,"campfire_upgraded":2,"win_rate":0,"timestamp":1555200320,"path_taken":["M","M","?","$","?","R","M","M","T","M","?","R","M","?","R","BOSS","M","M","$","?","?","R","?","E"],"build_version":"2019-01-23","purchased_purges":2,"victory":false,"max_hp_per_floor":[70,70,75,75,75,75,75,75,75,75,75,75,75,75,75,75,80,80,80,80,80,80,80,80,80],"card_choices":[{"not_picked":["Dagger Throw","Bane"],"picked":"Terror","floor":1},{"not_picked":["Prepared","Backflip"],"picked":"Escape Plan","floor":2},{"not_picked":["Dagger Throw","Dagger Spray"],"picked":"Deadly Poison","floor":7},{"not_picked":["Wraith Form v2","Dagger Spray"],"picked":"Poisoned Stab","floor":8},{"not_picked":["Well Laid Plans","Flechettes"],"picked":"Distraction","floor":10},{"not_picked":["Sucker Punch","PiercingWail"],"picked":"Deadly Poison","floor":11},{"not_picked":["Terror","Glass Knife"],"picked":"Distraction","floor":13},{"not_picked":["Doppelganger","Phantasmal Killer"],"picked":"Storm of Steel","floor":16},{"not_picked":["Predator","Dagger Throw"],"picked":"Outmaneuver","floor":17},{"not_picked":["Underhanded Strike","Choke"],"picked":"Accuracy","floor":18},{"not_picked":["Poisoned Stab","Reflex"],"picked":"Acrobatics+1","floor":19}],"player_experience":500080,"relics_obtained":[{"floor":9,"key":"Orichalcum"},{"floor":11,"key":"Boot"}],"event_choices":[{"damage_healed":0,"gold_gain":0,"player_choice":"Donut","damage_taken":0,"max_hp_gain":5,"max_hp_loss":0,"event_name":"Big Fish","floor":3,"gold_loss":0},{"damage_healed":0,"gold_gain":0,"player_choice":"Leave","damage_taken":0,"max_hp_gain":0,"max_hp_loss":0,"event_name":"The Cleric","floor":5,"gold_loss":0},{"damage_healed":0,"gold_gain":30,"player_choice":"Searched \u00272\u0027 times","damage_taken":0,"max_hp_gain":0,"max_hp_loss":0,"event_name":"Dead Adventurer","floor":11,"gold_loss":0},{"damage_healed":0,"gold_gain":0,"player_choice":"Ignored","damage_taken":0,"max_hp_gain":0,"max_hp_loss":0,"event_name":"Vampires","floor":21,"gold_loss":0},{"damage_healed":0,"gold_gain":0,"player_choice":"Opened","damage_taken":0,"relics_obtained":["Sundial"],"max_hp_gain":0,"max_hp_loss":0,"event_name":"The Mausoleum","floor":22,"gold_loss":0},{"damage_healed":0,"gold_gain":0,"player_choice":"Copied","damage_taken":0,"max_hp_gain":0,"max_hp_loss":0,"event_name":"Duplicator","floor":24,"gold_loss":0,"cards_obtained":["Storm of Steel"]}],"is_beta":false,"boss_relics":[{"not_picked":["Busted Crown","Coffee Dripper"],"picked":"Tiny House"}],"items_purged_floors":[4,14],"is_endless":false,"potions_floor_spawned":[8,13,16,18,19],"killed_by":"Slavers","ascension_level":5}