{"gold_per_floor":[115,14,14,14,26,26,59,8,8,8,37,57,89,105,105,201,201,216,231,231,84,99,124,124,143,195,227,247,281,9,9,9,9],"floor_reached":33,"playtime":3372,"items_purged":["Defend_B","Defend_B","Strike_B"],"score":390,"play_id":"da2c06a0-c574-4171-8387-5874caba4c58","local_time":"20180712022008","is_ascension_mode":true,"campfire_choices":[{"data":"Gash","floor":6,"key":"SMITH"},{"data":"Zap","floor":15,"key":"SMITH"},{"data":"Undo","floor":24,"key":"SMITH"},{"floor":32,"key":"REST"}],"neow_cost":"CURSE","seed_source_timestamp":7198408940403,"circlet_count":0,"master_deck":["Zap+1","Dualcast","Clumsy","Undo+1","Gash+1","Beam Cell","Hologram+1","Undo","Ball Lightning+1","Go for the Eyes+1","Rebound+1","Hologram+1","Darkness+1","Rebound+1","Echo Form","Cold Snap+1","Glacier+1","Double Energy+1","Gash+1","Hologram+1","Conserve Battery+1","Gash+1","Self Repair+1","Coolheaded+1","Steam Power+1","Gash+1","Capacitor+1","Scrape+1","Fusion+1"],"relics":["Cracked Core","Regal Pillow","Molten Egg 2","Strawberry","Toxic Egg 2","Pen Nib","Astrolabe","Prayer Wheel","Boot","Kunai","Bottled Flame","Nilry\u0027s Codex"],"potions_floor_usage":[7,13,16,23,23,33,33],"damage_taken":[{"damage":0,"enemies":"Cultist","floor":1,"turns":4},{"damage":0,"enemies":"Small Slimes","floor":5,"turns":3},{"damage":7,"enemies":"Gremlin Nob","floor":7,"turns":4},{"damage":8,"enemies":"Lagavulin","floor":11,"turns":6},{"damage":0,"enemies":"Jaw Worm","floor":12,"turns":2},{"damage":12,"enemies":"Gremlin Nob","floor":13,"turns":3},{"damage":0,"enemies":"3 Louse","floor":14,"turns":2},{"damage":16,"enemies":"Hexaghost","floor":16,"turns":8},{"damage":5,"enemies":"Spheric Guardian","floor":18,"turns":3},{"damage":1,"enemies":"Shell Parasite","floor":19,"turns":4},{"damage":0,"enemies":"Centurion and Healer","floor":22,"turns":6},{"damage":6,"enemies":"Slavers","floor":23,"turns":5},{"damage":0,"enemies":"3 Cultists","floor":25,"turns":5},{"damage":0,"enemies":"Book of Stabbing","floor":27,"turns":7},{"damage":11,"enemies":"Slaver and Parasite","floor":28,"turns":5},{"damage":69,"enemies":"Gremlin Leader","floor":29,"turns":6},{"damage":44,"enemies":"Automaton","floor":33,"turns":6}],"seed_played":"8987857419628628763","potions_obtained":[{"floor":1,"key":"LiquidBronze"},{"floor":4,"key":"Dexterity Potion"},{"floor":4,"key":"Explosive Potion"},{"floor":12,"key":"FocusPotion"},{"floor":13,"key":"Swift Potion"},{"floor":16,"key":"Dexterity Potion"},{"floor":18,"key":"GamblersBrew"},{"floor":25,"key":"FocusPotion"},{"floor":27,"key":"GamblersBrew"}],"is_trial":false,"path_per_floor":["M","$","?","?","M","R","E","$","T","$","E","M","E","M","R","B",null,"M","M","?","$","M","E","R","M","T","E","M","E","$","?","R"],"character_chosen":"DEFECT","items_purchased":["Hologram","Go for the Eyes+1","Conserve Battery+1","Scrape+1","Fusion+1"],"campfire_rested":1,"item_purchase_floors":[2,8,21,30,30],"current_hp_per_floor":[75,75,72,72,72,72,65,65,72,72,64,64,52,52,52,36,82,77,76,76,76,76,70,70,70,70,80,79,20,20,4,43,0],"gold":9,"neow_bonus":"TRANSFORM_TWO_CARDS","is_prod":false,"is_daily":false,"chose_seed":false,"campfire_upgraded":3,"win_rate":0,"timestamp":1531354808,"path_taken":["M","?","?","?","?","R","E","$","T","$","E","M","E","M","R","BOSS","M","M","?","$","M","E","R","M","T","E","M","E","$","?","R","BOSS"],"build_version":"2018-07-05","purchased_purges":3,"victory":false,"max_hp_per_floor":[75,75,75,75,75,75,75,75,82,82,82,82,82,82,82,82,82,82,82,82,82,82,82,82,82,82,82,82,82,82,82,82,82],"card_choices":[{"not_picked":["Cold Snap","Stack"],"picked":"Beam Cell","floor":1},{"not_picked":["Coolheaded","Skim"],"picked":"Undo","floor":5},{"not_picked":["Redo","Fission"],"picked":"Ball Lightning","floor":7},{"not_picked":["Reinforced Body","Doom and Gloom+1"],"picked":"Rebound+1","floor":11},{"not_picked":["Rip and Tear+1","Sweeping Beam+1"],"picked":"Hologram+1","floor":12},{"not_picked":["Coolheaded+1","Barrage+1"],"picked":"Darkness+1","floor":13},{"not_picked":["Rip and Tear+1","Steam Power+1"],"picked":"Rebound+1","floor":14},{"not_picked":["Machine Learning","Hyperbeam+1"],"picked":"Echo Form","floor":16},{"not_picked":["Conserve Battery+1","Turbo+1"],"picked":"Gash+1","floor":18},{"not_picked":["Aggregate+1","Stack+1"],"picked":"Hologram+1","floor":19},{"not_picked":["Steam+1","Beam Cell+1"],"picked":"Gash+1","floor":22},{"not_picked":["Creative AI","Go for the Eyes+1","Consume+1"],"picked":"SKIP","floor":23},{"not_picked":["Skim+1","Sweeping Beam+1"],"picked":"Self Repair+1","floor":25},{"not_picked":["Glacier+1","Beam Cell+1"],"picked":"Coolheaded+1","floor":25},{"not_picked":["Force Field+1","Streamline+1"],"picked":"Steam Power+1","floor":27},{"not_picked":["Buffer","Melter+1"],"picked":"Gash+1","floor":28},{"not_picked":["Ball Lightning+1","Stack+1","Conserve Battery+1"],"picked":"SKIP","floor":28},{"not_picked":["Doom and Gloom+1","Creative AI"],"picked":"Capacitor+1","floor":29}],"player_experience":171090,"relics_obtained":[{"floor":7,"key":"Molten Egg 2"},{"floor":9,"key":"Strawberry"},{"floor":11,"key":"Toxic Egg 2"},{"floor":13,"key":"Pen Nib"},{"floor":23,"key":"Prayer Wheel"},{"floor":26,"key":"Boot"},{"floor":27,"key":"Kunai"},{"floor":29,"key":"Bottled Flame"},{"floor":31,"key":"Nilry\u0027s Codex"}],"event_choices":[{"event_name":"Scrap Ooze","player_choice":"success","floor":3,"damage_taken":3},{"event_name":"The Lab","player_choice":"Got Potions","floor":4,"damage_taken":0},{"event_name":"Upgrade Shrine","player_choice":"Upgraded","floor":20,"damage_taken":0},{"event_name":"Cursed Tome","player_choice":"Obtained Book","floor":31,"damage_taken":0}],"boss_relics":[{"not_picked":["Busted Crown","White Beast Statue"],"picked":"Astrolabe"}],"items_purged_floors":[2,21,30],"is_endless":false,"potions_floor_spawned":[1,12,13,16,18,25,27],"killed_by":"Automaton","ascension_level":1}