{"gold_per_floor":[13,25,40,40,52,52,65,97,97,113,128,16,16,28,28,124,124,135,234,246,246,246,246,265,279,279,296,309,309,322,322,322,322],"floor_reached":33,"playtime":2601,"items_purged":["Strike_G"],"score":347,"play_id":"2f487c81-baba-42eb-b370-082e87e8b7ad","local_time":"20181208232534","is_ascension_mode":true,"campfire_choices":[{"data":"Noxious Fumes","floor":6,"key":"SMITH"},{"data":"Catalyst","floor":13,"key":"SMITH"},{"data":"Infinite Blades","floor":15,"key":"SMITH"},{"floor":23,"key":"REST"},{"floor":29,"key":"REST"},{"data":"Burst","floor":32,"key":"SMITH"}],"neow_cost":"NO_GOLD","seed_source_timestamp":28384576118239,"circlet_count":0,"master_deck":["Defend_G","Defend_G","Defend_G","Defend_G","Defend_G","Strike_G","Strike_G","Strike_G","Survivor","Neutralize","Noxious Fumes+1","Catalyst+1","Deadly Poison","Blade Dance","Blade Dance","Blade Dance","Bouncing Flask","Infinite Blades+1","Calculated Gamble","Burst+1","Deadly Poison+1","Eviscerate+1","Distraction+1","Deflect+1","Crippling Poison","Cloak And Dagger","Poisoned Stab+1","Writhe"],"relics":["Ring of the Serpent","Torii","The Specimen","Meat on the Bone","Calipers"],"potions_floor_usage":[3,8,14,16,16,16,16,27,28,28,28,33,33],"damage_taken":[{"damage":1,"enemies":"Jaw Worm","floor":1,"turns":4},{"damage":3,"enemies":"Cultist","floor":2,"turns":4},{"damage":4,"enemies":"Small Slimes","floor":3,"turns":4},{"damage":5,"enemies":"Blue Slaver","floor":5,"turns":4},{"damage":4,"enemies":"Large Slime","floor":7,"turns":4},{"damage":10,"enemies":"Lagavulin","floor":8,"turns":6},{"damage":1,"enemies":"Exordium Wildlife","floor":10,"turns":4},{"damage":0,"enemies":"2 Fungi Beasts","floor":11,"turns":3},{"damage":7,"enemies":"Large Slime","floor":14,"turns":5},{"damage":25,"enemies":"Slime Boss","floor":16,"turns":9},{"damage":44,"enemies":"2 Thieves","floor":18,"turns":4},{"damage":20,"enemies":"Spheric Guardian","floor":20,"turns":4},{"damage":28,"enemies":"Cultist and Chosen","floor":24,"turns":5},{"damage":2,"enemies":"Chosen and Byrds","floor":25,"turns":5},{"damage":24,"enemies":"Snake Plant","floor":27,"turns":3},{"damage":1,"enemies":"Centurion and Healer","floor":28,"turns":4},{"damage":23,"enemies":"Sentry and Sphere","floor":30,"turns":5},{"damage":44,"enemies":"Automaton","floor":33,"turns":6}],"seed_played":"-7505465937883539303","potions_obtained":[{"floor":1,"key":"EssenceOfSteel"},{"floor":2,"key":"Poison Potion"},{"floor":7,"key":"SpeedPotion"},{"floor":14,"key":"EntropicBrew"},{"floor":18,"key":"AttackPotion"},{"floor":25,"key":"EntropicBrew"},{"floor":30,"key":"GamblersBrew"}],"is_trial":false,"path_per_floor":["M","M","M","?","M","R","M","E","T","M","M","$","R","M","R","B",null,"M","?","M","?","?","R","M","M","T","M","M","R","M","?","R","B"],"character_chosen":"THE_SILENT","items_purchased":["Infinite Blades"],"campfire_rested":2,"item_purchase_floors":[12],"current_hp_per_floor":[83,80,76,76,71,71,67,57,57,56,56,56,56,49,49,24,84,40,40,20,48,32,58,30,28,28,16,27,53,42,42,42,0],"gold":322,"neow_bonus":"TWENTY_PERCENT_HP_BONUS","is_prod":false,"is_daily":false,"chose_seed":false,"campfire_upgraded":4,"win_rate":0,"timestamp":1544307934,"path_taken":["M","M","M","?","?","R","M","E","T","M","M","?","R","M","R","BOSS","M","?","M","?","?","R","M","M","T","?","M","R","M","?","R","BOSS"],"build_version":"2018-12-06","purchased_purges":1,"victory":false,"max_hp_per_floor":[84,84,84,84,84,84,84,84,84,84,84,84,84,84,84,84,84,84,84,84,84,89,89,89,89,89,89,89,89,89,89,89,89],"card_choices":[{"not_picked":["Escape Plan","Sucker Punch"],"picked":"Noxious Fumes","floor":1},{"not_picked":["Outmaneuver","Blade Dance"],"picked":"Catalyst","floor":2},{"not_picked":["Reflex","Poisoned Stab"],"picked":"Deadly Poison","floor":3},{"not_picked":["Dagger Spray","Calculated Gamble"],"picked":"Blade Dance","floor":5},{"not_picked":["Bane","Finisher"],"picked":"Blade Dance","floor":7},{"not_picked":["Endless Agony","Calculated Gamble"],"picked":"Blade Dance","floor":8},{"not_picked":["Tactician","Deflect","Reflex"],"picked":"SKIP","floor":10},{"not_picked":["Reflex","Sucker Punch"],"picked":"Bouncing Flask","floor":11},{"not_picked":["Backflip","Underhanded Strike"],"picked":"Calculated Gamble","floor":14},{"not_picked":["Glass Knife","Malaise"],"picked":"Burst","floor":16},{"not_picked":["Finisher","Slice"],"picked":"Deadly Poison+1","floor":18},{"not_picked":["Caltrops","Dagger Throw"],"picked":"Eviscerate+1","floor":20},{"not_picked":["Dagger Spray","Deadly Poison"],"picked":"Distraction+1","floor":24},{"not_picked":["Deadly Poison","Dodge and Roll"],"picked":"Deflect+1","floor":25},{"not_picked":["Dagger Spray+1","Heel Hook"],"picked":"Crippling Poison","floor":27},{"not_picked":["Footwork","Blade Dance"],"picked":"Cloak And Dagger","floor":28},{"not_picked":["Blade Dance","Reflex+1"],"picked":"Poisoned Stab+1","floor":30}],"player_experience":413756,"relics_obtained":[{"floor":8,"key":"Torii"},{"floor":9,"key":"The Specimen"},{"floor":26,"key":"Meat on the Bone"}],"event_choices":[{"cards_removed":["Strike_G"],"damage_healed":0,"gold_gain":0,"player_choice":"Card Removal","damage_taken":0,"max_hp_gain":0,"max_hp_loss":0,"event_name":"Wheel of Change","floor":4,"gold_loss":0},{"damage_healed":0,"gold_gain":99,"player_choice":"Stole From Cult","damage_taken":0,"max_hp_gain":0,"max_hp_loss":0,"event_name":"Nest","floor":19,"gold_loss":0},{"damage_healed":28,"gold_gain":0,"player_choice":"Heal","damage_taken":0,"max_hp_gain":0,"max_hp_loss":0,"event_name":"The Library","floor":21,"gold_loss":0},{"damage_healed":0,"gold_gain":0,"player_choice":"Shed Blood","damage_taken":21,"max_hp_gain":5,"max_hp_loss":0,"event_name":"Forgotten Altar","floor":22,"gold_loss":0},{"damage_healed":0,"gold_gain":0,"player_choice":"Opened","damage_taken":0,"relics_obtained":["Calipers"],"max_hp_gain":0,"max_hp_loss":0,"event_name":"The Mausoleum","floor":31,"gold_loss":0,"cards_obtained":["Writhe"]}],"is_beta":false,"boss_relics":[{"not_picked":["Fusion Hammer","Eternal Feather"],"picked":"Ring of the Serpent"}],"items_purged_floors":[12],"is_endless":false,"potions_floor_spawned":[1,2,7,14,18,25,30],"killed_by":"Automaton","ascension_level":3}