{"path_per_floor":["M","M","M","?","M","E","R","M","T","R","M","?","M","M","R","B",null,"M","?","?","M","?","R","E","R","T","R","M","R","$","M","R","B",null,"M","?","$","?","M","R","M","R","T","M","$","M","R","M","R"],"character_chosen":"THE_SILENT","items_purchased":["Blind","Juzu Bracelet","Noxious Fumes","Bag of Preparation","Blur"],"gold_per_floor":[114,126,144,144,158,199,199,214,214,214,230,230,253,278,278,404,404,424,424,339,352,352,352,388,388,388,388,406,406,17,33,33,153,153,166,266,18,18,34,34,50,50,135,160,119,142,142,162,162,162],"floor_reached":50,"campfire_rested":4,"playtime":5557,"current_hp_per_floor":[70,70,70,53,44,24,24,23,23,23,21,21,21,20,41,33,70,50,50,64,49,49,49,21,21,21,21,10,27,27,11,28,17,58,48,48,48,48,52,52,58,58,58,19,19,25,25,21,38,0],"items_purged":["Defend_G","Finisher"],"gold":162,"score":491,"play_id":"40eaddd7-6286-45bc-a7e1-bfd241f763de","local_time":"20180506013233","is_prod":false,"is_daily":false,"chose_seed":false,"is_ascension_mode":false,"campfire_upgraded":8,"timestamp":1525563153,"path_taken":["M","M","M","?","?","E","R","M","T","R","M","?","?","M","R","BOSS","M","?","?","?","?","R","E","R","T","R","M","R","?","M","R","BOSS","M","?","$","?","M","R","M","R","T","M","$","M","R","M","R","BOSS"],"build_version":"2018-05-03","seed_source_timestamp":0,"purchased_purges":2,"victory":false,"master_deck":["Survivor+1","Neutralize+1","Backflip","Outmaneuver","All Out Attack","Noxious Fumes+1","Quick Slash","Footwork+1","Bouncing Flask+1","Poisoned Stab","Outmaneuver","Adrenaline+1","Blur+1","Quick Slash","Bite","Bite","Bite","Bite","Poisoned Stab+1","Blade Dance+1","Blind+1","Noxious Fumes+1","Cloak And Dagger+1","Night Terror+1","Blur+1","Acrobatics+1","Deflect+1","Dodge and Roll+1","Footwork+1","Poisoned Stab+1","Blur+1","Bane+1","Acrobatics+1"],"max_hp_per_floor":[70,70,70,70,70,70,70,70,70,70,70,70,70,70,70,70,70,70,70,84,84,58,58,58,58,58,58,58,58,58,58,58,58,58,58,58,58,58,58,58,58,58,58,58,58,58,58,58,58,58],"relics":["Ring of the Snake","Golden Idol","Bottled Lightning","Bottled Tornado","Sozu","Mango","Tough Bandages","Toxic Egg 2","Juzu Bracelet","Pandora\u0027s Box","Bag of Preparation","Tiny Chest"],"card_choices":[{"not_picked":["Slice","Finisher"],"picked":"Backflip","floor":1.0},{"not_picked":["Dash","Caltrops"],"picked":"Outmaneuver","floor":2.0},{"not_picked":["Reflex","Catalyst"],"picked":"All Out Attack","floor":3.0},{"not_picked":["Deflect","Dash"],"picked":"Noxious Fumes","floor":5.0},{"not_picked":["Reflex","Prepared"],"picked":"Quick Slash","floor":6.0},{"not_picked":["Backflip","PiercingWail"],"picked":"Footwork","floor":8.0},{"not_picked":["Catalyst","Heel Hook"],"picked":"Bouncing Flask","floor":11.0},{"not_picked":["Dodge and Roll","Dagger Spray"],"picked":"Poisoned Stab","floor":13.0},{"not_picked":["Choke","Corpse Explosion"],"picked":"Outmaneuver","floor":14.0},{"not_picked":["Night Terror","Bullet Time"],"picked":"Adrenaline","floor":16.0},{"not_picked":["Dagger Throw","Flechettes"],"picked":"Blur","floor":18.0},{"not_picked":["Leg Sweep","Terror"],"picked":"Quick Slash","floor":21.0},{"not_picked":["Prepared","Cloak And Dagger"],"picked":"Poisoned Stab","floor":24},{"not_picked":["Endless Agony","Heel Hook"],"picked":"Blade Dance","floor":28},{"not_picked":["Leg Sweep","Distraction"],"picked":"Cloak And Dagger","floor":31},{"not_picked":["Tactician","Unload"],"picked":"Night Terror","floor":33},{"not_picked":["Poisoned Stab","Accuracy"],"picked":"Dodge and Roll","floor":35},{"not_picked":["Dagger Throw","Bane"],"picked":"Footwork","floor":39},{"not_picked":["Cloak And Dagger","Underhanded Strike"],"picked":"Poisoned Stab","floor":41},{"not_picked":["Sucker Punch","A Thousand Cuts"],"picked":"Bane","floor":46},{"not_picked":["Sucker Punch","Dagger Throw"],"picked":"Acrobatics","floor":48}],"player_experience":140119,"potions_floor_usage":[],"damage_taken":[{"damage":0.0,"enemies":"Small Slimes","floor":1.0,"turns":3.0},{"damage":0.0,"enemies":"2 Louse","floor":2.0,"turns":4.0},{"damage":0.0,"enemies":"Jaw Worm","floor":3.0,"turns":5.0},{"damage":9.0,"enemies":"Gremlin Gang","floor":5.0,"turns":4.0},{"damage":20.0,"enemies":"Gremlin Nob","floor":6.0,"turns":6.0},{"damage":1.0,"enemies":"Blue Slaver","floor":8.0,"turns":4.0},{"damage":2.0,"enemies":"Looter","floor":11.0,"turns":4.0},{"damage":0.0,"enemies":"Gremlin Gang","floor":13.0,"turns":5.0},{"damage":1.0,"enemies":"2 Fungi Beasts","floor":14.0,"turns":3.0},{"damage":8.0,"enemies":"The Guardian","floor":16.0,"turns":9.0},{"damage":20.0,"enemies":"2 Thieves","floor":18.0,"turns":4.0},{"damage":15.0,"enemies":"3 Byrds","floor":21.0,"turns":4.0},{"damage":38,"enemies":"Slavers","floor":24,"turns":5},{"damage":19,"enemies":"Snake Plant","floor":28,"turns":4},{"damage":20,"enemies":"Sentry and Sphere","floor":31,"turns":4},{"damage":27,"enemies":"Collector","floor":33,"turns":8},{"damage":10,"enemies":"Orb Walker","floor":35,"turns":4},{"damage":0,"enemies":"3 Darklings","floor":39,"turns":5},{"damage":5,"enemies":"Maw","floor":41,"turns":8},{"damage":43,"enemies":"4 Shapes","floor":44,"turns":5},{"damage":0,"enemies":"3 Darklings","floor":46,"turns":5},{"damage":16,"enemies":"Sphere and 2 Shapes","floor":48,"turns":5},{"damage":54,"enemies":"Time Eater","floor":50,"turns":12}],"event_choices":[{"event_name":"Golden Idol","player_choice":"Take Damage","floor":4.0,"damage_taken":0.0},{"event_name":"Liars Game","player_choice":"disagreed","floor":12.0,"damage_taken":0.0},{"event_name":"Purifier","player_choice":"One Purge","floor":19.0,"damage_taken":0.0},{"event_name":"Addict","player_choice":"Obtained Relic","floor":20.0,"damage_taken":0.0},{"event_name":"Vampires","player_choice":"Became a vampire","floor":22.0,"damage_taken":0.0},{"event_name":"Golden Shrine","player_choice":"Pray","floor":36,"damage_taken":0}],"boss_relics":[{"not_picked":["Orrery","Snecko Eye"],"picked":"Pandora\u0027s Box"}],"potions_floor_spawned":[3,5,13,14,16,21,28,31,33,35,44,46],"seed_played":"-248078550084922408","killed_by":"Time Eater","ascension_level":0,"is_trial":false}