{"gold_per_floor":[109,190,209,384,36,62,62,79,79,99,99],"floor_reached":11,"playtime":392,"items_purged":["Strike_B"],"score":84,"play_id":"290d15f4-8ab5-44f3-ab91-624caa140b1f","local_time":"20181012032024","is_ascension_mode":true,"campfire_choices":[{"data":"Rainbow","floor":7,"key":"SMITH"}],"neow_cost":"","seed_source_timestamp":28946635498170,"circlet_count":0,"master_deck":["Strike_B","Strike_B","Strike_B","Defend_B","Defend_B","Defend_B","Defend_B","Zap","Dualcast","Beam Cell","Doubt","Rainbow+1","All For One","Gash","Auto Shields","Doom and Gloom"],"relics":["Cracked Core","Question Card","Bronze Scales","Dodecahedron"],"potions_floor_usage":[],"damage_taken":[{"damage":1,"enemies":"Cultist","floor":1,"turns":3},{"damage":7,"enemies":"Jaw Worm","floor":3,"turns":3},{"damage":31,"enemies":"Lagavulin","floor":6,"turns":6},{"damage":13,"enemies":"Small Slimes","floor":8,"turns":2},{"damage":10,"enemies":"Exordium Thugs","floor":10,"turns":3},{"damage":20,"enemies":"Gremlin Nob","floor":11,"turns":3}],"seed_played":"7912102729341327247","potions_obtained":[{"floor":10,"key":"Ancient Potion"}],"is_trial":false,"path_per_floor":["M","T","M","?","$","E","R","M","T","M"],"character_chosen":"DEFECT","items_purchased":["Rainbow","All For One","Gash"],"campfire_rested":0,"item_purchase_floors":[5,5,5],"current_hp_per_floor":[74,74,67,67,67,36,36,23,23,13,0],"gold":99,"neow_bonus":"","is_prod":false,"is_daily":false,"chose_seed":false,"campfire_upgraded":1,"win_rate":0,"timestamp":1539307224,"path_taken":["M","?","M","?","$","E","R","M","T","?","E"],"build_version":"2018-10-11","purchased_purges":1,"victory":false,"max_hp_per_floor":[75,75,75,75,75,75,75,75,75,75,75],"card_choices":[{"not_picked":["Cold Snap","Consume"],"picked":"Beam Cell","floor":1},{"not_picked":["Turbo","Compile Driver","Coolheaded","Ball Lightning"],"picked":"SKIP","floor":3},{"not_picked":["Ball Lightning","Turbo","Hyperbeam"],"picked":"Auto Shields","floor":6},{"not_picked":["Rebound","Beam Cell","White Noise"],"picked":"Doom and Gloom","floor":8},{"not_picked":["Heatsinks","Hologram","Coolheaded","Compile Driver"],"picked":"SKIP","floor":10}],"player_experience":335529,"relics_obtained":[{"floor":2,"key":"Question Card"},{"floor":6,"key":"Bronze Scales"},{"floor":9,"key":"Dodecahedron"}],"event_choices":[{"event_name":"Liars Game","player_choice":"agreed","floor":4,"damage_taken":0}],"is_beta":false,"boss_relics":[],"items_purged_floors":[5],"is_endless":false,"potions_floor_spawned":[10],"killed_by":"Gremlin Nob","ascension_level":3}