{"gold_per_floor":[212,101,116,116,291,316,316,375,675,675,686,203,223,248,248,248],"floor_reached":16,"playtime":1031,"items_purged":["Strike_G","Defend_G"],"score":124,"play_id":"343b1308-1d34-4dc0-b6ab-c8a378c3173b","local_time":"20180723005326","is_ascension_mode":true,"campfire_choices":[{"data":"Finisher","floor":7,"key":"SMITH"},{"floor":10,"key":"REST"},{"data":"Blade Dance","floor":15,"key":"SMITH"}],"neow_cost":"NONE","seed_source_timestamp":100231296541499,"circlet_count":0,"master_deck":["Defend_G","Defend_G","Defend_G","Defend_G","Strike_G","Strike_G","Strike_G","Survivor","Neutralize","Finisher+1","Infinite Blades","Deadly Poison","Doubt","Flying Knee","Flying Knee","Noxious Fumes","Blade Dance+1"],"relics":["Ring of the Snake","Tough Bandages","Tiny Chest","Old Coin","Ice Cream","Boot"],"potions_floor_usage":[6,16,16],"damage_taken":[{"damage":8,"enemies":"Jaw Worm","floor":1,"turns":6},{"damage":2,"enemies":"Small Slimes","floor":3,"turns":3},{"damage":17,"enemies":"Lagavulin","floor":6,"turns":7},{"damage":9,"enemies":"Gremlin Nob","floor":8,"turns":4},{"damage":1,"enemies":"Cultist","floor":11,"turns":3},{"damage":7,"enemies":"Blue Slaver","floor":13,"turns":3},{"damage":6,"enemies":"3 Sentries","floor":14,"turns":7},{"damage":36,"enemies":"The Guardian","floor":16,"turns":6}],"seed_played":"7865069690722699089","potions_obtained":[{"floor":1,"key":"GhostInAJar"},{"floor":6,"key":"Dexterity Potion"},{"floor":14,"key":"FearPotion"}],"is_trial":false,"path_per_floor":["M","$","M","?","?","E","R","E","T","R","M","$","M","E","R"],"character_chosen":"THE_SILENT","items_purchased":["Infinite Blades","Ice Cream","Noxious Fumes"],"campfire_rested":1,"item_purchase_floors":[2,12,12],"current_hp_per_floor":[62,62,60,53,53,36,36,27,27,48,47,47,40,34,34,0],"gold":248,"neow_bonus":"HUNDRED_GOLD","is_prod":false,"is_daily":false,"chose_seed":false,"campfire_upgraded":2,"win_rate":0,"timestamp":1532300006,"path_taken":["M","$","M","?","?","E","R","E","T","R","M","$","M","E","R","BOSS"],"build_version":"2018-07-19v2","purchased_purges":2,"victory":false,"max_hp_per_floor":[70,70,70,70,70,70,70,70,70,70,70,70,70,70,70,70],"card_choices":[{"not_picked":["Well Laid Plans","Quick Slash"],"picked":"Finisher","floor":1},{"not_picked":["PiercingWail","Caltrops"],"picked":"Deadly Poison","floor":3},{"not_picked":["Acrobatics","Quick Slash"],"picked":"Flying Knee","floor":6},{"not_picked":["Choke","Quick Slash","Endless Agony"],"picked":"SKIP","floor":8},{"not_picked":["Deadly Poison","Backflip"],"picked":"Flying Knee","floor":11},{"not_picked":["Backflip","Terror"],"picked":"Blade Dance","floor":13},{"not_picked":["Dodge and Roll","Concentrate","Night Terror"],"picked":"SKIP","floor":14}],"player_experience":202015,"relics_obtained":[{"floor":6,"key":"Tough Bandages"},{"floor":8,"key":"Tiny Chest"},{"floor":9,"key":"Old Coin"},{"floor":14,"key":"Boot"}],"event_choices":[{"event_name":"Golden Wing","player_choice":"Card Removal","floor":4,"damage_taken":0},{"event_name":"Liars Game","player_choice":"agreed","floor":5,"damage_taken":0}],"is_beta":false,"boss_relics":[],"items_purged_floors":[2,12],"is_endless":false,"potions_floor_spawned":[1,6,14],"killed_by":"The Guardian","ascension_level":1}