{"gold_per_floor":[114,132,82,82,382,417,431,431,431,449,467,485,88,88,88,189,189,208,221,136,46,59,59,33,68,68,68,68,168,168,179,179,179],"floor_reached":33,"playtime":2710,"items_purged":["Strike_B"],"score":343,"play_id":"77646efc-c181-43d8-921c-adb94efd6f40","local_time":"20190408234638","is_ascension_mode":true,"campfire_choices":[{"data":"Scrape","floor":8,"key":"SMITH"},{"data":"Zap","floor":15,"key":"SMITH"},{"data":"Go for the Eyes","floor":23,"key":"SMITH"},{"data":"Gash","floor":27,"key":"SMITH"},{"floor":30,"key":"REST"},{"data":"Reinforced Body","floor":32,"key":"SMITH"}],"neow_cost":"NONE","seed_source_timestamp":6871624031200,"circlet_count":0,"master_deck":["Defend_B","Defend_B","Zap+1","Dualcast+1","Ball Lightning","Melter","Machine Learning","Scrape+1","Go for the Eyes","Rebound","Double Energy","Sweeping Beam+1","Buffer","Echo Form+1","Gash+1","Genetic Algorithm+1","Skim+1","Go for the Eyes+1","Static Discharge","Gash+1","Hologram","Chaos+1","Reinforced Body+1"],"relics":["Cracked Core","Old Coin","Bag of Marbles","Bottled Flame","Mango","Astrolabe","Centennial Puzzle","Pear","Vajra","Girya","Darkstone Periapt"],"potions_floor_usage":[19,25,33,33],"damage_taken":[{"damage":1,"enemies":"Cultist","floor":1,"turns":4},{"damage":1,"enemies":"2 Louse","floor":2,"turns":2},{"damage":16,"enemies":"Gremlin Nob","floor":6,"turns":3},{"damage":12,"enemies":"Jaw Worm","floor":7,"turns":2},{"damage":7,"enemies":"Exordium Wildlife","floor":10,"turns":3},{"damage":10,"enemies":"Gremlin Gang","floor":11,"turns":4},{"damage":9,"enemies":"Exordium Thugs","floor":12,"turns":3},{"damage":34,"enemies":"Hexaghost","floor":16,"turns":8},{"damage":18,"enemies":"2 Thieves","floor":18,"turns":4},{"damage":7,"enemies":"Spheric Guardian","floor":19,"turns":3},{"damage":5,"enemies":"Cultist and Chosen","floor":22,"turns":4},{"damage":28,"enemies":"Slavers","floor":25,"turns":3},{"damage":6,"enemies":"Colosseum Slavers","floor":29,"turns":2},{"damage":2,"enemies":"Colosseum Nobs","floor":29,"turns":3},{"damage":12,"enemies":"Snake Plant","floor":31,"turns":3},{"damage":68,"enemies":"Collector","floor":33,"turns":6}],"seed_played":"1239618867102557743","potions_obtained":[{"floor":2,"key":"GamblersBrew"},{"floor":11,"key":"Block Potion"},{"floor":12,"key":"Strength Potion"},{"floor":16,"key":"SkillPotion"},{"floor":22,"key":"SteroidPotion"},{"floor":29,"key":"SmokeBomb"},{"floor":31,"key":"AttackPotion"}],"is_trial":false,"path_per_floor":["M","M","?","?","T","E","M","R","T","M","M","M","$","?","R","B",null,"M","M","?","?","M","R","$","E","T","R","$","?","R","M","R","B"],"character_chosen":"DEFECT","items_purchased":["Mango","Sweeping Beam","Gash"],"campfire_rested":1,"item_purchase_floors":[13,13,24],"current_hp_per_floor":[74,73,73,73,73,57,45,45,45,38,28,19,33,62,62,28,89,71,64,64,64,59,59,59,41,41,41,41,33,62,50,50,0],"gold":179,"neow_bonus":"UPGRADE_CARD","is_prod":false,"is_daily":false,"chose_seed":false,"campfire_upgraded":5,"win_rate":0,"timestamp":1554759998,"path_taken":["M","M","?","?","?","E","M","R","T","?","?","M","$","?","R","BOSS","M","M","?","?","?","R","$","E","T","R","$","?","R","M","R","BOSS"],"build_version":"2019-01-23","purchased_purges":1,"victory":false,"max_hp_per_floor":[75,75,75,75,75,75,75,75,75,75,75,75,89,89,89,89,89,89,89,89,89,89,89,89,99,99,99,99,99,99,99,99,99],"card_choices":[{"not_picked":["Cold Snap","Coolheaded"],"picked":"Ball Lightning","floor":1},{"not_picked":["Redo","Streamline"],"picked":"Melter","floor":2},{"not_picked":["Turbo","Rebound"],"picked":"Machine Learning","floor":6},{"not_picked":["Turbo","Genetic Algorithm"],"picked":"Scrape","floor":7},{"not_picked":["Force Field","Barrage"],"picked":"Go for the Eyes","floor":10},{"not_picked":["Redo","Coolheaded"],"picked":"Rebound","floor":11},{"not_picked":["Leap","Coolheaded"],"picked":"Double Energy","floor":12},{"not_picked":["Biased Cognition","Amplify"],"picked":"Buffer","floor":16},{"not_picked":["Leap","Self Repair"],"picked":"Skim+1","floor":18},{"not_picked":["Glacier","Storm"],"picked":"Go for the Eyes","floor":19},{"not_picked":["Steam Power","Blizzard"],"picked":"Static Discharge","floor":22},{"not_picked":["Redo","Aggregate"],"picked":"Hologram","floor":25},{"not_picked":["Go for the Eyes","Leap"],"picked":"Chaos+1","floor":29},{"not_picked":["Hologram","Go for the Eyes"],"picked":"Reinforced Body","floor":31}],"player_experience":492418,"relics_obtained":[{"floor":5,"key":"Old Coin"},{"floor":6,"key":"Bag of Marbles"},{"floor":9,"key":"Bottled Flame"},{"floor":25,"key":"Pear"},{"floor":26,"key":"Vajra"},{"floor":29,"key":"Girya"},{"floor":29,"key":"Darkstone Periapt"}],"event_choices":[{"cards_removed":["Strike_B"],"damage_healed":0,"gold_gain":0,"player_choice":"Card Removal","damage_taken":0,"max_hp_gain":0,"max_hp_loss":0,"event_name":"The Cleric","floor":3,"gold_loss":50},{"damage_healed":0,"gold_gain":0,"player_choice":"Ignored","damage_taken":0,"max_hp_gain":0,"max_hp_loss":0,"event_name":"Liars Game","floor":4,"gold_loss":0},{"damage_healed":29,"gold_gain":0,"player_choice":"Banana","damage_taken":0,"max_hp_gain":0,"max_hp_loss":0,"event_name":"Big Fish","floor":14,"gold_loss":0},{"damage_healed":0,"gold_gain":0,"player_choice":"Obtained Relic","damage_taken":0,"relics_obtained":["Centennial Puzzle"],"max_hp_gain":0,"max_hp_loss":0,"event_name":"Addict","floor":20,"gold_loss":85},{"cards_removed":["Defend_B"],"damage_healed":0,"gold_gain":0,"player_choice":"Upgrade and Remove","damage_taken":0,"max_hp_gain":0,"max_hp_loss":0,"event_name":"Designer","floor":21,"gold_loss":90,"cards_upgraded":["Sweeping Beam"]},{"damage_healed":0,"gold_gain":0,"player_choice":"Fight","damage_taken":0,"max_hp_gain":0,"max_hp_loss":0,"event_name":"Colosseum","floor":29,"gold_loss":0},{"damage_healed":0,"gold_gain":0,"player_choice":"Fought Nobs","damage_taken":0,"max_hp_gain":0,"max_hp_loss":0,"event_name":"Colosseum","floor":29,"gold_loss":0}],"is_beta":false,"boss_relics":[{"not_picked":["Orrery","Busted Crown"],"picked":"Astrolabe"}],"items_purged_floors":[13],"is_endless":false,"potions_floor_spawned":[2,11,12,16,22,29,31],"killed_by":"Collector","ascension_level":4}