{"path_per_floor":["M","M","M","M","M","R","M","M","T","R","?","R","?","M","R","B",null,"M","?","M"],"character_chosen":"THE_SILENT","items_purchased":[],"gold_per_floor":[115,126,141,111,129,129,142,155,155,155,178,178,178,189,189,290,290,215,215,231,231],"floor_reached":21,"campfire_rested":0,"playtime":2691,"current_hp_per_floor":[70,70,70,70,70,70,68,62,62,62,45,45,50,50,50,20,75,61,45,18,0],"items_purged":[],"gold":231,"score":171,"play_id":"2df6208b-4568-4713-b915-8cd79d35e8f1","local_time":"20180525003819","is_prod":false,"is_daily":false,"chose_seed":false,"is_ascension_mode":false,"campfire_upgraded":4,"timestamp":1527201499,"campfire_choices":[{"data":"Dodge and Roll","floor":6,"key":"SMITH"},{"data":"Leg Sweep","floor":10,"key":"SMITH"},{"data":"Neutralize","floor":12,"key":"SMITH"},{"data":"Envenom","floor":15,"key":"SMITH"}],"path_taken":["M","M","M","?","M","R","M","M","T","R","?","R","?","M","R","BOSS","M","?","M","M"],"build_version":"2018-05-17","seed_source_timestamp":6307845144721,"purchased_purges":0,"victory":false,"master_deck":["Defend_G","Defend_G","Defend_G","Defend_G","Defend_G","Strike_G","Strike_G","Strike_G","Strike_G","Survivor","Neutralize+1","Infinite Blades","Leg Sweep+1","Bane","Backflip","Dodge and Roll+1","Blade Dance","Catalyst","Prepared","Envenom+1","Envenom","Riddle With Holes","Necronomicurse","Acrobatics+1"],"max_hp_per_floor":[70,70,70,70,70,70,70,70,70,70,70,70,75,75,75,75,75,75,75,75,75],"relics":["Ring of the Snake","Tingsha","Odd Mushroom","Eternal Feather","Necronomicon"],"card_choices":[{"not_picked":["Prepared","Well Laid Plans"],"picked":"Infinite Blades","floor":1},{"not_picked":["Slice","Sucker Punch"],"picked":"Leg Sweep","floor":2},{"not_picked":["PiercingWail","Expertise"],"picked":"Bane","floor":3},{"not_picked":["Well Laid Plans","Deflect"],"picked":"Backflip","floor":4},{"not_picked":["Backflip","Endless Agony"],"picked":"Dodge and Roll","floor":5},{"not_picked":["Outmaneuver","Deflect"],"picked":"Blade Dance","floor":7},{"not_picked":["Deflect","Dagger Throw"],"picked":"Catalyst","floor":8},{"not_picked":["Well Laid Plans","Dagger Throw"],"picked":"Prepared","floor":11},{"not_picked":["Infinite Blades","Malaise"],"picked":"Envenom","floor":14},{"not_picked":["Unload","Glass Knife"],"picked":"Envenom","floor":16},{"not_picked":["Footwork","Flying Knee"],"picked":"Riddle With Holes","floor":18},{"not_picked":["Dagger Throw+1","Deadly Poison"],"picked":"Acrobatics+1","floor":20}],"player_experience":151538,"potions_floor_usage":[11,16,16,21],"damage_taken":[{"damage":0,"enemies":"Cultist","floor":1,"turns":5},{"damage":0,"enemies":"Small Slimes","floor":2,"turns":3},{"damage":0,"enemies":"Jaw Worm","floor":3,"turns":7},{"damage":0,"enemies":"Looter","floor":4,"turns":4},{"damage":0,"enemies":"3 Louse","floor":5,"turns":6},{"damage":2,"enemies":"Blue Slaver","floor":7,"turns":5},{"damage":6,"enemies":"2 Fungi Beasts","floor":8,"turns":4},{"damage":17,"enemies":"The Mushroom Lair","floor":11,"turns":8},{"damage":0,"enemies":"3 Louse","floor":14,"turns":4},{"damage":30,"enemies":"The Guardian","floor":16,"turns":12},{"damage":14,"enemies":"2 Thieves","floor":18,"turns":5},{"damage":27,"enemies":"Spheric Guardian","floor":20,"turns":6},{"damage":20,"enemies":"Centurion and Healer","floor":21,"turns":7}],"relics_obtained":[{"floor":9,"key":"Tingsha"},{"floor":11,"key":"Odd Mushroom"},{"floor":19,"key":"Necronomicon"}],"event_choices":[{"event_name":"Mushrooms","player_choice":"Fought Mushrooms","floor":11,"damage_taken":0},{"event_name":"Big Fish","player_choice":"Donut","floor":13,"damage_taken":0},{"event_name":"Cursed Tome","player_choice":"Obtained Book","floor":19,"damage_taken":0}],"boss_relics":[{"not_picked":["Snecko Eye","Black Star"],"picked":"Eternal Feather"}],"potions_floor_spawned":[3,11,14,16,20],"seed_played":"-4694417343609055905","killed_by":"Centurion and Healer","ascension_level":0,"potions_obtained":[{"floor":3,"key":"SpeedPotion"},{"floor":11,"key":"Fire Potion"},{"floor":14,"key":"SpeedPotion"},{"floor":16,"key":"GhostInAJar"},{"floor":20,"key":"SteroidPotion"}],"is_trial":false}