{"gold_per_floor":[119,194,206,217,167,167,242,242,242,39,68,83,83,83,83,83],"floor_reached":16,"playtime":824,"items_purged":[],"score":103,"play_id":"a13d84ea-dd36-4f9d-a160-8f0af853694d","local_time":"20190131222756","is_ascension_mode":true,"campfire_choices":[{"data":"Whirlwind","floor":6,"key":"SMITH"},{"data":"Heavy Blade","floor":8,"key":"SMITH"},{"floor":15,"key":"REST"}],"neow_cost":"NONE","seed_source_timestamp":100102294312300,"circlet_count":0,"master_deck":["Strike_R+1","Strike_R","Strike_R","Strike_R","Strike_R+1","Defend_R","Defend_R","Defend_R","Bash","Heavy Blade+1","Whirlwind+1","Pummel","Flex","Feed","Flame Barrier","Iron Wave"],"relics":["Burning Blood","Juzu Bracelet","The Courier","Golden Idol"],"potions_floor_usage":[16,16],"damage_taken":[{"damage":0,"enemies":"2 Louse","floor":1,"turns":3},{"damage":1,"enemies":"Cultist","floor":3,"turns":3},{"damage":6,"enemies":"Jaw Worm","floor":4,"turns":4},{"damage":40,"enemies":"Lagavulin","floor":11,"turns":8},{"damage":0,"enemies":"Looter","floor":12,"turns":3},{"damage":64,"enemies":"The Guardian","floor":16,"turns":12}],"seed_played":"-2945024156523048057","potions_obtained":[{"floor":11,"key":"Fire Potion"},{"floor":12,"key":"AttackPotion"}],"is_trial":false,"path_per_floor":["M","?","M","M","?","R","?","R","T","$","E","M","?","?","R","B"],"character_chosen":"IRONCLAD","items_purchased":["Flex","Feed"],"campfire_rested":1,"item_purchase_floors":[10,10],"current_hp_per_floor":[88,80,85,85,85,85,74,74,74,74,43,49,27,9,36,0],"gold":83,"neow_bonus":"TEN_PERCENT_HP_BONUS","is_prod":false,"is_daily":false,"chose_seed":false,"campfire_upgraded":2,"win_rate":0,"timestamp":1548970076,"path_taken":["M","?","?","M","?","R","?","R","T","$","E","M","?","?","R","BOSS"],"build_version":"2019-01-23","purchased_purges":0,"victory":false,"max_hp_per_floor":[88,88,88,88,88,88,88,88,88,88,91,91,91,91,91,91],"card_choices":[{"not_picked":["Armaments","Havoc"],"picked":"Heavy Blade","floor":1},{"not_picked":["Rage","Shockwave"],"picked":"Whirlwind","floor":3},{"not_picked":["Warcry","True Grit"],"picked":"Pummel","floor":4},{"not_picked":["Rampage","Pommel Strike"],"picked":"Flame Barrier","floor":11},{"not_picked":["Twin Strike","True Grit"],"picked":"Iron Wave","floor":12}],"player_experience":458578,"relics_obtained":[{"floor":9,"key":"Juzu Bracelet"},{"floor":11,"key":"The Courier"}],"event_choices":[{"damage_healed":0,"gold_gain":75,"player_choice":"Touch","damage_taken":8,"max_hp_gain":0,"max_hp_loss":0,"event_name":"FaceTrader","floor":2,"gold_loss":0},{"cards_removed":["Defend_R"],"damage_healed":0,"gold_gain":0,"player_choice":"Card Removal","damage_taken":0,"max_hp_gain":0,"max_hp_loss":0,"event_name":"The Cleric","floor":5,"gold_loss":50},{"damage_healed":0,"gold_gain":75,"player_choice":"Gather Gold","damage_taken":11,"max_hp_gain":0,"max_hp_loss":0,"event_name":"World of Goop","floor":7,"gold_loss":0},{"damage_healed":0,"gold_gain":0,"player_choice":"Take Damage","damage_taken":22,"relics_obtained":["Golden Idol"],"max_hp_gain":0,"max_hp_loss":0,"event_name":"Golden Idol","floor":13,"gold_loss":0},{"damage_healed":0,"gold_gain":0,"player_choice":"Entered Light","damage_taken":18,"max_hp_gain":0,"max_hp_loss":0,"event_name":"Shining Light","floor":14,"gold_loss":0,"cards_upgraded":["Strike_R","Strike_R"]}],"is_beta":false,"boss_relics":[],"items_purged_floors":[],"is_endless":false,"potions_floor_spawned":[11,12],"killed_by":"The Guardian","ascension_level":1}