{"path_per_floor":["M","M","M","M","M","E","R","E","T","M","M","R","M","M","R","B",null,"M","?","M","M","$","R","M","R","T","R","M","?","R"],"character_chosen":"THE_SILENT","items_purchased":["Sadistic Nature","Mercury Hourglass"],"gold_per_floor":[110,128,138,154,166,195,195,227,309,328,338,338,356,368,368,469,469,489,489,505,515,4,4,17,17,17,17,35,35,35],"floor_reached":31,"campfire_rested":2,"playtime":2416,"current_hp_per_floor":[69,63,63,59,52,37,58,42,42,42,45,45,37,42,63,42,70,62,49,35,31,31,31,28,28,28,28,30,30,30],"items_purged":["Defend_G"],"gold":215,"score":279,"play_id":"fa51a99e-1534-4d83-a304-877d19d4a00b","is_prod":false,"is_daily":false,"is_ascension_mode":false,"campfire_upgraded":5,"path_taken":["M","M","M","M","M","E","R","E","T","M","M","R","?","M","R","BOSS","M","?","?","M","$","R","M","R","T","R","M","?","R","?"],"build_version":"2018-02-22-PROD2","purchased_purges":1,"victory":false,"master_deck":["Defend_G","Defend_G","Defend_G","Defend_G","Survivor","Neutralize+1","Heel Hook","Heel Hook","Deadly Poison+1","Flying Knee","Sucker Punch","Heel Hook","Deadly Poison","Expertise","Backstab","Backstab","Tools of the Trade+1","Predator+1","Catalyst+1","Riddle With Holes+1","Bouncing Flask+1","Bite","Bite","Bite","Bite","Bite","Catalyst+1","Sadistic Nature+1","Outmaneuver+1","Finisher","Dark Shackles"],"max_hp_per_floor":[70,70,70,70,70,70,70,70,70,70,70,70,70,70,70,70,70,70,49,49,49,49,49,49,49,49,49,49,49,49],"relics":["Ring of the Snake","Bag of Marbles","Bag of Preparation","Meat on the Bone","Astrolabe","Mercury Hourglass","Thread and Needle"],"card_choices":[{"not_picked":["Dagger Spray","Outmaneuver"],"picked":"Heel Hook"},{"not_picked":["Dagger Spray","Endless Agony"],"picked":"Heel Hook"},{"not_picked":["Choke","Slice"],"picked":"Deadly Poison"},{"not_picked":["Leg Sweep","Slice"],"picked":"Flying Knee"},{"not_picked":["Glass Knife","Slice"],"picked":"Sucker Punch"},{"not_picked":["Endless Agony","Glass Knife"],"picked":"Heel Hook"},{"not_picked":["Dagger Spray","Endless Agony"],"picked":"Deadly Poison"},{"not_picked":["All Out Attack","Skewer"],"picked":"Expertise"},{"not_picked":["Dagger Throw","Flying Knee"],"picked":"Backstab"},{"not_picked":["Eviscerate","Deflect"],"picked":"Backstab"},{"not_picked":["Bullet Time","Unload"],"picked":"Tools of the Trade"},{"not_picked":["Distraction","Dagger Spray"],"picked":"Bouncing Flask"},{"not_picked":["Poisoned Stab","Underhanded Strike"],"picked":"Catalyst"},{"not_picked":["Dagger Throw","Blur"],"picked":"Outmaneuver"},{"not_picked":["Poisoned Stab","Acrobatics"],"picked":"Finisher"}],"player_experience":126165,"potions_floor_usage":[5,8,16,21],"damage_taken":[{"damage":1,"enemies":"Cultist","floor":1,"turns":5},{"damage":6,"enemies":"2 Louse","floor":2,"turns":2},{"damage":0,"enemies":"Jaw Worm","floor":3,"turns":5},{"damage":4,"enemies":"Large Slime","floor":4,"turns":5},{"damage":7,"enemies":"Gremlin Gang","floor":5,"turns":5},{"damage":15,"enemies":"Lagavulin","floor":6,"turns":8},{"damage":16,"enemies":"3 Sentries","floor":8,"turns":9},{"damage":0,"enemies":"Looter","floor":10,"turns":2},{"damage":9,"enemies":"2 Fungi Beasts","floor":11,"turns":3},{"damage":8,"enemies":"Lots of Slimes","floor":13,"turns":5},{"damage":7,"enemies":"Exordium Thugs","floor":14,"turns":3},{"damage":21,"enemies":"Hexaghost","floor":16,"turns":8},{"damage":8,"enemies":"Chosen","floor":18,"turns":3},{"damage":14,"enemies":"Spheric Guardian","floor":20,"turns":4},{"damage":24,"enemies":"Slaver and Parasite","floor":21,"turns":4},{"damage":7,"enemies":"Snake Plant","floor":24,"turns":2},{"damage":0,"enemies":"Sentry and Sphere","floor":28,"turns":2}],"event_choices":[{"event_name":"Vampires","player_choice":"Became a vampire","floor":19,"damage_taken":0},{"event_name":"Drug Dealer","player_choice":"Ignored","floor":29,"damage_taken":0}],"boss_relics":[{"not_picked":["Velvet Choker","Ectoplasm"],"picked":"Astrolabe"}],"potions_floor_spawned":[2,4,5,6,10,13,16,18,24,28],"seed_played":"367595606271783346","ascension_level":0,"is_trial":false}