{"gold_per_floor":[115,129,54,54,73,73,104,81,104,104,124,139,152,52,52,149,149,169,169,169,17,33,58,58,58,126,126,141,141,153,168,168,271,271,282,20,20,120,133,133,133,133,133,133,168,187,107,107],"floor_reached":48,"playtime":3011,"items_purged":["Strike_B","Strike_B"],"score":574,"play_id":"76dd0902-c538-48bc-84b3-bc8d774f7919","local_time":"20190129221021","is_ascension_mode":true,"campfire_choices":[{"data":"Tempest","floor":6,"key":"SMITH"},{"floor":10,"key":"REST"},{"floor":15,"key":"REST"},{"floor":24,"key":"REST"},{"data":"Double Energy","floor":27,"key":"SMITH"},{"data":"Sweeping Beam","floor":29,"key":"SMITH"},{"floor":32,"key":"REST"},{"floor":40,"key":"REST"},{"data":"Thunder Strike","floor":42,"key":"SMITH"},{"data":"White Noise","floor":44,"key":"SMITH"}],"neow_cost":"NONE","seed_source_timestamp":5467806466400,"circlet_count":0,"master_deck":["Strike_B+1","Defend_B+1","Defend_B+1","Defend_B+1","Defend_B+1","Zap","Dualcast","Purity","Double Energy+1","Gash","Tempest+1","Sweeping Beam+1","Darkness","Rebound","Melter","Creative AI","Self Repair","Chaos+1","Conserve Battery+1","White Noise+1","Scrape+1","Thunder Strike+1","Go for the Eyes","White Noise+1","Conserve Battery+1","Sweeping Beam+1","Writhe","Doom and Gloom","Tempest","Hello World"],"relics":["Cracked Core","PreservedInsect","Lantern","Sozu","Bronze Scales","Bag of Preparation","Art of War","Cables","Nuclear Battery","Strange Spoon","WingedGreaves","Question Card","Boot"],"potions_floor_usage":[12,16,18],"damage_taken":[{"damage":11,"enemies":"Small Slimes","floor":1,"turns":3},{"damage":7,"enemies":"Jaw Worm","floor":2,"turns":3},{"damage":0,"enemies":"Cultist","floor":5,"turns":4},{"damage":25,"enemies":"Lagavulin","floor":7,"turns":5},{"damage":8,"enemies":"Blue Slaver","floor":11,"turns":2},{"damage":10,"enemies":"Lots of Slimes","floor":12,"turns":2},{"damage":8,"enemies":"Large Slime","floor":13,"turns":3},{"damage":12,"enemies":"Slime Boss","floor":16,"turns":7},{"damage":39,"enemies":"2 Thieves","floor":18,"turns":3},{"damage":2,"enemies":"3 Byrds","floor":22,"turns":2},{"damage":28,"enemies":"Slavers","floor":23,"turns":4},{"damage":4,"enemies":"Cultist and Chosen","floor":28,"turns":3},{"damage":10,"enemies":"Centurion and Healer","floor":30,"turns":4},{"damage":10,"enemies":"Snecko","floor":31,"turns":3},{"damage":21,"enemies":"Champ","floor":33,"turns":6},{"damage":69,"enemies":"3 Darklings","floor":35,"turns":5},{"damage":15,"enemies":"Mind Bloom Boss Battle","floor":38,"turns":6},{"damage":10,"enemies":"3 Shapes","floor":39,"turns":4},{"damage":33,"enemies":"Reptomancer","floor":45,"turns":4},{"damage":6,"enemies":"Jaw Worm Horde","floor":46,"turns":3},{"damage":24,"enemies":"Maw","floor":48,"turns":2}],"seed_played":"-7206856012908245333","potions_obtained":[{"floor":11,"key":"Strength Potion"},{"floor":12,"key":"Fire Potion"},{"floor":13,"key":"FairyPotion"},{"floor":16,"key":"Poison Potion"}],"is_trial":false,"path_per_floor":["M","M","$","?","M","R","E","?","T","R","M","M","M","$","R","B",null,"M","?","T","$","M","E","R","?","T","R","M","R","M","M","R","B",null,"M","$","?","?","M","R","?","R","T","R","E","M","$","M"],"character_chosen":"DEFECT","items_purchased":["Bag of Preparation","White Noise","Strange Spoon","Hello World"],"campfire_rested":5,"item_purchase_floors":[21,36,36,47],"current_hp_per_floor":[64,57,57,50,50,50,25,25,25,47,39,29,21,21,43,31,75,36,36,36,36,41,20,42,42,42,42,45,45,42,39,61,40,75,13,13,13,14,11,33,52,52,52,52,26,20,20,0],"gold":107,"neow_bonus":"RANDOM_COLORLESS","is_prod":false,"is_daily":false,"chose_seed":false,"campfire_upgraded":5,"win_rate":0,"timestamp":1548796221,"path_taken":["M","M","$","?","M","R","E","?","T","R","M","M","M","$","R","BOSS","M","?","?","$","?","E","R","?","T","R","M","R","M","M","R","BOSS","M","?","?","?","M","R","?","R","T","R","E","M","?","M"],"build_version":"2019-01-23","purchased_purges":2,"victory":false,"max_hp_per_floor":[75,75,75,75,75,75,75,75,75,75,75,75,75,75,75,75,75,75,75,75,75,75,75,75,75,75,75,75,75,75,75,75,75,75,75,75,75,75,75,75,75,75,75,75,75,75,75,75],"card_choices":[{"not_picked":["Conserve Battery","Leap"],"picked":"Double Energy","floor":1},{"not_picked":["Sweeping Beam","Stack"],"picked":"Gash","floor":2},{"not_picked":["Hello World","Leap"],"picked":"Tempest","floor":5},{"not_picked":["Compile Driver","Consume"],"picked":"Sweeping Beam","floor":7},{"not_picked":["Barrage","Lockon"],"picked":"Darkness","floor":11},{"not_picked":["Coolheaded","Beam Cell"],"picked":"Rebound","floor":12},{"not_picked":["Chill","Beam Cell"],"picked":"Melter","floor":13},{"not_picked":["Machine Learning","Seek"],"picked":"Creative AI","floor":16},{"not_picked":["Coolheaded","Steam Power"],"picked":"Self Repair","floor":18},{"not_picked":["Streamline","Chill+1"],"picked":"Chaos+1","floor":22},{"not_picked":["Stack","BootSequence"],"picked":"Conserve Battery+1","floor":23},{"not_picked":["Turbo","Stack+1","Steam"],"picked":"SKIP","floor":28},{"not_picked":["Gash+1","FTL"],"picked":"White Noise+1","floor":30},{"not_picked":["Genetic Algorithm","Creative AI"],"picked":"Scrape+1","floor":31},{"not_picked":["Biased Cognition","Creative AI"],"picked":"Thunder Strike","floor":33},{"not_picked":["Lockon+1","Steam"],"picked":"Go for the Eyes","floor":35},{"not_picked":["Stack","Barrage+1"],"picked":"Conserve Battery+1","floor":38},{"not_picked":["Streamline+1","Skim+1"],"picked":"Sweeping Beam+1","floor":39},{"not_picked":["Stack+1","Turbo+1","Glacier+1"],"picked":"Doom and Gloom","floor":45},{"not_picked":["Cold Snap","Steam Power+1","Hello World"],"picked":"Tempest","floor":46}],"player_experience":453152,"relics_obtained":[{"floor":7,"key":"PreservedInsect"},{"floor":9,"key":"Lantern"},{"floor":20,"key":"Bronze Scales"},{"floor":23,"key":"Art of War"},{"floor":26,"key":"Cables"},{"floor":38,"key":"WingedGreaves"},{"floor":43,"key":"Question Card"},{"floor":45,"key":"Boot"}],"event_choices":[{"cards_removed":["Strike_B"],"damage_healed":0,"gold_gain":0,"player_choice":"Card Removal","damage_taken":7,"max_hp_gain":0,"max_hp_loss":0,"event_name":"Golden Wing","floor":4,"gold_loss":0},{"damage_healed":0,"gold_gain":0,"player_choice":"Left Gold","damage_taken":0,"max_hp_gain":0,"max_hp_loss":0,"event_name":"World of Goop","floor":8,"gold_loss":23},{"damage_healed":0,"gold_gain":0,"player_choice":"Simplicity","damage_taken":0,"max_hp_gain":0,"max_hp_loss":0,"event_name":"Back to Basics","floor":19,"gold_loss":0,"cards_upgraded":["Strike_B","Defend_B","Defend_B","Defend_B","Defend_B"]},{"damage_healed":0,"gold_gain":0,"player_choice":"Bought 0 Potions","damage_taken":0,"max_hp_gain":0,"max_hp_loss":0,"event_name":"The Woman in Blue","floor":25,"gold_loss":0},{"damage_healed":0,"gold_gain":0,"player_choice":"Ignored","damage_taken":0,"max_hp_gain":0,"max_hp_loss":0,"event_name":"Mysterious Sphere","floor":37,"gold_loss":0},{"damage_healed":0,"gold_gain":0,"player_choice":"Fight","damage_taken":0,"max_hp_gain":0,"max_hp_loss":0,"event_name":"MindBloom","floor":38,"gold_loss":0},{"damage_healed":19,"gold_gain":0,"player_choice":"Writhe","damage_taken":0,"max_hp_gain":0,"max_hp_loss":0,"event_name":"Winding Halls","floor":41,"gold_loss":0,"cards_obtained":["Writhe"]}],"is_beta":false,"boss_relics":[{"not_picked":["Snecko Eye","Fusion Hammer"],"picked":"Sozu"},{"not_picked":["Philosopher\u0027s Stone","Astrolabe"],"picked":"Nuclear Battery"}],"items_purged_floors":[3,14],"is_endless":false,"potions_floor_spawned":[11,12,13,16,18,28,33,39,46],"killed_by":"Maw","ascension_level":4}