{"gold_per_floor":[118,136,136,86,86,117,135,135,160,3,11,11,11,42,42,139,139,149,99,118,130,55,55,73,73],"floor_reached":25,"playtime":1834,"items_purged":["Defend_B"],"score":232,"play_id":"df7f9cbe-b229-49d3-85ed-d3e15f278d23","local_time":"20180730230953","is_ascension_mode":true,"campfire_choices":[{"data":"Fusion","floor":8,"key":"SMITH"},{"data":"Capacitor","floor":13,"key":"SMITH"},{"data":"Heatsinks","floor":15,"key":"SMITH"},{"data":"Echo Form","floor":23,"key":"SMITH"}],"neow_cost":"","seed_source_timestamp":22664641830787,"circlet_count":0,"master_deck":["Strike_B","Strike_B","Defend_B","Defend_B","Zap","Dualcast","Chill","Coolheaded","Echo Form+1","Fusion+1","Self Repair","Capacitor+1","Heatsinks+1","Machine Learning","Blizzard+1","Barrage","Gash+1","Loop+1"],"relics":["Cracked Core","Turnip","Symbiotic Virus","Juzu Bracelet","Ancient Tea Set","Runic Pyramid"],"potions_floor_usage":[6,16,21,24],"damage_taken":[{"damage":2,"enemies":"2 Louse","floor":1,"turns":2},{"damage":0,"enemies":"Small Slimes","floor":2,"turns":5},{"damage":16,"enemies":"Gremlin Nob","floor":6,"turns":4},{"damage":3,"enemies":"Jaw Worm","floor":7,"turns":3},{"damage":3,"enemies":"Exordium Thugs","floor":11,"turns":5},{"damage":24,"enemies":"Lagavulin","floor":14,"turns":8},{"damage":18,"enemies":"The Guardian","floor":16,"turns":12},{"damage":24,"enemies":"Chosen","floor":18,"turns":8},{"damage":32,"enemies":"3 Byrds","floor":20,"turns":5},{"damage":7,"enemies":"Cultist and Chosen","floor":21,"turns":6},{"damage":29,"enemies":"Sentry and Sphere","floor":24,"turns":5},{"damage":19,"enemies":"Centurion and Healer","floor":25,"turns":1}],"seed_played":"-785293813759041750","potions_obtained":[{"floor":1,"key":"FocusPotion"},{"floor":14,"key":"SpeedPotion"},{"floor":16,"key":"Weak Potion"},{"floor":18,"key":"SpeedPotion"},{"floor":20,"key":"AttackPotion"},{"floor":21,"key":"EntropicBrew"}],"is_trial":false,"path_per_floor":["M","M","?","?","T","E","M","R","T","$","M","$","R","E","R","B",null,"M","$","M","M","?","R","M"],"character_chosen":"DEFECT","items_purchased":["Self Repair","Barrage"],"campfire_rested":0,"item_purchase_floors":[10,19],"current_hp_per_floor":[73,73,66,66,66,50,47,47,47,47,51,51,51,34,34,23,75,58,58,40,40,40,40,18,0],"gold":73,"neow_bonus":"","is_prod":false,"is_daily":false,"chose_seed":false,"campfire_upgraded":4,"win_rate":0,"timestamp":1532984993,"path_taken":["M","M","?","?","?","E","M","R","T","$","M","?","R","E","R","BOSS","M","$","M","M","?","R","M","M"],"build_version":"2018-07-26","purchased_purges":1,"victory":false,"max_hp_per_floor":[75,75,75,75,75,75,75,75,75,75,75,75,75,75,75,75,75,75,75,75,75,75,75,75,75],"card_choices":[{"not_picked":["Gash","Sweeping Beam"],"picked":"Chill","floor":1},{"not_picked":["Compile Driver","Force Field"],"picked":"Coolheaded","floor":2},{"not_picked":["BootSequence","White Noise"],"picked":"Echo Form","floor":6},{"not_picked":["Barrage","Reprogram"],"picked":"Fusion","floor":7},{"not_picked":["Hologram","Gash"],"picked":"Capacitor","floor":11},{"not_picked":["Genetic Algorithm","Sweeping Beam"],"picked":"Heatsinks","floor":14},{"not_picked":["Amplify","Thunder Strike"],"picked":"Machine Learning","floor":16},{"not_picked":["Beam Cell","Genetic Algorithm"],"picked":"Blizzard+1","floor":18},{"not_picked":["Steam","Turbo"],"picked":"Gash+1","floor":20},{"not_picked":["Turbo","Leap+1"],"picked":"Loop+1","floor":21},{"not_picked":["Conserve Battery","Cold Snap","Sweeping Beam"],"picked":"SKIP","floor":24}],"player_experience":216565,"relics_obtained":[{"floor":5,"key":"Turnip"},{"floor":6,"key":"Symbiotic Virus"},{"floor":9,"key":"Juzu Bracelet"},{"floor":14,"key":"Ancient Tea Set"}],"event_choices":[{"event_name":"Golden Wing","player_choice":"Card Removal","floor":3,"damage_taken":0},{"event_name":"The Cleric","player_choice":"Card Removal","floor":4,"damage_taken":0},{"event_name":"Beggar","player_choice":"Gave Gold","floor":22,"damage_taken":0}],"is_beta":false,"boss_relics":[{"not_picked":["Snecko Eye","Velvet Choker"],"picked":"Runic Pyramid"}],"items_purged_floors":[10],"is_endless":false,"potions_floor_spawned":[1,14,16,18,20,21],"killed_by":"Centurion and Healer","ascension_level":2}