{"path_per_floor":["M","M","M","M","?","T","?","R","T","R","E","R","M","$","R","B",null,"M","?","?","?","$","R","M","R","T","M"],"character_chosen":"IRONCLAD","items_purchased":["Thunderclap","Flash of Steel","Inflame"],"gold_per_floor":[117,130,145,161,161,210,210,210,210,210,235,235,253,28,28,125,125,140,55,55,105,32,32,52,52,79,96],"floor_reached":28,"campfire_rested":1,"playtime":1876,"current_hp_per_floor":[80,80,80,57,50,50,38,77,77,77,74,74,71,71,71,37,80,78,85,69,69,69,69,68,68,68,34],"items_purged":["Defend_R"],"gold":96,"score":216,"play_id":"9d04b375-c25a-40e1-a6eb-d5bb7bc9d7e4","is_prod":false,"is_daily":false,"is_ascension_mode":false,"campfire_upgraded":4,"path_taken":["M","M","?","M","?","?","?","R","T","R","E","R","M","$","R","BOSS","M","?","?","?","$","R","M","R","T","M","M"],"build_version":"2018-02-15-PROD1","purchased_purges":1,"victory":false,"master_deck":["Strike_R","Strike_R","Defend_R+1","Bash+1","Armaments+1","Pommel Strike","Armaments","Iron Wave","Disarm","Havoc+1","Thunderclap","Flash of Steel+1","Reaper","True Grit+1","Power Through+1","Uppercut+1","Wild Strike","Inflame+1","Shrug It Off+1","Rage+1"],"max_hp_per_floor":[80,80,80,80,80,80,80,80,80,80,80,80,80,80,80,80,80,80,87,87,87,87,87,87,87,87,87],"relics":["Burning Blood","NeowsBlessing","Bronze Scales","Regal Pillow","War Paint","Peace Pipe","Astrolabe","Strawberry","Nilry\u0027s Codex","Juzu Bracelet"],"card_choices":[{"not_picked":["Intimidate","Reckless Charge"],"picked":"Armaments"},{"not_picked":["Metallicize","Flame Barrier"],"picked":"Pommel Strike"},{"not_picked":["Whirlwind","Dropkick"],"picked":"Armaments"},{"not_picked":["Clash","Reckless Charge"],"picked":"Iron Wave"},{"not_picked":["Combust","Power Through"],"picked":"Disarm"},{"not_picked":["Fire Breathing","Searing Blow"],"picked":"Havoc"},{"not_picked":["Berserk","Dark Embrace"],"picked":"Reaper"},{"not_picked":["Fire Breathing","True Grit"],"picked":"Wild Strike"},{"not_picked":["Clothesline","Heavy Blade"],"picked":"Shrug It Off"},{"not_picked":["Armaments","Thunderclap"],"picked":"Rage"}],"player_experience":95084,"potions_floor_usage":[4,18,27,27],"damage_taken":[{"damage":0,"enemies":"Cultist","floor":1,"turns":1},{"damage":0,"enemies":"Small Slimes","floor":2,"turns":1},{"damage":0,"enemies":"2 Louse","floor":3,"turns":1},{"damage":29,"enemies":"Lots of Slimes","floor":4,"turns":7},{"damage":9,"enemies":"3 Sentries","floor":11,"turns":9},{"damage":9,"enemies":"Exordium Wildlife","floor":13,"turns":6},{"damage":40,"enemies":"Hexaghost","floor":16,"turns":9},{"damage":8,"enemies":"2 Thieves","floor":18,"turns":4},{"damage":7,"enemies":"Shell Parasite","floor":24,"turns":3},{"damage":40,"enemies":"Sentry and Sphere","floor":27,"turns":5},{"damage":46,"enemies":"Cultist and Chosen","floor":28,"turns":6}],"event_choices":[{"event_name":"Golden Wing","player_choice":"Card Removal","floor":5,"damage_taken":0},{"event_name":"Scrap Ooze","player_choice":"success","floor":7,"damage_taken":12},{"event_name":"Addict","player_choice":"Obtained Relic","floor":19,"damage_taken":0},{"event_name":"Cursed Tome","player_choice":"Obtained Book","floor":20,"damage_taken":0},{"event_name":"The Joust","player_choice":"Bet on Murderer","floor":21,"damage_taken":0}],"boss_relics":[{"not_picked":["Ectoplasm","Runic Cube"],"picked":"Astrolabe"}],"potions_floor_spawned":[2,4,13,16,18,24],"seed_played":"-2548635419270099418","killed_by":"Cultist and Chosen","ascension_level":0,"is_trial":false}