{"path_per_floor":["M","?","M","M","?","R","M","?","T","R","M","M","M","M","R","B",null,"M","?","M","M","?"],"character_chosen":"IRONCLAD","items_purchased":[],"gold_per_floor":[117,117,137,154,154,154,170,192,274,274,290,304,318,329,329,433,433,445,445,464,477,477],"floor_reached":23,"campfire_rested":0,"playtime":3779,"current_hp_per_floor":[88,88,88,86,83,83,79,58,58,58,40,41,44,30,30,21,88,70,70,70,53,53],"items_purged":[],"gold":477,"play_id":"1b5bcecd-dea7-4744-9906-c211d926ecb8","is_prod":false,"is_daily":false,"is_ascension_mode":false,"campfire_upgraded":3,"path_taken":["M","?","M","?","?","R","M","?","T","R","M","M","M","M","R","BOSS","M","?","M","M","?","E"],"build_version":"2018-01-25-PROD3","purchased_purges":0,"victory":false,"master_deck":["Strike_R+1","Strike_R+1","Strike_R+1","Strike_R+1","Strike_R+1","Defend_R+1","Defend_R+1","Defend_R+1","Defend_R+1","Bash","Pommel Strike+1","Shockwave+1","Evolve+1","Headbutt","Limit Break","Dropkick","Dual Wield","Shockwave","Uppercut","Impervious","Rage","Anger","Heavy Blade"],"max_hp_per_floor":[88,88,88,88,88,88,88,88,88,88,88,88,88,88,88,88,88,88,88,88,88,88],"relics":["Black Blood","Odd Mushroom","Toolbox","Nloth\u0027s Gift"],"card_choices":[{"not_picked":["Wild Strike","Bludgeon"],"picked":"Pommel Strike"},{"not_picked":["Twin Strike","Metallicize"],"picked":"Shockwave"},{"not_picked":["Clash","True Grit"],"picked":"Evolve"},{"not_picked":["Body Slam","Shrug It Off"],"picked":"Headbutt"},{"not_picked":["Perfected Strike","Evolve"],"picked":"Limit Break"},{"not_picked":["Wild Strike","Blood for Blood"],"picked":"Dropkick"},{"not_picked":["Cleave","Rupture"],"picked":"Dual Wield"},{"not_picked":["Clothesline","Disarm"],"picked":"Shockwave"},{"not_picked":["Blood for Blood","Pommel Strike"],"picked":"Uppercut"},{"not_picked":["Limit Break","Dark Embrace"],"picked":"Impervious"},{"not_picked":["Body Slam","Blood for Blood"],"picked":"Rage"},{"not_picked":["Dual Wield","Pummel"],"picked":"Anger"},{"not_picked":["Bloodletting","Shockwave"],"picked":"Heavy Blade"}],"player_experience":37445,"potions_floor_usage":[23,23],"damage_taken":[{"damage":5.0,"enemies":"Small Slimes","floor":1.0,"turns":4.0},{"damage":0.0,"enemies":"Cultist","floor":3.0,"turns":4.0},{"damage":8.0,"enemies":"Blue Slaver","floor":4.0,"turns":5.0},{"damage":10.0,"enemies":"Exordium Wildlife","floor":7.0,"turns":5.0},{"damage":27.0,"enemies":"The Mushroom Lair","floor":8.0,"turns":5.0},{"damage":24.0,"enemies":"Large Slime","floor":11.0,"turns":7.0},{"damage":9.0,"enemies":"Red Slaver","floor":12.0,"turns":4.0},{"damage":3.0,"enemies":"2 Fungi Beasts","floor":13.0,"turns":3.0},{"damage":20.0,"enemies":"Large Slime","floor":14.0,"turns":8.0},{"damage":15.0,"enemies":"Hexaghost","floor":16.0,"turns":7.0},{"damage":28.0,"enemies":"Shell Parasite","floor":18.0,"turns":9.0},{"damage":10.0,"enemies":"3 Byrds","floor":20.0,"turns":4.0},{"damage":27,"enemies":"Snecko","floor":21,"turns":6},{"damage":59,"enemies":"Gremlin Leader","floor":23,"turns":10}],"event_choices":[{"event_name":"Liars Game","player_choice":"disagreed","floor":2.0,"damage_taken":0.0},{"event_name":"Scrap Ooze","player_choice":"success","floor":5.0,"damage_taken":3.0},{"event_name":"Mushrooms","player_choice":"Fought Mushrooms","floor":8.0,"damage_taken":0.0},{"event_name":"Back to Basics","player_choice":"Simplicity","floor":19.0,"damage_taken":0.0},{"event_name":"N\u0027loth","player_choice":"Traded a Bronze Scales","floor":22,"damage_taken":0}],"boss_relics":[],"potions_floor_spawned":[3,4,8,13,14,16,20,21],"seed_played":"195575100789527197","killed_by":"Gremlin Leader","ascension_level":0,"is_trial":false}