{"gold_per_floor":[117,117,117,141,141,141,160,85,385,406,21,21,21,56,56,176,176,192,192,260,17,38,38,62,62,88,112,135,135,135],"floor_reached":30,"playtime":1660,"items_purged":["Strike_B","Strike_B"],"score":276,"play_id":"85f3b5d0-58a2-485a-a576-1587fc152745","local_time":"20190330014037","is_ascension_mode":true,"campfire_choices":[{"floor":6,"key":"REST"},{"data":"Reinforced Body","floor":12,"key":"SMITH"},{"floor":15,"key":"REST"},{"floor":23,"key":"REST"},{"data":"Static Discharge","floor":25,"key":"SMITH"},{"floor":29,"key":"REST"}],"neow_cost":"NONE","seed_source_timestamp":186326216641300,"circlet_count":0,"master_deck":["Zap","Dualcast","Redo","Hologram","Core Surge","Sweeping Beam","Static Discharge+1","Bandage Up+1","Melter","Reinforced Body+1","BootSequence","Machine Learning","Core Surge","Creative AI","Glacier","Turbo","Static Discharge+1","Go for the Eyes","Rainbow+1","Self Repair","Gash","Sweeping Beam+1","Buffer","Redo","Leap"],"relics":["Cracked Core","Golden Idol","Old Coin","PreservedInsect","Pandora\u0027s Box","SsserpentHead","War Paint"],"potions_floor_usage":[10,18],"damage_taken":[{"damage":6,"enemies":"Jaw Worm","floor":1,"turns":4},{"damage":1,"enemies":"2 Louse","floor":4,"turns":3},{"damage":4,"enemies":"Small Slimes","floor":7,"turns":4},{"damage":11,"enemies":"Exordium Thugs","floor":10,"turns":4},{"damage":14,"enemies":"Gremlin Nob","floor":14,"turns":3},{"damage":31,"enemies":"Hexaghost","floor":16,"turns":10},{"damage":26,"enemies":"Chosen","floor":18,"turns":5},{"damage":8,"enemies":"3 Byrds","floor":20,"turns":2},{"damage":25,"enemies":"3 Cultists","floor":22,"turns":5},{"damage":26,"enemies":"Cultist and Chosen","floor":24,"turns":5},{"damage":19,"enemies":"Chosen and Byrds","floor":27,"turns":5},{"damage":22,"enemies":"Snake Plant","floor":28,"turns":3},{"damage":65,"enemies":"Gremlin Leader","floor":30,"turns":4}],"seed_played":"8846442191085437029","potions_obtained":[{"floor":4,"key":"Fire Potion"},{"floor":10,"key":"SpeedPotion"},{"floor":14,"key":"Energy Potion"},{"floor":22,"key":"Dexterity Potion"},{"floor":27,"key":"LiquidBronze"}],"is_trial":false,"path_per_floor":["M","?","?","M","?","R","M","$","T","M","$","R","?","E","R","B",null,"M","?","M","$","M","R","M","R","T","M","M","R","E"],"character_chosen":"DEFECT","items_purchased":["Static Discharge","Bandage Up","Melter","Reinforced Body","Rainbow","Self Repair","Gash"],"campfire_rested":4,"item_purchase_floors":[11,11,11,11,21,21,21],"current_hp_per_floor":[76,69,49,48,32,56,52,52,52,41,41,41,41,31,55,28,82,56,56,52,52,38,62,47,47,47,41,25,49,0],"gold":135,"neow_bonus":"TEN_PERCENT_HP_BONUS","is_prod":false,"is_daily":false,"chose_seed":false,"campfire_upgraded":2,"win_rate":0,"timestamp":1553906437,"path_taken":["M","?","?","M","?","R","?","$","T","M","$","R","?","E","R","BOSS","M","?","?","$","M","R","M","R","T","M","M","R","E"],"build_version":"2019-01-23","purchased_purges":2,"victory":false,"max_hp_per_floor":[82,82,82,82,82,82,82,82,82,82,82,82,82,82,82,82,82,82,82,82,82,82,82,82,82,82,82,82,82,82],"card_choices":[{"not_picked":["Turbo","Steam Power"],"picked":"Redo","floor":1},{"not_picked":["Steam","Steam Power"],"picked":"Hologram","floor":4},{"not_picked":["Capacitor","Glacier"],"picked":"Core Surge","floor":7},{"not_picked":["Coolheaded","Go for the Eyes"],"picked":"Sweeping Beam","floor":10},{"not_picked":["Sweeping Beam","Reinforced Body"],"picked":"BootSequence","floor":14},{"not_picked":["Hyperbeam","Echo Form"],"picked":"Machine Learning","floor":16},{"not_picked":["Doom and Gloom+1","Leap"],"picked":"Static Discharge+1","floor":18},{"not_picked":["Steam","Cold Snap"],"picked":"Go for the Eyes","floor":20},{"not_picked":["Compile Driver","Glacier"],"picked":"Sweeping Beam+1","floor":22},{"not_picked":["Stack+1","Rebound"],"picked":"Buffer","floor":24},{"not_picked":["Lockon","Coolheaded"],"picked":"Redo","floor":27},{"not_picked":["Coolheaded","Blizzard"],"picked":"Leap","floor":28}],"player_experience":474242,"relics_obtained":[{"floor":9,"key":"Old Coin"},{"floor":14,"key":"PreservedInsect"},{"floor":26,"key":"War Paint"}],"event_choices":[{"cards_removed":["Strike_B"],"damage_healed":0,"gold_gain":0,"player_choice":"Card Removal","damage_taken":7,"max_hp_gain":0,"max_hp_loss":0,"event_name":"Golden Wing","floor":2,"gold_loss":0},{"damage_healed":0,"gold_gain":0,"player_choice":"Take Damage","damage_taken":20,"relics_obtained":["Golden Idol"],"max_hp_gain":0,"max_hp_loss":0,"event_name":"Golden Idol","floor":3,"gold_loss":0},{"damage_healed":0,"gold_gain":0,"player_choice":"Entered Light","damage_taken":16,"max_hp_gain":0,"max_hp_loss":0,"event_name":"Shining Light","floor":5,"gold_loss":0,"cards_upgraded":["Defend_B","Strike_B"]},{"cards_removed":["Defend_B"],"damage_healed":0,"gold_gain":0,"player_choice":"Purged","damage_taken":0,"max_hp_gain":0,"max_hp_loss":0,"event_name":"Purifier","floor":13,"gold_loss":0},{"damage_healed":0,"gold_gain":0,"player_choice":"Trade","damage_taken":0,"relics_obtained":["SsserpentHead"],"max_hp_gain":0,"max_hp_loss":0,"event_name":"FaceTrader","floor":19,"gold_loss":0}],"is_beta":false,"boss_relics":[{"not_picked":["Runic Dome","Ectoplasm"],"picked":"Pandora\u0027s Box"}],"items_purged_floors":[8,11],"is_endless":false,"potions_floor_spawned":[4,10,14,22,27],"killed_by":"Gremlin Leader","ascension_level":4}