{"gold_per_floor":[109,121,36,47,47,47,77,77,77,77,93,118,131,131,131,230,230,243,5,31,130,146,146,146],"floor_reached":24,"playtime":1139,"items_purged":["Defend_R"],"score":235,"play_id":"8fb41b24-eeac-4f4a-9041-43321b5bbe44","local_time":"20181115013127","is_ascension_mode":true,"campfire_choices":[{"data":"Anger","floor":6,"key":"SMITH"},{"data":"Metallicize","floor":8,"key":"SMITH"},{"data":"Flash of Steel","floor":10,"key":"SMITH"},{"floor":15,"key":"REST"},{"floor":23,"key":"REST"}],"neow_cost":"NONE","seed_source_timestamp":25548290479098,"circlet_count":0,"master_deck":["Strike_R","Strike_R","Strike_R","Strike_R","Strike_R","Defend_R","Bash","Anger+1","Twin Strike","Flash of Steel+1","Metallicize+1","Sever Soul","Juggernaut","Cleave","Infernal Blade","Shrug It Off","Exhume","Shrug It Off","Metallicize","Finesse","Feel No Pain","Body Slam"],"relics":["Black Blood","Bottled Tornado","Pear","Juzu Bracelet","Red Mask"],"potions_floor_usage":[12,16,18,20,22],"damage_taken":[{"damage":4,"enemies":"2 Louse","floor":1,"turns":3},{"damage":6,"enemies":"Cultist","floor":2,"turns":3},{"damage":0,"enemies":"Small Slimes","floor":4,"turns":2},{"damage":29,"enemies":"Gremlin Nob","floor":7,"turns":4},{"damage":9,"enemies":"Looter","floor":11,"turns":3},{"damage":27,"enemies":"Lagavulin","floor":12,"turns":5},{"damage":18,"enemies":"Exordium Thugs","floor":13,"turns":3},{"damage":30,"enemies":"Hexaghost","floor":16,"turns":9},{"damage":17,"enemies":"3 Byrds","floor":18,"turns":4},{"damage":59,"enemies":"Masked Bandits","floor":20,"turns":6},{"damage":19,"enemies":"Spheric Guardian","floor":22,"turns":5},{"damage":53,"enemies":"Slavers","floor":24,"turns":3}],"seed_played":"7799116820071861416","potions_obtained":[{"floor":1,"key":"Regen Potion"},{"floor":7,"key":"SpeedPotion"},{"floor":11,"key":"SteroidPotion"},{"floor":16,"key":"SkillPotion"},{"floor":20,"key":"Energy Potion"}],"is_trial":false,"path_per_floor":["M","M","$","M","?","R","E","R","T","R","M","E","M","?","R","B",null,"M","$","?","?","M","R","E"],"character_chosen":"IRONCLAD","items_purchased":["Flash of Steel","Metallicize","Finesse"],"campfire_rested":2,"item_purchase_floors":[3,19,19],"current_hp_per_floor":[80,80,80,80,80,80,57,57,67,67,64,48,36,36,63,39,90,83,83,34,34,25,52,0],"gold":146,"neow_bonus":"REMOVE_CARD","is_prod":false,"is_daily":false,"chose_seed":false,"campfire_upgraded":3,"win_rate":0,"timestamp":1542241887,"path_taken":["M","M","$","M","?","R","E","R","T","R","M","E","M","?","R","BOSS","M","$","?","?","M","R","E"],"build_version":"2018-11-08","purchased_purges":1,"victory":false,"max_hp_per_floor":[80,80,80,80,80,80,80,80,90,90,90,90,90,90,90,90,90,90,90,90,90,90,90,90],"card_choices":[{"not_picked":["Reckless Charge","Havoc"],"picked":"Anger","floor":1},{"not_picked":["Heavy Blade","Headbutt"],"picked":"Twin Strike","floor":2},{"not_picked":["Reckless Charge","Battle Trance"],"picked":"Metallicize","floor":4},{"not_picked":["Twin Strike","Iron Wave"],"picked":"Sever Soul","floor":7},{"not_picked":["Ghostly Armor","Pommel Strike"],"picked":"Juggernaut","floor":11},{"not_picked":["Warcry","Uppercut"],"picked":"Cleave","floor":12},{"not_picked":["True Grit","Flex"],"picked":"Infernal Blade","floor":13},{"not_picked":["Offering","Berserk"],"picked":"Exhume","floor":16},{"not_picked":["Wild Strike+1","Clothesline"],"picked":"Shrug It Off","floor":18},{"not_picked":["Flame Barrier","Iron Wave"],"picked":"Feel No Pain","floor":20},{"not_picked":["Clothesline","True Grit"],"picked":"Body Slam","floor":22}],"player_experience":389020,"relics_obtained":[{"floor":7,"key":"Bottled Tornado"},{"floor":9,"key":"Pear"},{"floor":12,"key":"Juzu Bracelet"},{"floor":20,"key":"Red Mask"}],"event_choices":[{"damage_healed":0,"gold_gain":0,"player_choice":"Leave","damage_taken":0,"max_hp_gain":0,"max_hp_loss":0,"event_name":"The Cleric","floor":5,"gold_loss":0},{"damage_healed":0,"gold_gain":0,"cards_transformed":["Defend_R"],"player_choice":"Transformed","damage_taken":0,"max_hp_gain":0,"max_hp_loss":0,"event_name":"Transmorgrifier","floor":14,"gold_loss":0,"cards_obtained":["Shrug It Off"]},{"damage_healed":0,"gold_gain":0,"player_choice":"Fought Bandits","damage_taken":0,"max_hp_gain":0,"max_hp_loss":0,"event_name":"Masked Bandits","floor":20,"gold_loss":0},{"damage_healed":0,"gold_gain":99,"player_choice":"Stole From Cult","damage_taken":0,"max_hp_gain":0,"max_hp_loss":0,"event_name":"Nest","floor":21,"gold_loss":0}],"is_beta":false,"boss_relics":[{"not_picked":["Runic Cube","Fusion Hammer"],"picked":"Black Blood"}],"items_purged_floors":[19],"is_endless":false,"potions_floor_spawned":[1,7,11,16,20],"killed_by":"Slavers","ascension_level":3}