{"gold_per_floor":[210,8,8,8,8,8,25,25,103,128,138,173,123,143,143,239,239,252,271,77,97,97,97,111,111,111,111,128,143,157,170,170,170],"floor_reached":33,"playtime":2022,"items_purged":["Defend_R","Strike_R"],"score":311,"play_id":"0b21e116-346b-4175-b94c-82f3a0b60cf7","local_time":"20190220015118","is_ascension_mode":true,"campfire_choices":[{"data":"Flash of Steel","floor":6,"key":"SMITH"},{"data":"Twin Strike","floor":8,"key":"SMITH"},{"data":"Perfected Strike","floor":15,"key":"SMITH"},{"data":"Perfected Strike","floor":23,"key":"SMITH"},{"data":"Shockwave","floor":25,"key":"SMITH"},{"data":"Metallicize","floor":27,"key":"SMITH"},{"floor":32,"key":"REST"}],"neow_cost":"NONE","seed_source_timestamp":2970359356300,"circlet_count":0,"master_deck":["Strike_R","Strike_R","Strike_R","Bash","Twin Strike+1","Flash of Steel+1","Flex+1","Metallicize","Perfected Strike+1","Clash","Shockwave+1","Impervious","Clash","Perfected Strike+1","Metallicize+1","Twin Strike+1","Flex+1","Dropkick+1","Whirlwind","Clothesline"],"relics":["Burning Blood","Pear","Oddly Smooth Stone","Pantograph","Empty Cage"],"potions_floor_usage":[12,16,31],"damage_taken":[{"damage":12,"enemies":"Small Slimes","floor":1,"turns":3},{"damage":12,"enemies":"Jaw Worm","floor":7,"turns":2},{"damage":30,"enemies":"Lagavulin","floor":10,"turns":4},{"damage":0,"enemies":"Cultist","floor":11,"turns":1},{"damage":1,"enemies":"Gremlin Nob","floor":12,"turns":3},{"damage":4,"enemies":"Blue Slaver","floor":14,"turns":2},{"damage":34,"enemies":"The Guardian","floor":16,"turns":5},{"damage":13,"enemies":"2 Thieves","floor":18,"turns":4},{"damage":8,"enemies":"Spheric Guardian","floor":19,"turns":3},{"damage":20,"enemies":"Centurion and Healer","floor":21,"turns":4},{"damage":6,"enemies":"3 Cultists","floor":24,"turns":4},{"damage":10,"enemies":"Snecko","floor":28,"turns":3},{"damage":0,"enemies":"Sentry and Sphere","floor":29,"turns":2},{"damage":24,"enemies":"Centurion and Healer","floor":30,"turns":4},{"damage":26,"enemies":"Shelled Parasite and Fungi","floor":31,"turns":3},{"damage":86,"enemies":"Collector","floor":33,"turns":8}],"seed_played":"-813542825342122388","potions_obtained":[{"floor":11,"key":"EssenceOfSteel"},{"floor":12,"key":"SpeedPotion"},{"floor":14,"key":"PowerPotion"},{"floor":21,"key":"Explosive Potion"},{"floor":24,"key":"SteroidPotion"}],"is_trial":false,"path_per_floor":["M","$","?","$","?","R","M","R","T","E","M","E","?","M","R","B",null,"M","M","$","M","?","R","M","R","T","R","M","M","M","M","R","B"],"character_chosen":"IRONCLAD","items_purchased":["Flash of Steel","Flex","Perfected Strike","Metallicize"],"campfire_rested":1,"item_purchase_floors":[2,2,20,20],"current_hp_per_floor":[74,74,67,67,67,67,61,61,71,47,53,58,58,60,60,57,90,83,81,81,67,67,67,67,67,67,67,63,69,51,31,58,0],"gold":170,"neow_bonus":"HUNDRED_GOLD","is_prod":false,"is_daily":false,"chose_seed":false,"campfire_upgraded":6,"win_rate":0,"timestamp":1550623878,"path_taken":["M","$","?","$","?","R","?","R","T","E","M","E","?","M","R","BOSS","M","M","$","M","?","R","M","R","T","R","?","M","M","M","R","BOSS"],"build_version":"2019-01-23","purchased_purges":2,"victory":false,"max_hp_per_floor":[80,80,80,80,80,80,80,80,90,90,90,90,90,90,90,90,90,90,90,90,90,90,90,90,90,90,90,90,90,90,90,90,90],"card_choices":[{"not_picked":["Sword Boomerang","Body Slam"],"picked":"Twin Strike","floor":1},{"not_picked":["Thunderclap","Uppercut","Pommel Strike"],"picked":"SKIP","floor":7},{"not_picked":["Hemokinesis","Brutality"],"picked":"Metallicize","floor":10},{"not_picked":["Rage","Flex"],"picked":"Perfected Strike","floor":11},{"not_picked":["Thunderclap","Entrench"],"picked":"Clash","floor":12},{"not_picked":["Dark Embrace","Dropkick"],"picked":"Shockwave","floor":14},{"not_picked":["Offering","Exhume"],"picked":"Impervious","floor":16},{"not_picked":["Pummel","Burning Pact","Body Slam"],"picked":"SKIP","floor":18},{"not_picked":["Pommel Strike+1","Heavy Blade"],"picked":"Clash","floor":19},{"not_picked":["Entrench","Clash"],"picked":"Twin Strike+1","floor":21},{"not_picked":["Armaments","Bloodletting","Battle Trance"],"picked":"SKIP","floor":24},{"not_picked":["Havoc","Rupture+1","True Grit"],"picked":"SKIP","floor":28},{"not_picked":["Spot Weakness","Metallicize"],"picked":"Dropkick+1","floor":29},{"not_picked":["Corruption","Sentinel"],"picked":"Whirlwind","floor":30},{"not_picked":["Armaments","Warcry"],"picked":"Clothesline","floor":31}],"player_experience":465301,"relics_obtained":[{"floor":9,"key":"Pear"},{"floor":10,"key":"Oddly Smooth Stone"},{"floor":12,"key":"Pantograph"}],"event_choices":[{"cards_removed":["Defend_R"],"damage_healed":0,"gold_gain":0,"player_choice":"Card Removal","damage_taken":7,"max_hp_gain":0,"max_hp_loss":0,"event_name":"Golden Wing","floor":3,"gold_loss":0},{"damage_healed":0,"gold_gain":0,"player_choice":"Upgraded","damage_taken":0,"max_hp_gain":0,"max_hp_loss":0,"event_name":"Upgrade Shrine","floor":5,"gold_loss":0,"cards_upgraded":["Flex"]},{"cards_removed":["Defend_R"],"damage_healed":0,"gold_gain":0,"player_choice":"Card Removal","damage_taken":0,"max_hp_gain":0,"max_hp_loss":0,"event_name":"The Cleric","floor":13,"gold_loss":50},{"damage_healed":0,"gold_gain":0,"player_choice":"Copied","damage_taken":0,"max_hp_gain":0,"max_hp_loss":0,"event_name":"Duplicator","floor":22,"gold_loss":0,"cards_obtained":["Flex"]}],"is_beta":false,"boss_relics":[{"not_picked":["Lizard Tail","Tiny House"],"picked":"Empty Cage"}],"items_purged_floors":[2,20],"is_endless":false,"potions_floor_spawned":[11,12,14,21,24,29,30],"killed_by":"Collector","ascension_level":4}