{"gold_per_floor":[14,31,31,31,42,42,67,67,67,92,92,156,156,170,170,170],"floor_reached":16,"playtime":719,"items_purged":[],"score":155,"play_id":"31d3e1d3-60ca-4fa2-8423-962866dc2d82","local_time":"20180704013800","is_ascension_mode":true,"campfire_choices":[{"data":"Spot Weakness","floor":6,"key":"SMITH"},{"data":"Rage","floor":8,"key":"SMITH"},{"data":"Limit Break","floor":11,"key":"SMITH"},{"floor":13,"key":"REST"},{"data":"Heavy Blade","floor":15,"key":"SMITH"}],"neow_cost":"NO_GOLD","seed_source_timestamp":13501209057005,"circlet_count":0,"master_deck":["Strike_R","Strike_R","Strike_R","Strike_R","Strike_R","Defend_R","Defend_R","Defend_R","Defend_R","Spot Weakness+1","Rage+1","Limit Break+1","Heavy Blade+1","Shrug It Off"],"relics":["Burning Blood","Prayer Wheel","Letter Opener","Art of War","Tiny Chest"],"potions_floor_usage":[7,12],"damage_taken":[{"damage":9,"enemies":"2 Louse","floor":1,"turns":2},{"damage":11,"enemies":"Cultist","floor":2,"turns":4},{"damage":15,"enemies":"Small Slimes","floor":5,"turns":4},{"damage":36,"enemies":"Lagavulin","floor":7,"turns":5},{"damage":35,"enemies":"Gremlin Nob","floor":10,"turns":5},{"damage":18,"enemies":"Lagavulin","floor":12,"turns":7},{"damage":3,"enemies":"3 Louse","floor":14,"turns":4},{"damage":50,"enemies":"Slime Boss","floor":16,"turns":6}],"seed_played":"-3861242446931268643","potions_obtained":[{"floor":1,"key":"EssenceOfSteel"},{"floor":2,"key":"Strength Potion"}],"is_trial":false,"path_per_floor":["M","M","?","$","M","R","E","R","T","E","R","E","R","M","R"],"character_chosen":"IRONCLAD","items_purchased":[],"campfire_rested":1,"item_purchase_floors":[],"current_hp_per_floor":[93,88,88,88,79,79,49,49,49,20,20,8,36,39,39,0],"gold":170,"neow_bonus":"TWENTY_PERCENT_HP_BONUS","is_prod":false,"is_daily":false,"chose_seed":false,"campfire_upgraded":4,"win_rate":0,"timestamp":1530661080,"path_taken":["M","M","?","$","M","R","E","R","T","E","R","E","R","M","R","BOSS"],"build_version":"2018-06-28","purchased_purges":0,"victory":false,"max_hp_per_floor":[96,96,96,96,96,96,96,96,96,96,96,96,96,96,96,96],"card_choices":[{"not_picked":["Clothesline","Bloodletting","Sever Soul"],"picked":"SKIP","floor":1},{"not_picked":["Perfected Strike","Warcry","Clothesline"],"picked":"SKIP","floor":2},{"not_picked":["Sword Boomerang","Uppercut"],"picked":"Spot Weakness","floor":5},{"not_picked":["Anger","Spot Weakness"],"picked":"Rage","floor":7},{"not_picked":["Warcry","Intimidate"],"picked":"Limit Break","floor":10},{"not_picked":["Burning Pact","Rupture","Iron Wave"],"picked":"SKIP","floor":12},{"not_picked":["Blood for Blood","Headbutt"],"picked":"Heavy Blade","floor":14},{"not_picked":["Warcry","Pommel Strike"],"picked":"Shrug It Off","floor":14}],"player_experience":149090,"relics_obtained":[{"floor":7,"key":"Prayer Wheel"},{"floor":9,"key":"Letter Opener"},{"floor":10,"key":"Art of War"},{"floor":12,"key":"Tiny Chest"}],"event_choices":[{"event_name":"Bonfire Elementals","player_choice":"BASIC","floor":3,"damage_taken":0}],"boss_relics":[],"items_purged_floors":[],"is_endless":false,"potions_floor_spawned":[1,2],"killed_by":"Slime Boss","ascension_level":2}