{"gold_per_floor":[19,19,19,37,50,50,68,68,121,141,141,155,168,203,203,301,351,368,368,378,71,82,82,82,82,108,134,46,46,56,56,56,56],"floor_reached":33,"playtime":2078,"items_purged":["Strike_G"],"score":360,"play_id":"6c249c2b-0034-4a46-8ce1-c45b6e5ea101","local_time":"20190601022310","is_ascension_mode":true,"campfire_choices":[{"data":"Leg Sweep","floor":6,"key":"SMITH"},{"data":"Neutralize","floor":8,"key":"SMITH"},{"floor":15,"key":"REST"},{"floor":23,"key":"REST"},{"floor":32,"key":"REST"}],"neow_cost":"NO_GOLD","seed_source_timestamp":25740259742500,"circlet_count":0,"master_deck":["Defend_G+1","Defend_G","Defend_G","Defend_G","Defend_G","Strike_G","Strike_G","Survivor","Neutralize+1","Blade Dance","Endless Agony","Leg Sweep+1","Heel Hook","Caltrops","A Thousand Cuts","Dodge and Roll","Blade Dance","Adrenaline","Leg Sweep","Corpse Explosion","Prepared","Blade Dance","Acrobatics+1","Accuracy","Outmaneuver","Shame","Noxious Fumes","Cloak And Dagger","Caltrops","Deadly Poison"],"relics":["Ring of the Snake","Ice Cream","Pen Nib","Lantern","Tiny House","Bronze Scales","Dream Catcher","Potion Belt","Snake Skull"],"potions_floor_usage":[7,10,14,16,18,24,33,33],"damage_taken":[{"damage":0,"enemies":"Jaw Worm","floor":1,"turns":5},{"damage":0,"enemies":"Cultist","floor":4,"turns":4},{"damage":6,"enemies":"Small Slimes","floor":5,"turns":3},{"damage":0,"enemies":"Exordium Wildlife","floor":7,"turns":4},{"damage":0,"enemies":"3 Louse","floor":10,"turns":2},{"damage":0,"enemies":"2 Fungi Beasts","floor":12,"turns":3},{"damage":4,"enemies":"Blue Slaver","floor":13,"turns":4},{"damage":15,"enemies":"3 Sentries","floor":14,"turns":5},{"damage":17,"enemies":"Hexaghost","floor":16,"turns":13},{"damage":3,"enemies":"Spheric Guardian","floor":18,"turns":5},{"damage":1,"enemies":"3 Byrds","floor":20,"turns":3},{"damage":28,"enemies":"Sentry and Sphere","floor":22,"turns":3},{"damage":0,"enemies":"Slavers","floor":24,"turns":1},{"damage":16,"enemies":"Cultist and Chosen","floor":30,"turns":4},{"damage":87,"enemies":"Automaton","floor":33,"turns":6}],"seed_played":"7859834879154927527","potions_obtained":[{"floor":4,"key":"AttackPotion"},{"floor":5,"key":"Explosive Potion"},{"floor":10,"key":"Fire Potion"},{"floor":14,"key":"Regen Potion"},{"floor":16,"key":"PowerPotion"},{"floor":17,"key":"SmokeBomb"},{"floor":20,"key":"Swift Potion"},{"floor":22,"key":"SteroidPotion"}],"is_trial":false,"path_per_floor":["M","?","$","M","M","R","M","R","T","M","?","M","M","E","R","B",null,"M","?","M","$","M","R","E","?","T","T","$","?","M","$","R","B"],"character_chosen":"THE_SILENT","items_purchased":["Accuracy","Bronze Scales","Noxious Fumes","Cloak And Dagger"],"campfire_rested":3,"item_purchase_floors":[21,21,28,28],"current_hp_per_floor":[63,56,56,56,50,50,50,50,50,50,50,50,46,31,52,44,69,66,66,65,65,37,59,59,59,59,59,59,59,43,43,65,0],"gold":56,"neow_bonus":"ONE_RARE_RELIC","is_prod":false,"is_daily":false,"chose_seed":false,"campfire_upgraded":2,"win_rate":0,"timestamp":1559348590,"path_taken":["M","?","?","M","M","R","M","R","T","M","?","?","M","E","R","BOSS","M","?","M","$","?","R","E","?","T","?","$","?","?","$","R","BOSS"],"build_version":"2019-01-23","purchased_purges":1,"victory":false,"max_hp_per_floor":[70,70,70,70,70,70,70,70,70,70,70,70,70,70,70,70,75,75,75,75,75,75,75,75,75,75,75,75,75,75,75,75,75],"card_choices":[{"not_picked":["Backflip","Sucker Punch"],"picked":"Blade Dance","floor":1},{"not_picked":["Crippling Poison","Dagger Throw"],"picked":"Endless Agony","floor":4},{"not_picked":["Heel Hook","Crippling Poison"],"picked":"Leg Sweep","floor":5},{"not_picked":["Dodge and Roll","Bane"],"picked":"Heel Hook","floor":7},{"not_picked":["Quick Slash","Tactician"],"picked":"Caltrops","floor":10},{"not_picked":["Deflect","Setup"],"picked":"Blade Dance","floor":12},{"not_picked":["Underhanded Strike","Dodge and Roll"],"picked":"Adrenaline","floor":13},{"not_picked":["Distraction","Deflect"],"picked":"Leg Sweep","floor":14},{"not_picked":["Wraith Form v2","Burst"],"picked":"Corpse Explosion","floor":16},{"not_picked":["Bane","Slice"],"picked":"Prepared","floor":17},{"not_picked":["Deflect","Slice"],"picked":"Blade Dance","floor":18},{"not_picked":["Footwork","Deadly Poison"],"picked":"Acrobatics+1","floor":20},{"not_picked":["Acrobatics","Quick Slash"],"picked":"Outmaneuver","floor":22},{"not_picked":["Quick Slash","Choke+1"],"picked":"Caltrops","floor":30},{"not_picked":["Backflip+1","Dodge and Roll"],"picked":"Deadly Poison","floor":32}],"player_experience":583947,"relics_obtained":[{"floor":9,"key":"Pen Nib"},{"floor":14,"key":"Lantern"},{"floor":26,"key":"Potion Belt"},{"floor":27,"key":"Snake Skull"}],"event_choices":[{"cards_removed":["Strike_G"],"damage_healed":0,"gold_gain":0,"player_choice":"Card Removal","damage_taken":7,"max_hp_gain":0,"max_hp_loss":0,"event_name":"Golden Wing","floor":2,"gold_loss":0},{"damage_healed":0,"gold_gain":0,"player_choice":"2 cards matched","damage_taken":0,"max_hp_gain":0,"max_hp_loss":0,"event_name":"Match and Keep!","floor":11,"gold_loss":0,"cards_obtained":["A Thousand Cuts","Dodge and Roll"]},{"cards_removed":["Strike_G"],"damage_healed":0,"gold_gain":0,"player_choice":"Purged","damage_taken":0,"max_hp_gain":0,"max_hp_loss":0,"event_name":"Purifier","floor":19,"gold_loss":0},{"damage_healed":0,"gold_gain":0,"player_choice":"Stole Relic","damage_taken":0,"relics_obtained":["Dream Catcher"],"max_hp_gain":0,"max_hp_loss":0,"event_name":"Addict","floor":25,"gold_loss":0,"cards_obtained":["Shame"]},{"damage_healed":0,"gold_gain":0,"player_choice":"Ignored","damage_taken":0,"max_hp_gain":0,"max_hp_loss":0,"event_name":"Vampires","floor":29,"gold_loss":0}],"is_beta":false,"boss_relics":[{"not_picked":["Ectoplasm","Velvet Choker"],"picked":"Tiny House"}],"items_purged_floors":[21],"is_endless":false,"potions_floor_spawned":[4,5,10,14,16,20,22,24],"killed_by":"Automaton","ascension_level":7}