{"gold_per_floor":[210,210,385,401,421,421,440,440,440,50,70,31,43,58,58,58],"floor_reached":16,"playtime":637,"items_purged":["Defend_R"],"score":110,"play_id":"c3272781-ac75-460f-b537-a439273da33d","local_time":"20190414021612","is_ascension_mode":true,"campfire_choices":[{"data":"Thunderclap","floor":6,"key":"SMITH"},{"data":"Heavy Blade","floor":8,"key":"SMITH"},{"data":"Iron Wave","floor":15,"key":"SMITH"}],"neow_cost":"NONE","seed_source_timestamp":35676672872500,"circlet_count":0,"master_deck":["Strike_R","Strike_R","Strike_R","Strike_R","Strike_R","Defend_R","Defend_R","Bash","Thunderclap+1","Doubt","Heavy Blade+1","Twin Strike","Clash","Infernal Blade","Thunderclap","Dual Wield","Iron Wave+1"],"relics":["Burning Blood","Happy Flower","Shuriken","Odd Mushroom"],"potions_floor_usage":[7,13,14],"damage_taken":[{"damage":7,"enemies":"Jaw Worm","floor":1,"turns":3},{"damage":10,"enemies":"Small Slimes","floor":4,"turns":5},{"damage":9,"enemies":"2 Louse","floor":5,"turns":3},{"damage":0,"enemies":"Exordium Wildlife","floor":7,"turns":2},{"damage":32,"enemies":"The Mushroom Lair","floor":11,"turns":5},{"damage":5,"enemies":"Gremlin Gang","floor":13,"turns":2},{"damage":12,"enemies":"2 Fungi Beasts","floor":14,"turns":2},{"damage":45,"enemies":"The Guardian","floor":16,"turns":8}],"seed_played":"1574273315026415180","potions_obtained":[{"floor":5,"key":"SkillPotion"},{"floor":11,"key":"Energy Potion"},{"floor":13,"key":"LiquidBronze"}],"is_trial":false,"path_per_floor":["M","?","?","M","M","R","M","R","T","$","?","$","M","M","R","B"],"character_chosen":"IRONCLAD","items_purchased":["Infernal Blade","Shuriken","Dual Wield"],"campfire_rested":0,"item_purchase_floors":[10,10,12],"current_hp_per_floor":[79,72,72,68,65,65,71,71,71,71,45,45,46,40,40,0],"gold":58,"neow_bonus":"HUNDRED_GOLD","is_prod":false,"is_daily":false,"chose_seed":false,"campfire_upgraded":3,"win_rate":0,"timestamp":1555200972,"path_taken":["M","?","?","M","M","R","M","R","T","$","?","?","M","M","R","BOSS"],"build_version":"2019-01-23","purchased_purges":1,"victory":false,"max_hp_per_floor":[80,80,80,80,80,80,80,80,80,80,80,80,80,80,80,80],"card_choices":[{"not_picked":["Havoc","Rupture"],"picked":"Thunderclap","floor":1},{"not_picked":["Wild Strike","Headbutt"],"picked":"Heavy Blade","floor":4},{"not_picked":["Anger","True Grit"],"picked":"Twin Strike","floor":5},{"not_picked":["Reckless Charge","Clothesline"],"picked":"Clash","floor":7},{"not_picked":["Uppercut","Sword Boomerang"],"picked":"Thunderclap","floor":11},{"not_picked":["Warcry","Blood for Blood","Armaments"],"picked":"SKIP","floor":13},{"not_picked":["Dual Wield","Heavy Blade"],"picked":"Iron Wave","floor":14}],"player_experience":501402,"relics_obtained":[{"floor":9,"key":"Happy Flower"},{"floor":11,"key":"Odd Mushroom"}],"event_choices":[{"cards_removed":["Defend_R"],"damage_healed":0,"gold_gain":0,"player_choice":"Card Removal","damage_taken":7,"max_hp_gain":0,"max_hp_loss":0,"event_name":"Golden Wing","floor":2,"gold_loss":0},{"damage_healed":0,"gold_gain":175,"player_choice":"AGREE","damage_taken":0,"max_hp_gain":0,"max_hp_loss":0,"event_name":"Liars Game","floor":3,"gold_loss":0,"cards_obtained":["Doubt"]},{"damage_healed":0,"gold_gain":0,"player_choice":"Fought Mushrooms","damage_taken":0,"max_hp_gain":0,"max_hp_loss":0,"event_name":"Mushrooms","floor":11,"gold_loss":0}],"is_beta":false,"boss_relics":[],"items_purged_floors":[10],"is_endless":false,"potions_floor_spawned":[5,11,13],"killed_by":"The Guardian","ascension_level":4}