{"gold_per_floor":[115,130,130,130,130,130,53,53,79,79,179,197,254,269,269,369,369,382,401,419,437,448,448,547,462,517,57,86,86,86,111,111,216,216,234,234,234,247,247],"floor_reached":39,"playtime":2283,"items_purged":["Defend_R"],"score":464,"play_id":"8001d40a-1ac5-4348-be26-3b4c38a79915","local_time":"20180625015746","is_ascension_mode":true,"campfire_choices":[{"data":"Demon Form","floor":6,"key":"SMITH"},{"data":"Inflame","floor":8,"key":"SMITH"},{"data":"Flex","floor":10,"key":"SMITH"},{"data":"Perfected Strike","floor":15,"key":"SMITH"},{"floor":23,"key":"REST"},{"data":"1","floor":30,"key":"LIFT"},{"data":"2","floor":32,"key":"LIFT"}],"neow_cost":"NONE","seed_source_timestamp":31341058332483,"circlet_count":0,"master_deck":["Strike_R","Strike_R+1","Strike_R","Strike_R","Strike_R","Defend_R+1","Defend_R+1","Defend_R","Bash","Demon Form+1","Flex+1","Twin Strike","Inflame+1","Perfected Strike+1","Double Tap","Armaments+1","Spot Weakness+1","Heavy Blade+1","Inflame","Spot Weakness","Havoc+1","Impervious","Madness","Madness"],"relics":["Burning Blood","Lantern","Art of War","Tiny Chest","Lizard Tail","Kunai","Bag of Marbles","Girya","Whetstone","Vajra","War Paint","Black Star"],"potions_floor_usage":[14,16,22,28,28,31,39],"damage_taken":[{"damage":10,"enemies":"Jaw Worm","floor":1,"turns":5},{"damage":5,"enemies":"2 Louse","floor":2,"turns":3},{"damage":0,"enemies":"Cultist","floor":12,"turns":1},{"damage":31,"enemies":"Lagavulin","floor":13,"turns":5},{"damage":2,"enemies":"Blue Slaver","floor":14,"turns":2},{"damage":50,"enemies":"The Guardian","floor":16,"turns":9},{"damage":0,"enemies":"Chosen","floor":18,"turns":3},{"damage":19,"enemies":"Shell Parasite","floor":19,"turns":4},{"damage":35,"enemies":"Sentry and Sphere","floor":20,"turns":5},{"damage":14,"enemies":"Chosen and Byrds","floor":21,"turns":6},{"damage":7,"enemies":"3 Cultists","floor":22,"turns":5},{"damage":37,"enemies":"Slavers","floor":28,"turns":4},{"damage":24,"enemies":"Book of Stabbing","floor":31,"turns":4},{"damage":67,"enemies":"Champ","floor":33,"turns":8},{"damage":32,"enemies":"3 Darklings","floor":35,"turns":5},{"damage":14,"enemies":"Orb Walker","floor":38,"turns":3},{"damage":41,"enemies":"Maw","floor":39,"turns":5}],"seed_played":"4682162246337511515","potions_obtained":[{"floor":2,"key":"Fire Potion"},{"floor":14,"key":"Fire Potion"},{"floor":16,"key":"Block Potion"},{"floor":21,"key":"Regen Potion"},{"floor":28,"key":"AttackPotion"},{"floor":35,"key":"GamblersBrew"}],"is_trial":false,"path_per_floor":["M","M","?","?","?","R","$","R","T","R","?","M","E","M","R","B",null,"M","M","M","M","M","R","?","?","T","$","E","T","R","E","R","B",null,"M","?","?","M"],"character_chosen":"IRONCLAD","items_purchased":["Inflame","Girya","Regen Potion"],"campfire_rested":1,"item_purchase_floors":[7,27,27],"current_hp_per_floor":[76,77,77,70,75,75,75,75,75,75,75,81,56,60,60,16,85,85,72,43,35,34,59,59,59,59,59,55,55,55,37,37,29,85,59,59,48,40,0],"gold":247,"neow_bonus":"ONE_RANDOM_RARE_CARD","is_prod":false,"is_daily":false,"chose_seed":false,"campfire_upgraded":4,"win_rate":0,"timestamp":1529884666,"path_taken":["M","M","?","?","?","R","$","R","T","R","?","?","E","?","R","BOSS","M","M","M","M","M","R","?","?","T","$","E","?","R","E","R","BOSS","M","?","?","M","?"],"build_version":"2018-06-21v2","purchased_purges":1,"victory":false,"max_hp_per_floor":[80,80,80,80,85,85,85,85,85,85,85,85,85,85,85,85,85,85,85,85,85,85,85,85,85,85,85,85,85,85,85,85,85,85,85,85,85,85,85],"card_choices":[{"not_picked":["Corruption","Rage"],"picked":"Flex","floor":1},{"not_picked":["Headbutt","Iron Wave"],"picked":"Twin Strike","floor":2},{"not_picked":["Anger","True Grit","Perfected Strike"],"picked":"SKIP","floor":12},{"not_picked":["Warcry","Body Slam"],"picked":"Perfected Strike","floor":13},{"not_picked":["Pommel Strike","Reckless Charge","True Grit"],"picked":"SKIP","floor":14},{"not_picked":["Offering","Fiend Fire"],"picked":"Double Tap","floor":16},{"not_picked":["Pummel","Sever Soul"],"picked":"Armaments+1","floor":18},{"not_picked":["Dual Wield","Intimidate+1"],"picked":"Spot Weakness+1","floor":19},{"not_picked":["Headbutt","Clash"],"picked":"Heavy Blade","floor":20},{"not_picked":["Perfected Strike","Armaments"],"picked":"Inflame","floor":21},{"not_picked":["True Grit","Headbutt"],"picked":"Spot Weakness","floor":22},{"not_picked":["Cleave","Second Wind+1"],"picked":"Havoc+1","floor":28},{"not_picked":["Clothesline","Flame Barrier","Sentinel"],"picked":"SKIP","floor":31},{"not_picked":["Brutality","Juggernaut"],"picked":"Impervious","floor":33},{"not_picked":["Sword Boomerang","Armaments+1","Hemokinesis"],"picked":"SKIP","floor":35},{"not_picked":["Combust+1","Perfected Strike","Bloodletting"],"picked":"SKIP","floor":38}],"player_experience":130477,"relics_obtained":[{"floor":9,"key":"Art of War"},{"floor":13,"key":"Tiny Chest"},{"floor":26,"key":"Bag of Marbles"},{"floor":28,"key":"Whetstone"},{"floor":29,"key":"Vajra"},{"floor":31,"key":"War Paint"}],"event_choices":[{"event_name":"Liars Game","player_choice":"disagreed","floor":3,"damage_taken":0},{"event_name":"Scrap Ooze","player_choice":"success","floor":4,"damage_taken":7},{"event_name":"Big Fish","player_choice":"Donut","floor":5,"damage_taken":0},{"event_name":"Golden Shrine","player_choice":"Pray","floor":11,"damage_taken":0},{"event_name":"Nest","player_choice":"Stole From Cult","floor":24,"damage_taken":0},{"event_name":"Addict","player_choice":"Obtained Relic","floor":25,"damage_taken":0},{"event_name":"Tomb of Lord Red Mask","player_choice":"Ignored","floor":36,"damage_taken":0},{"event_name":"Winding Halls","player_choice":"Embrace Madness","floor":37,"damage_taken":0}],"boss_relics":[{"not_picked":["Pandora\u0027s Box","Ectoplasm"],"picked":"Lizard Tail"},{"not_picked":["White Beast Statue","Runic Dome"],"picked":"Black Star"}],"items_purged_floors":[27],"is_endless":false,"potions_floor_spawned":[2,14,16,21,28,35],"killed_by":"Maw","ascension_level":1}