{"path_per_floor":["M","$","?","M","M","R","M","R","T","R","$","M","?","M","R","B",null,"M","?","M","$","M","R","?","R","T","M","M","M","R","M","R","B",null,"M","$","?","?","M","R","M","M","T","R","M","?","$","M","R"],"character_chosen":"IRONCLAD","items_purchased":["Armaments","Flex","Flex","Panache","Inflame"],"gold_per_floor":[117,70,70,90,101,101,113,113,140,140,40,60,60,76,76,176,176,159,159,179,29,44,44,44,44,114,127,138,157,157,168,168,269,269,286,78,78,0,12,12,29,46,46,46,65,65,27,45,45],"floor_reached":50,"campfire_rested":3,"playtime":5033,"current_hp_per_floor":[80,80,73,79,80,80,70,70,70,70,70,66,66,72,72,16,80,80,64,45,45,30,54,54,54,54,50,56,45,69,54,54,7,80,80,80,80,80,48,48,42,14,14,38,16,70,70,49,49],"items_purged":["Defend_R","Defend_R"],"gold":45,"play_id":"d988a799-122d-4713-9b53-10a7f1b0ee0c","is_prod":false,"is_daily":false,"is_ascension_mode":false,"campfire_upgraded":8,"path_taken":["M","$","?","M","M","R","M","R","T","R","?","M","?","M","R","BOSS","M","?","?","?","?","R","?","R","T","M","M","M","R","M","R","BOSS","M","$","?","?","?","R","M","M","T","R","M","?","$","M","R","BOSS"],"build_version":"2018-01-25-PROD3","purchased_purges":3,"victory":false,"master_deck":["Strike_R","Strike_R","Strike_R","Bash","Headbutt","Armaments+1","Flex+1","Iron Wave+1","Heavy Blade+1","Flex","Seeing Red+1","Pummel","Double Tap+1","Dual Wield+1","Dropkick","Flex","Power Through","Iron Wave","Heavy Blade","Whirlwind+1","Double Tap","Whirlwind+1","Offering+1","Demon Form+1","Clash+1","Panache","Cleave+1","Iron Wave+1","Rage+1","Thunderclap+1","Inflame+1","Iron Wave+1"],"max_hp_per_floor":[80,80,80,80,80,80,80,80,80,80,80,80,80,80,80,80,80,80,80,80,80,80,80,80,80,80,80,80,80,80,80,80,80,80,80,80,80,80,80,80,80,80,80,80,80,70,70,70,70],"relics":["Burning Blood","Happy Flower","Sozu","Enchiridion","Unceasing Top","Gremlin Horn","Astrolabe","Red Mask","Calipers"],"card_choices":[{"not_picked":["Second Wind","Fire Breathing"],"picked":"Headbutt"},{"not_picked":["Uppercut","Sword Boomerang"],"picked":"Flex"},{"not_picked":["Dark Embrace","Clothesline"],"picked":"Iron Wave"},{"not_picked":["Spot Weakness","Thunderclap"],"picked":"Heavy Blade"},{"not_picked":["Perfected Strike","Fiend Fire"],"picked":"Seeing Red"},{"not_picked":["Corruption","Anger"],"picked":"Pummel"},{"not_picked":["Fiend Fire","Feed"],"picked":"Double Tap"},{"not_picked":["Flex","Twin Strike"],"picked":"Dual Wield"},{"not_picked":["Perfected Strike","Twin Strike"],"picked":"Dropkick"},{"not_picked":["Bloodletting","Rupture"],"picked":"Power Through"},{"not_picked":["Shockwave","Cleave"],"picked":"Iron Wave"},{"not_picked":["Brutality","Hemokinesis"],"picked":"Heavy Blade"},{"not_picked":["True Grit","Warcry"],"picked":"Whirlwind"},{"not_picked":["Warcry","Spot Weakness"],"picked":"Thunderclap"},{"not_picked":["Offering","Feed"],"picked":"Double Tap"},{"not_picked":["Warcry","Battle Trance"],"picked":"Clash"},{"not_picked":["True Grit","Hemokinesis"],"picked":"Cleave"},{"not_picked":["Heavy Blade","Thunderclap"],"picked":"Iron Wave"},{"not_picked":["Feel No Pain","Clash"],"picked":"Rage"},{"not_picked":["Feel No Pain","Disarm"],"picked":"Thunderclap"},{"not_picked":["Armaments","Corruption"],"picked":"Iron Wave"}],"player_experience":32412,"potions_floor_usage":[],"damage_taken":[{"damage":5.0,"enemies":"2 Louse","floor":1.0,"turns":3.0},{"damage":0.0,"enemies":"Small Slimes","floor":4.0,"turns":4.0},{"damage":1.0,"enemies":"Cultist","floor":5.0,"turns":3.0},{"damage":16.0,"enemies":"Exordium Thugs","floor":7.0,"turns":4.0},{"damage":10.0,"enemies":"Looter","floor":12.0,"turns":2.0},{"damage":0.0,"enemies":"Large Slime","floor":14.0,"turns":3.0},{"damage":68.0,"enemies":"Hexaghost","floor":16.0,"turns":10.0},{"damage":6,"enemies":"2 Thieves","floor":18,"turns":4},{"damage":25,"enemies":"Shell Parasite","floor":20,"turns":4},{"damage":21,"enemies":"Centurion and Healer","floor":22,"turns":4},{"damage":10,"enemies":"Chosen and Byrds","floor":27,"turns":4},{"damage":0,"enemies":"3 Cultists","floor":28,"turns":4},{"damage":17,"enemies":"Slaver and Parasite","floor":29,"turns":6},{"damage":21,"enemies":"Snake Plant","floor":31,"turns":3},{"damage":53,"enemies":"Collector","floor":33,"turns":8},{"damage":0,"enemies":"3 Darklings","floor":35,"turns":3},{"damage":38,"enemies":"3 Shapes","floor":39,"turns":3},{"damage":12,"enemies":"Sphere and 2 Shapes","floor":41,"turns":2},{"damage":34,"enemies":"Maw","floor":42,"turns":5},{"damage":28,"enemies":"4 Shapes","floor":45,"turns":3},{"damage":27,"enemies":"Sphere and 2 Shapes","floor":48,"turns":4},{"damage":49,"enemies":"Donu and Deca","floor":50,"turns":4}],"event_choices":[{"event_name":"Golden Wing","player_choice":"Card Removal","floor":3.0,"damage_taken":0.0},{"event_name":"Upgrade Shrine","player_choice":"Upgraded","floor":13.0,"damage_taken":0.0},{"event_name":"Cursed Tome","player_choice":"Obtained Book","floor":19,"damage_taken":0},{"event_name":"The Mausoleum","player_choice":"Yes","floor":24,"damage_taken":0},{"event_name":"Tomb of Lord Red Mask","player_choice":"Paid","floor":38,"damage_taken":0},{"event_name":"The Moai Head","player_choice":"Heal","floor":46,"damage_taken":0}],"boss_relics":[{"not_picked":["Philosopher\u0027s Stone","Ectoplasm"],"picked":"Sozu"},{"not_picked":["Mark of Pain","Tiny House"],"picked":"Astrolabe"}],"potions_floor_spawned":[1,7,12,14,18,27,29,31,33,39,41,48],"seed_played":"-4475079886185840149","killed_by":"Donu and Deca","ascension_level":0,"is_trial":false}