{"gold_per_floor":[117,117,8,18,18,18,47,47,128,128,138,138,155,220,220,323,323,340,340,367,367,380,380,414,339,339,339,355,370,381,57,57,154,154,164,179,25,38,38,38],"floor_reached":40,"playtime":2936,"items_purged":["Strike_B","Skim"],"score":490,"play_id":"f6de18fb-aca5-4914-9a47-4622dbb7e815","local_time":"20181004012602","is_ascension_mode":true,"campfire_choices":[{"data":"Self Repair","floor":6,"key":"SMITH"},{"data":"Streamline","floor":12,"key":"SMITH"},{"data":"Seek","floor":15,"key":"SMITH"},{"data":"Streamline","floor":23,"key":"SMITH"},{"data":"Self Repair","floor":27,"key":"SMITH"},{"data":"White Noise","floor":32,"key":"SMITH"}],"neow_cost":"","seed_source_timestamp":22524576199096,"circlet_count":0,"master_deck":["Zap","Dualcast","Streamline+1","FTL","Self Repair+1","Conserve Battery","Gash","Seek+1","Rainbow","Go for the Eyes","Self Repair+1","Rebound","Beam Cell","Glacier","Streamline+1","Double Energy","Gash","White Noise+1","Conserve Battery","Redo","Creative AI","Rebound+1","Storm","White Noise+1","Force Field+1"],"relics":["Cracked Core","Gambling Chip","Dodecahedron","Bottled Flame","FaceOfCleric","Tiny Chest","Pandora\u0027s Box","Smiling Mask","The Courier","Bag of Marbles","Strawberry","Lee\u0027s Waffle","Lantern","Lizard Tail","DollysMirror"],"potions_floor_usage":[11,14,16,24,28,35,38,40],"damage_taken":[{"damage":1,"enemies":"2 Louse","floor":1,"turns":2},{"damage":1,"enemies":"Cultist","floor":4,"turns":3},{"damage":25,"enemies":"Lagavulin","floor":7,"turns":5},{"damage":7,"enemies":"Jaw Worm","floor":11,"turns":2},{"damage":4,"enemies":"Looter","floor":13,"turns":2},{"damage":14,"enemies":"Lagavulin Event","floor":14,"turns":5},{"damage":35,"enemies":"Slime Boss","floor":16,"turns":7},{"damage":5,"enemies":"3 Byrds","floor":18,"turns":5},{"damage":23,"enemies":"2 Thieves","floor":22,"turns":4},{"damage":50,"enemies":"Slavers","floor":24,"turns":6},{"damage":12,"enemies":"Cultist and Chosen","floor":28,"turns":3},{"damage":19,"enemies":"Centurion and Healer","floor":29,"turns":4},{"damage":29,"enemies":"Snake Plant","floor":30,"turns":4},{"damage":53,"enemies":"Champ","floor":33,"turns":9},{"damage":46,"enemies":"3 Darklings","floor":35,"turns":4},{"damage":16,"enemies":"Orb Walker","floor":36,"turns":2},{"damage":46,"enemies":"Sphere and 2 Shapes","floor":38,"turns":5},{"damage":78,"enemies":"Nemesis","floor":40,"turns":6}],"seed_played":"377120968432980761","potions_obtained":[{"floor":7,"key":"FocusPotion"},{"floor":11,"key":"Weak Potion"},{"floor":14,"key":"Swift Potion"},{"floor":18,"key":"FearPotion"},{"floor":24,"key":"Swift Potion"},{"floor":29,"key":"Swift Potion"},{"floor":35,"key":"Ancient Potion"},{"floor":36,"key":"FocusPotion"}],"is_trial":false,"path_per_floor":["M","?","$","M","?","R","E","T","T","?","M","R","M","?","R","B",null,"M","?","T","T","M","R","E","?","T","R","M","M","M","$","R","B",null,"M","M","$","M","$"],"character_chosen":"DEFECT","items_purchased":["FTL","Lee\u0027s Waffle","Lantern","DollysMirror"],"campfire_rested":0,"item_purchase_floors":[3,31,31,37],"current_hp_per_floor":[74,74,74,73,73,73,58,58,58,58,62,62,69,66,66,42,79,80,80,80,80,75,75,36,36,43,43,52,54,36,99,99,67,100,55,50,50,15,15,0],"gold":38,"neow_bonus":"","is_prod":false,"is_daily":false,"chose_seed":false,"campfire_upgraded":6,"win_rate":0,"timestamp":1538609162,"path_taken":["M","?","$","M","?","R","E","?","T","?","?","R","?","?","R","BOSS","M","?","?","?","M","R","E","?","T","R","M","M","?","$","R","BOSS","M","M","$","M","$","E"],"build_version":"2018-09-27","purchased_purges":2,"victory":false,"max_hp_per_floor":[75,75,75,75,75,75,75,75,75,75,76,76,77,78,78,79,79,80,80,80,80,81,81,82,82,89,89,90,91,92,99,99,100,100,101,102,102,103,103,103],"card_choices":[{"not_picked":["Barrage","Turbo"],"picked":"Streamline","floor":1},{"not_picked":["Conserve Battery","Chill"],"picked":"Self Repair","floor":4},{"not_picked":["Beam Cell","Go for the Eyes"],"picked":"Skim","floor":7},{"not_picked":["Barrage","Compile Driver"],"picked":"Conserve Battery","floor":11},{"not_picked":["Compile Driver","Stack"],"picked":"Gash","floor":13},{"not_picked":["Beam Cell","Hologram"],"picked":"Seek","floor":14},{"not_picked":["Fission","Reboot"],"picked":"Rainbow","floor":16},{"not_picked":["Steam","Coolheaded","Ball Lightning"],"picked":"SKIP","floor":18},{"not_picked":["Lockon+1","BootSequence+1"],"picked":"Double Energy","floor":22},{"not_picked":["Leap","Hello World+1"],"picked":"Gash","floor":24},{"not_picked":["Melter","Stack+1"],"picked":"White Noise","floor":28},{"not_picked":["Blizzard+1","Stack"],"picked":"Conserve Battery","floor":29},{"not_picked":["Hello World","Steam+1"],"picked":"Redo","floor":30},{"not_picked":["Rainbow","Fission"],"picked":"Creative AI","floor":33},{"not_picked":["Steam","Lockon+1"],"picked":"Rebound+1","floor":35},{"not_picked":["Sweeping Beam","Steam"],"picked":"Storm","floor":36},{"not_picked":["Compile Driver+1","Rebound+1"],"picked":"Force Field+1","floor":38}],"player_experience":328393,"relics_obtained":[{"floor":7,"key":"Gambling Chip"},{"floor":8,"key":"Dodecahedron"},{"floor":9,"key":"Bottled Flame"},{"floor":14,"key":"Tiny Chest"},{"floor":20,"key":"Smiling Mask"},{"floor":21,"key":"The Courier"},{"floor":24,"key":"Bag of Marbles"},{"floor":26,"key":"Strawberry"}],"event_choices":[{"event_name":"Wheel of Change","player_choice":"Card Removal","floor":2,"damage_taken":0},{"event_name":"The Cleric","player_choice":"Leave","floor":5,"damage_taken":0},{"event_name":"FaceTrader","player_choice":"Trade","floor":10,"damage_taken":0},{"event_name":"Dead Adventurer","player_choice":"Searched \u00272\u0027 times","floor":14,"damage_taken":0},{"event_name":"The Library","player_choice":"Read","floor":19,"damage_taken":0},{"event_name":"Beggar","player_choice":"Gave Gold","floor":25,"damage_taken":0}],"is_beta":false,"boss_relics":[{"not_picked":["Snecko Eye","Tiny House"],"picked":"Pandora\u0027s Box"},{"not_picked":["Orrery","Fusion Hammer"],"picked":"Lizard Tail"}],"items_purged_floors":[3,31],"is_endless":false,"potions_floor_spawned":[7,11,14,18,24,29,35,36],"killed_by":"Nemesis","ascension_level":3}