{"gold_per_floor":[116,191,207,223,57,57,83,93,119,119,138,138,138,162,162,285,285,308,308,308,328,353,353,388,388,412,446,446],"floor_reached":28,"playtime":1916,"items_purged":["Regret"],"score":364,"play_id":"668201b1-c9df-49a4-924e-0c5286715c50","local_time":"20180813230355","is_ascension_mode":true,"campfire_choices":[{"data":"Inflame","floor":6,"key":"SMITH"},{"data":"Dark Shackles","floor":10,"key":"SMITH"},{"data":"Exhume","floor":15,"key":"SMITH"},{"data":"RitualDagger","floor":23,"key":"SMITH"},{"floor":25,"key":"REST"}],"neow_cost":"CURSE","seed_source_timestamp":108467625228977,"circlet_count":0,"master_deck":["Strike_R","Strike_R","Strike_R+1","Strike_R","Strike_R","Defend_R","Defend_R","Defend_R","Defend_R","Bash","Iron Wave+1","Inflame+1","Dual Wield","Dark Shackles+1","Exhume+1","Inflame+1","Thunderclap","Impervious","Pommel Strike+1","RitualDagger+1","Cleave+1","Double Tap"],"relics":["Burning Blood","Art of War","Whetstone","Golden Idol","Black Star","Potion Belt","Omamori","Dream Catcher","Bronze Scales","Boot","Lantern"],"potions_floor_usage":[8,21,22,24],"damage_taken":[{"damage":17,"enemies":"Small Slimes","floor":1,"turns":3},{"damage":18,"enemies":"2 Louse","floor":3,"turns":5},{"damage":8,"enemies":"Cultist","floor":4,"turns":4},{"damage":21,"enemies":"Lagavulin","floor":7,"turns":6},{"damage":16,"enemies":"Lots of Slimes","floor":8,"turns":4},{"damage":0,"enemies":"Exordium Wildlife","floor":11,"turns":3},{"damage":0,"enemies":"Red Slaver","floor":14,"turns":3},{"damage":0,"enemies":"Slime Boss","floor":16,"turns":8},{"damage":29,"enemies":"Spheric Guardian","floor":18,"turns":6},{"damage":13,"enemies":"Chosen","floor":21,"turns":5},{"damage":21,"enemies":"Snake Plant","floor":22,"turns":6},{"damage":44,"enemies":"Book of Stabbing","floor":24,"turns":7},{"damage":47,"enemies":"Gremlin Leader","floor":27,"turns":8},{"damage":14,"enemies":"Centurion and Healer","floor":28,"turns":2}],"seed_played":"7605596669266076018","potions_obtained":[{"floor":7,"key":"PowerPotion"},{"floor":8,"key":"Regen Potion"},{"floor":16,"key":"SkillPotion"},{"floor":22,"key":"Ancient Potion"}],"is_trial":false,"path_per_floor":["M","?","M","M","$","R","E","M","T","R","M","?","?","M","R","B",null,"M","T","?","M","M","R","E","R","T","E"],"character_chosen":"IRONCLAD","items_purchased":["Dark Shackles"],"campfire_rested":1,"item_purchase_floors":[5],"current_hp_per_floor":[85,74,62,60,60,60,45,35,35,35,41,41,17,23,23,29,96,73,73,67,60,59,59,21,49,49,8,0],"gold":446,"neow_bonus":"TWENTY_PERCENT_HP_BONUS","is_prod":false,"is_daily":false,"chose_seed":false,"campfire_upgraded":4,"win_rate":0,"timestamp":1534194235,"path_taken":["M","?","?","M","$","R","E","M","T","R","M","?","?","M","R","BOSS","M","?","?","M","?","R","E","R","T","E","?"],"build_version":"2018-08-09","purchased_purges":1,"victory":false,"max_hp_per_floor":[96,96,96,96,96,96,96,96,96,96,96,96,96,96,96,96,96,96,96,96,96,96,96,96,96,96,96,96],"card_choices":[{"not_picked":["Sword Boomerang","Pummel"],"picked":"Iron Wave","floor":1},{"not_picked":["Twin Strike","Warcry"],"picked":"Inflame","floor":3},{"not_picked":["Body Slam","Sword Boomerang"],"picked":"Dual Wield","floor":4},{"not_picked":["Entrench","Bloodletting"],"picked":"Exhume","floor":7},{"not_picked":["Perfected Strike","Body Slam","Feel No Pain"],"picked":"SKIP","floor":8},{"not_picked":["Pommel Strike","Anger"],"picked":"Inflame","floor":11},{"not_picked":["Fire Breathing","Body Slam"],"picked":"Thunderclap","floor":14},{"not_picked":["Offering","Bludgeon"],"picked":"Impervious","floor":16},{"not_picked":["Warcry+1","Shockwave"],"picked":"Pommel Strike+1","floor":18},{"not_picked":["Havoc","Clothesline"],"picked":"Cleave+1","floor":21},{"not_picked":["Cleave","Thunderclap","Entrench"],"picked":"SKIP","floor":22},{"not_picked":["Shrug It Off","Whirlwind","Headbutt+1"],"picked":"SKIP","floor":24},{"not_picked":["Rampage","True Grit"],"picked":"Double Tap","floor":27}],"player_experience":230344,"relics_obtained":[{"floor":7,"key":"Art of War"},{"floor":9,"key":"Whetstone"},{"floor":19,"key":"Potion Belt"},{"floor":24,"key":"Omamori"},{"floor":24,"key":"Dream Catcher"},{"floor":26,"key":"Bronze Scales"},{"floor":27,"key":"Boot"},{"floor":27,"key":"Lantern"}],"event_choices":[{"event_name":"World of Goop","player_choice":"Gather Gold","floor":2,"damage_taken":0},{"event_name":"Upgrade Shrine","player_choice":"Upgraded","floor":12,"damage_taken":0},{"event_name":"Golden Idol","player_choice":"Take Damage","floor":13,"damage_taken":0},{"event_name":"Nest","player_choice":"Joined the Cult","floor":20,"damage_taken":0}],"is_beta":false,"boss_relics":[{"not_picked":["Velvet Choker","Eternal Feather"],"picked":"Black Star"}],"items_purged_floors":[5],"is_endless":false,"potions_floor_spawned":[7,8,16,22],"killed_by":"Centurion and Healer","ascension_level":2}