{"gold_per_floor":[110,110,35,35,54,54,68,89,89,123,141,141,96,114,114,114],"floor_reached":16,"playtime":819,"items_purged":["Defend_R"],"score":122,"play_id":"923261ae-cd89-40bc-87ef-17018bce3c0e","local_time":"20190408223327","is_ascension_mode":true,"campfire_choices":[{"data":"Armaments","floor":6,"key":"SMITH"},{"floor":15,"key":"REST"}],"neow_cost":"TEN_PERCENT_HP_LOSS","seed_source_timestamp":4371772615199,"circlet_count":0,"master_deck":["Strike_R","Strike_R","Strike_R","Strike_R","Strike_R","Bash","Heavy Blade","Armaments+1","Fiend Fire","Pommel Strike","Infernal Blade","Double Tap","Parasite","Flex","Clash"],"relics":["Burning Blood","Golden Idol","Mercury Hourglass","Bottled Lightning"],"potions_floor_usage":[10,16],"damage_taken":[{"damage":13,"enemies":"Jaw Worm","floor":1,"turns":4},{"damage":18,"enemies":"Small Slimes","floor":5,"turns":3},{"damage":1,"enemies":"Cultist","floor":7,"turns":3},{"damage":6,"enemies":"Blue Slaver","floor":8,"turns":3},{"damage":40,"enemies":"Lagavulin","floor":10,"turns":4},{"damage":7,"enemies":"Exordium Wildlife","floor":11,"turns":2},{"damage":14,"enemies":"3 Louse","floor":14,"turns":2},{"damage":38,"enemies":"The Guardian","floor":16,"turns":7}],"seed_played":"-4556404528962392975","potions_obtained":[{"floor":8,"key":"BloodPotion"},{"floor":11,"key":"SpeedPotion"},{"floor":14,"key":"Block Potion"}],"is_trial":false,"path_per_floor":["M","?","$","?","M","R","M","M","T","E","M","?","$","M","R","B"],"character_chosen":"IRONCLAD","items_purchased":["Flex"],"campfire_rested":1,"item_purchase_floors":[13],"current_hp_per_floor":[65,47,47,47,35,35,40,40,40,13,12,30,30,22,43,5],"gold":114,"neow_bonus":"REMOVE_TWO","is_prod":false,"is_daily":false,"chose_seed":false,"campfire_upgraded":1,"win_rate":0,"timestamp":1554755607,"path_taken":["M","?","$","?","M","R","M","M","T","E","?","?","?","M","R","BOSS"],"build_version":"2019-01-23","purchased_purges":1,"victory":false,"max_hp_per_floor":[72,72,72,72,72,72,72,72,72,72,72,72,72,72,72,72],"card_choices":[{"not_picked":["Wild Strike","Clothesline"],"picked":"Heavy Blade","floor":1},{"not_picked":["Headbutt","Havoc"],"picked":"Armaments","floor":5},{"not_picked":["Warcry","Heavy Blade"],"picked":"Fiend Fire","floor":7},{"not_picked":["Clothesline","Wild Strike"],"picked":"Pommel Strike","floor":8},{"not_picked":["Heavy Blade","Shrug It Off"],"picked":"Infernal Blade","floor":10},{"not_picked":["Pommel Strike","Body Slam"],"picked":"Double Tap","floor":11},{"not_picked":["Rage","Sentinel"],"picked":"Clash","floor":14}],"player_experience":489981,"relics_obtained":[{"floor":9,"key":"Mercury Hourglass"},{"floor":10,"key":"Bottled Lightning"}],"event_choices":[{"damage_healed":0,"gold_gain":0,"player_choice":"Take Damage","damage_taken":18,"relics_obtained":["Golden Idol"],"max_hp_gain":0,"max_hp_loss":0,"event_name":"Golden Idol","floor":2,"gold_loss":0},{"cards_removed":["Defend_R"],"damage_healed":0,"gold_gain":0,"player_choice":"Offered Basic","damage_taken":0,"max_hp_gain":0,"max_hp_loss":0,"event_name":"Bonfire Elementals","floor":4,"gold_loss":0},{"damage_healed":18,"gold_gain":0,"player_choice":"Healed and dodged fight","damage_taken":0,"max_hp_gain":0,"max_hp_loss":0,"event_name":"Mushrooms","floor":12,"gold_loss":0,"cards_obtained":["Parasite"]}],"is_beta":false,"boss_relics":[],"items_purged_floors":[3],"is_endless":false,"potions_floor_spawned":[8,11,14],"killed_by":"The Guardian","ascension_level":4}