{"path_per_floor":["M","M","?","?","?","R","M","R","T","R","M","R","$","M","R","B",null,"M","M","$","M","?","R","$","?","T","M"],"character_chosen":"THE_SILENT","items_purchased":["Corpse Explosion","Endless Agony"],"gold_per_floor":[113,131,131,131,131,131,143,143,143,143,157,157,3,20,20,119,119,129,148,3,23,23,23,23,23,23,36],"floor_reached":28,"campfire_rested":0,"playtime":2792,"current_hp_per_floor":[66,66,66,66,66,66,66,66,66,66,62,62,62,62,62,48,70,62,52,52,36,36,36,36,20,20,5],"items_purged":["Strike_G"],"gold":36,"play_id":"caa564bc-b316-47d2-8f71-44a42759e5a1","is_prod":false,"is_daily":false,"is_ascension_mode":false,"campfire_upgraded":6,"path_taken":["M","M","?","?","?","R","M","R","T","R","M","R","?","M","R","BOSS","M","M","$","M","?","R","$","?","T","M","M"],"build_version":"2018-02-01-PROD3","purchased_purges":1,"victory":false,"master_deck":["Defend_G","Defend_G","Defend_G","Defend_G","Defend_G","Strike_G","Strike_G","Strike_G","Survivor+1","Neutralize+1","Sucker Punch+1","Poisoned Stab+1","Poisoned Stab+1","Predator+1","Corpse Explosion+1","Outmaneuver","Die Die Die","Endless Agony","Noxious Fumes+1","Endless Agony","Deadly Poison","PiercingWail"],"max_hp_per_floor":[70,70,70,70,70,70,70,70,70,70,70,70,70,70,70,70,70,70,70,70,70,70,70,70,70,70,70],"relics":["Ring of the Snake","Frozen Eye","Sozu","Nilry\u0027s Codex","Bag of Marbles"],"card_choices":[{"not_picked":["Crippling Poison","Choke"],"picked":"Sucker Punch"},{"not_picked":["Acrobatics","Sucker Punch"],"picked":"Poisoned Stab"},{"not_picked":["Blur","Dagger Spray"],"picked":"Poisoned Stab"},{"not_picked":["Backflip","Leg Sweep"],"picked":"Predator"},{"not_picked":["Backflip","Dodge and Roll"],"picked":"Outmaneuver"},{"not_picked":["Tools of the Trade","Unload"],"picked":"Die Die Die"},{"not_picked":["Deflect","Quick Slash"],"picked":"Endless Agony"},{"not_picked":["Dagger Throw","Outmaneuver"],"picked":"Noxious Fumes"},{"not_picked":["Dagger Spray","Infinite Blades"],"picked":"Deadly Poison"},{"not_picked":["Acrobatics","Masterful Stab"],"picked":"PiercingWail"}],"player_experience":51354,"potions_floor_usage":[16,16],"damage_taken":[{"damage":4,"enemies":"2 Louse","floor":1,"turns":3},{"damage":0,"enemies":"Small Slimes","floor":2,"turns":4},{"damage":0,"enemies":"Jaw Worm","floor":7,"turns":3},{"damage":4,"enemies":"Red Slaver","floor":11,"turns":3},{"damage":0,"enemies":"2 Fungi Beasts","floor":14,"turns":4},{"damage":29,"enemies":"Hexaghost","floor":16,"turns":9},{"damage":8,"enemies":"Spheric Guardian","floor":18,"turns":4},{"damage":10,"enemies":"Shell Parasite","floor":19,"turns":6},{"damage":16,"enemies":"Snecko","floor":21,"turns":5},{"damage":15,"enemies":"Centurion and Healer","floor":27,"turns":6},{"damage":14,"enemies":"Slaver and Parasite","floor":28,"turns":2}],"event_choices":[{"event_name":"Liars Game","player_choice":"disagreed","floor":3,"damage_taken":0},{"event_name":"Bonfire Elementals","player_choice":"BASIC","floor":4,"damage_taken":0},{"event_name":"Living Wall","player_choice":"Grow","floor":5,"damage_taken":0},{"event_name":"Addict","player_choice":"Ignored","floor":22,"damage_taken":0},{"event_name":"Cursed Tome","player_choice":"Obtained Book","floor":25,"damage_taken":0}],"boss_relics":[{"not_picked":["Cursed Key","Astrolabe"],"picked":"Sozu"}],"potions_floor_spawned":[1,14,16,21,27],"seed_played":"5761566693786570356","killed_by":"Slaver and Parasite","ascension_level":0,"is_trial":false}