{"gold_per_floor":[113,213,11,22,22,22,65,240,289,313,327,351,351,30,30,159,159,178,178,84,84],"floor_reached":21,"playtime":1574,"items_purged":["Doubt"],"score":204,"play_id":"f5fcfb3f-9f74-4766-8949-9416fd237dab","local_time":"20181012022910","is_ascension_mode":true,"campfire_choices":[{"data":"Self Repair","floor":6,"key":"SMITH"},{"floor":13,"key":"REST"},{"data":"Fusion","floor":15,"key":"SMITH"}],"neow_cost":"NONE","seed_source_timestamp":24688395484864,"circlet_count":0,"master_deck":["Strike_B","Strike_B","Defend_B","Defend_B","Defend_B","Zap","Dualcast","Sweeping Beam","Self Repair+1","Panache","Gash","White Noise","Redo","Conserve Battery","Fusion+1","Seek","Hologram","All For One","Steam+1","Coolheaded+1","Undo+1","Hologram+1","Gash","Auto Shields"],"relics":["Cracked Core","Golden Idol","Art of War","Dream Catcher","Toy Ornithopter","Astrolabe","Enchiridion"],"potions_floor_usage":[11,16,16],"damage_taken":[{"damage":1,"enemies":"Cultist","floor":1,"turns":3},{"damage":8,"enemies":"Jaw Worm","floor":4,"turns":4},{"damage":35,"enemies":"Gremlin Nob","floor":7,"turns":4},{"damage":0,"enemies":"2 Louse","floor":10,"turns":3},{"damage":24,"enemies":"Large Slime","floor":11,"turns":5},{"damage":7,"enemies":"Looter","floor":12,"turns":3},{"damage":51,"enemies":"The Guardian","floor":16,"turns":11},{"damage":17,"enemies":"Spheric Guardian","floor":18,"turns":4},{"damage":29,"enemies":"Colosseum Slavers","floor":21,"turns":4},{"damage":41,"enemies":"Colosseum Nobs","floor":21,"turns":3}],"seed_played":"-1061730234816458132","potions_obtained":[{"floor":1,"key":"FocusPotion"},{"floor":4,"key":"Explosive Potion"},{"floor":7,"key":"Energy Potion"}],"is_trial":false,"path_per_floor":["M","?","$","M","?","R","E","?","T","M","M","M","R","$","R","B",null,"M","?","$"],"character_chosen":"DEFECT","items_purchased":["Panache","Toy Ornithopter","Hologram","Gash","Auto Shields"],"campfire_rested":1,"item_purchase_floors":[3,14,14,20,20],"current_hp_per_floor":[74,74,74,73,55,55,30,30,30,40,26,29,51,51,51,20,75,68,52,52,0],"gold":84,"neow_bonus":"THREE_CARDS","is_prod":false,"is_daily":false,"chose_seed":false,"campfire_upgraded":2,"win_rate":0,"timestamp":1539304150,"path_taken":["M","?","?","?","?","R","E","?","T","M","M","?","R","?","R","BOSS","M","?","$","?"],"build_version":"2018-10-11","purchased_purges":1,"victory":false,"max_hp_per_floor":[75,75,75,75,75,75,75,75,75,75,75,75,75,75,75,75,75,75,75,75,75],"card_choices":[{"not_picked":["Steam","Rebound"],"picked":"Sweeping Beam","floor":0},{"not_picked":["Melter","Chill"],"picked":"Self Repair","floor":1},{"not_picked":["Beam Cell","Stack"],"picked":"Gash","floor":4},{"not_picked":["Ball Lightning","Rebound"],"picked":"White Noise","floor":7},{"not_picked":["Hello World","Coolheaded"],"picked":"Redo","floor":10},{"not_picked":["Recycle","Consume"],"picked":"Conserve Battery","floor":11},{"not_picked":["Recycle","Redo"],"picked":"Fusion","floor":12},{"not_picked":["Ball Lightning","Cold Snap"],"picked":"Seek","floor":13},{"not_picked":["Reboot","Thunder Strike"],"picked":"All For One","floor":16},{"not_picked":["Barrage","Sweeping Beam+1"],"picked":"Hologram+1","floor":18}],"player_experience":331329,"relics_obtained":[{"floor":7,"key":"Art of War"},{"floor":9,"key":"Dream Catcher"},{"floor":19,"key":"Enchiridion"}],"event_choices":[{"event_name":"Wheel of Change","player_choice":"Gold","floor":2,"damage_taken":0},{"event_name":"Golden Idol","player_choice":"Take Damage","floor":5,"damage_taken":0},{"event_name":"Liars Game","player_choice":"agreed","floor":8,"damage_taken":0},{"event_name":"Cursed Tome","player_choice":"Obtained Book","floor":19,"damage_taken":0},{"event_name":"Colosseum","player_choice":"Fight","floor":21,"damage_taken":0},{"event_name":"Colosseum","player_choice":"Fought Nobs","floor":21,"damage_taken":0}],"is_beta":false,"boss_relics":[{"not_picked":["Runic Dome","Velvet Choker"],"picked":"Astrolabe"}],"items_purged_floors":[14],"is_endless":false,"potions_floor_spawned":[1,4,7],"killed_by":"Colosseum Nobs","ascension_level":3}