{"gold_per_floor":[110,35,0,19,29,29,59,59,59,92,110,110,110,141,141,217,217,235,252,64,64,79,79],"floor_reached":23,"playtime":1076,"items_purged":["Regret","Strike_B"],"score":365,"play_id":"0e683a93-5b8b-48e1-9e4f-ab5c284c1ec8","local_time":"20190906213344","is_ascension_mode":true,"campfire_choices":[{"data":"Zap","floor":6.0,"key":"SMITH"},{"floor":12.0,"key":"REST"},{"data":"Static Discharge","floor":15.0,"key":"SMITH"}],"neow_cost":"CURSE","seed_source_timestamp":0,"circlet_count":0,"master_deck":["AscendersBane","Strike_B+1","Strike_B","Strike_B+1","Defend_B","Defend_B","Defend_B","Defend_B","Zap+1","Dualcast","Seek","Compile Driver","Leap","Loop","Biased Cognition","Coolheaded","Static Discharge+1","Glacier","Hyperbeam","Steam","Core Surge","Bandage Up","Self Repair"],"special_seed":0,"relics":["Cracked Core","Shuriken","Whetstone","Lantern","Spirit Poop","Mummified Hand","Sozu"],"potions_floor_usage":[],"damage_taken":[{"damage":6.0,"enemies":"2 Louse","floor":1.0,"turns":3.0},{"damage":0.0,"enemies":"Small Slimes","floor":4.0,"turns":4.0},{"damage":0.0,"enemies":"Cultist","floor":5.0,"turns":3.0},{"damage":26.0,"enemies":"Gremlin Nob","floor":7.0,"turns":4.0},{"damage":16.0,"enemies":"Lagavulin","floor":10.0,"turns":7.0},{"damage":0.0,"enemies":"2 Fungi Beasts","floor":11.0,"turns":4.0},{"damage":27.0,"enemies":"Gremlin Nob","floor":14.0,"turns":5.0},{"damage":22.0,"enemies":"Hexaghost","floor":16.0,"turns":9.0},{"damage":7,"enemies":"3 Byrds","floor":18,"turns":3},{"damage":14,"enemies":"Shell Parasite","floor":19,"turns":5},{"damage":20,"enemies":"Centurion and Healer","floor":22,"turns":11},{"damage":20,"enemies":"Gremlin Leader","floor":23,"turns":8}],"seed_played":"-9173293483637446628","potions_obtained":[{"floor":1.0,"key":"SneckoOil"},{"floor":7.0,"key":"GamblersBrew"},{"floor":14.0,"key":"GamblersBrew"}],"is_trial":false,"path_per_floor":["M","$","?","M","M","R","E","?","T","E","M","R","?","E","R","B",null,"M","M","$","$","M","E"],"character_chosen":"DEFECT","items_purchased":["Bandage Up"],"campfire_rested":1,"item_purchase_floors":[20],"current_hp_per_floor":[58,58,58,58,58,58,32,49,49,33,33,54,54,27,27,5,52,45,31,31,31,15,0],"gold":79,"neow_bonus":"THREE_RARE_CARDS","is_prod":false,"is_daily":false,"chose_seed":false,"campfire_upgraded":2,"win_rate":0,"timestamp":1567776824,"path_taken":["M","$","?","M","M","R","E","?","T","E","M","R","?","E","R","BOSS","M","M","?","$","M","E"],"build_version":"2019-07-17","purchased_purges":2,"victory":false,"max_hp_per_floor":[71,71,71,71,71,71,71,71,71,71,71,71,68,68,68,68,68,68,68,68,68,68,68],"card_choices":[{"not_picked":["Creative AI","Thunder Strike"],"picked":"Seek","floor":0.0},{"not_picked":["Beam Cell","Turbo"],"picked":"Compile Driver","floor":1.0},{"not_picked":["Rebound","Barrage"],"picked":"Leap","floor":4.0},{"not_picked":["Hologram","Gash"],"picked":"Loop","floor":5.0},{"not_picked":["Sunder","Compile Driver"],"picked":"Biased Cognition","floor":7.0},{"not_picked":["Redo","Rebound"],"picked":"Coolheaded","floor":10.0},{"not_picked":["Undo","Beam Cell"],"picked":"Static Discharge","floor":11.0},{"not_picked":["Static Discharge","Steam Power"],"picked":"Glacier","floor":14.0},{"not_picked":["Creative AI","Reboot"],"picked":"Hyperbeam","floor":16.0},{"not_picked":["Gash","Barrage"],"picked":"Steam","floor":18},{"not_picked":["Gash+1","Chaos"],"picked":"Core Surge","floor":19},{"not_picked":["Heatsinks","Cold Snap"],"picked":"Self Repair","floor":22}],"player_experience":899950,"relics_obtained":[{"floor":7.0,"key":"Shuriken"},{"floor":9.0,"key":"Whetstone"},{"floor":10.0,"key":"Lantern"},{"floor":14.0,"key":"Mummified Hand"}],"event_choices":[{"damage_healed":0.0,"max_hp_gain":0.0,"max_hp_loss":0.0,"gold_gain":0.0,"event_name":"World of Goop","player_choice":"Left Gold","floor":3.0,"gold_loss":35.0,"damage_taken":0.0},{"damage_healed":17.0,"max_hp_gain":0.0,"max_hp_loss":0.0,"gold_gain":0.0,"event_name":"Mushrooms","player_choice":"Healed and dodged fight","floor":8.0,"gold_loss":0.0,"damage_taken":0.0,"cards_obtained":["Parasite"]},{"cards_removed":["Parasite"],"damage_healed":0.0,"max_hp_gain":0.0,"max_hp_loss":0.0,"gold_gain":0.0,"event_name":"Bonfire Elementals","player_choice":"Offered Curse","floor":13.0,"gold_loss":0.0,"damage_taken":0.0,"relics_obtained":["Spirit Poop"]}],"is_beta":false,"boss_relics":[{"not_picked":["Philosopher\u0027s Stone","Fusion Hammer"],"picked":"Sozu"}],"items_purged_floors":[2,20],"is_endless":false,"potions_floor_spawned":[1,7,14,18],"killed_by":"Gremlin Leader","ascension_level":15}