{"path_per_floor":["M","?","M","M","M","R","M","?","T","R","M","?","$","E","R","B",null,"M","?","?","M","M","R","E","R","T","M","M","R","E","T","R","B",null,"M","?","?","$","?","R","?","M","T","R"],"character_chosen":"IRONCLAD","items_purchased":["Demon Form","Iron Wave","Inflame","Madness","Thinking Ahead"],"gold_per_floor":[114,114,127,141,158,158,169,169,169,169,186,186,21,55,55,159,159,172,172,87,101,111,111,144,144,444,464,480,480,505,530,530,635,635,649,649,649,200,200,200,200,217,241,241],"floor_reached":45,"campfire_rested":4,"playtime":4768,"current_hp_per_floor":[80,80,80,80,70,70,73,80,80,80,80,80,80,80,80,76,80,72,72,72,65,24,63,22,61,61,42,12,51,57,57,57,16,80,38,38,38,38,38,38,38,33,33,74],"items_purged":["Defend_R"],"gold":241,"play_id":"7c288852-d2ea-4b91-88b7-17193b4555f9","is_prod":false,"is_daily":false,"campfire_rituals":0,"campfire_upgraded":5,"is_hardmode":false,"path_taken":["M","?","M","M","M","R","M","?","T","R","M","?","$","E","R","BOSS","M","?","?","M","M","R","E","R","T","?","M","R","E","?","R","BOSS","M","?","?","$","?","R","?","M","T","R","E"],"build_version":"2018-01-18-PROD4","purchased_purges":1,"victory":false,"master_deck":["Strike_R","Strike_R","Strike_R","Strike_R","Strike_R","Defend_R","Bash","Iron Wave","Pummel","Twin Strike","Perfected Strike","Shrug It Off","Shrug It Off","Thunderclap","Demon Form","Iron Wave","Flex","Limit Break","Seeing Red","Seeing Red","Pommel Strike","Flex","Metallicize","Clash","Clash","Headbutt","Feed","Shrug It Off","Inflame","Madness","Thinking Ahead","Perfected Strike","Searing Blow"],"max_hp_per_floor":[80,80,80,80,80,80,80,80,80,80,80,80,80,80,80,80,80,80,80,80,80,80,80,80,80,80,80,80,80,80,80,80,80,80,83,83,83,83,83,83,83,87,87,87],"relics":["Burning Blood","Charon\u0027s Ashes","Happy Flower","Black Star","Regal Pillow","Pen Nib","Lantern","Old Coin","Ginger","Sundial","Prayer Wheel","Sozu","Omamori"],"campfire_meditates":0,"card_choices":[{"not_picked":["Disarm","Twin Strike"],"picked":"Iron Wave"},{"not_picked":["True Grit","Rupture"],"picked":"Pummel"},{"not_picked":["Combust","True Grit"],"picked":"Twin Strike"},{"not_picked":["Corruption","Searing Blow"],"picked":"Perfected Strike"},{"not_picked":["Shockwave","Dropkick"],"picked":"Shrug It Off"},{"not_picked":["Disarm","Warcry"],"picked":"Shrug It Off"},{"not_picked":["Hemokinesis","Heavy Blade"],"picked":"Thunderclap"},{"not_picked":["Clash","Rage"],"picked":"Flex"},{"not_picked":["Barricade","Demon Form"],"picked":"Limit Break"},{"not_picked":["Flex","Twin Strike"],"picked":"Seeing Red"},{"not_picked":["Metallicize","Clash"],"picked":"Pommel Strike"},{"not_picked":["True Grit","Sever Soul"],"picked":"Flex"},{"not_picked":["Battle Trance","Dual Wield"],"picked":"Metallicize"},{"not_picked":["Sword Boomerang","Sever Soul"],"picked":"Clash"},{"not_picked":["Warcry","Sword Boomerang"],"picked":"Clash"},{"not_picked":["Battle Trance","Clothesline"],"picked":"Headbutt"},{"not_picked":["Limit Break","Brutality"],"picked":"Feed"},{"not_picked":["Headbutt","Sword Boomerang"],"picked":"Shrug It Off"},{"not_picked":["Power Through","Uppercut"],"picked":"Perfected Strike"},{"not_picked":["Intimidate","Flame Barrier"],"picked":"Searing Blow"}],"player_experience":27046,"potions_floor_usage":[22,33],"damage_taken":[{"damage":6,"enemies":"Jaw Worm","floor":1,"turns":5},{"damage":0,"enemies":"Cultist","floor":3,"turns":3},{"damage":0,"enemies":"2 Louse","floor":4,"turns":4},{"damage":16,"enemies":"Lots of Slimes","floor":5,"turns":5},{"damage":3,"enemies":"Exordium Thugs","floor":7,"turns":8},{"damage":3,"enemies":"2 Fungi Beasts","floor":11,"turns":3},{"damage":4,"enemies":"Lagavulin","floor":14,"turns":5},{"damage":10,"enemies":"The Guardian","floor":16,"turns":6},{"damage":14,"enemies":"3 Byrds","floor":18,"turns":5},{"damage":13,"enemies":"Chosen","floor":21,"turns":4},{"damage":47,"enemies":"Slaver and Parasite","floor":22,"turns":6},{"damage":47,"enemies":"Book of Stabbing","floor":24,"turns":6},{"damage":25,"enemies":"Snake Plant","floor":27,"turns":5},{"damage":36,"enemies":"Snecko","floor":28,"turns":5},{"damage":0,"enemies":"Gremlin Leader","floor":30,"turns":4},{"damage":53,"enemies":"Collector","floor":33,"turns":9},{"damage":51,"enemies":"3 Shapes","floor":35,"turns":4},{"damage":15,"enemies":"Orb Walker","floor":42,"turns":3},{"damage":85,"enemies":"Nemesis","floor":45,"turns":9}],"event_choices":[{"event_name":"Liars Game","player_choice":"disagreed","floor":2,"damage_taken":0},{"event_name":"Wheel of Change","player_choice":"Full Heal","floor":8,"damage_taken":0},{"event_name":"Purifier","player_choice":"One Purge","floor":12,"damage_taken":0},{"event_name":"Duplicator","player_choice":"One dupe","floor":19,"damage_taken":0},{"event_name":"Addict","player_choice":"Obtained Relic","floor":20,"damage_taken":0},{"event_name":"Bonfire Elementals","player_choice":"BASIC","floor":36,"damage_taken":0},{"event_name":"Mysterious Sphere","player_choice":"Ignore","floor":37,"damage_taken":0},{"event_name":"The Lab","player_choice":"Got Potions","floor":39,"damage_taken":0},{"event_name":"The Woman in Blue","player_choice":"Bought 0 Potions","floor":41,"damage_taken":0}],"boss_relics":[{"not_picked":["Calling Bell","Runic Dome"],"picked":"Black Star"},{"not_picked":["Philosopher\u0027s Stone","Tiny House"],"picked":"Sozu"}],"potions_floor_spawned":[4,5,7,21,24,27,28,33,35],"seed_played":"5717124291010399052","killed_by":"Nemesis","is_trial":false}