{"gold_per_floor":[11,11,11,27,27,27,61,12,63,82,101,112,112,127,127,228,228,245,20,20,20,33,33,33,33,33,33],"floor_reached":27,"playtime":1618,"items_purged":["Strike_B"],"score":278,"play_id":"cdb0134e-44b1-4aa3-a7ad-6830ee97506e","local_time":"20190408230107","is_ascension_mode":true,"campfire_choices":[{"data":"Gash","floor":6,"key":"SMITH"},{"floor":13,"key":"REST"},{"data":"Gash","floor":15,"key":"SMITH"},{"floor":23,"key":"REST"},{"data":"Ghostly","floor":25,"key":"SMITH"}],"neow_cost":"NO_GOLD","seed_source_timestamp":5232460065900,"circlet_count":0,"master_deck":["Strike_B","Strike_B","Strike_B","Defend_B","Defend_B","Defend_B","Defend_B+1","Zap+1","Dualcast","Self Repair","Gash+1","Fusion","Rebound","Gash+1","Darkness","White Noise","Meteor Strike","Defragment","Consume","Conserve Battery","Hologram","Seek","Reboot","Beam Cell+1","Ghostly+1","Ghostly","Ghostly","Ghostly","Ghostly"],"relics":["Cracked Core","Du-Vu Doll","Emotion Chip","Bronze Scales","Orrery","Nilry\u0027s Codex","Cables"],"potions_floor_usage":[16,16],"damage_taken":[{"damage":1,"enemies":"2 Louse","floor":1,"turns":3},{"damage":0,"enemies":"Jaw Worm","floor":4,"turns":3},{"damage":27,"enemies":"Gremlin Nob","floor":7,"turns":4},{"damage":3,"enemies":"Small Slimes","floor":10,"turns":2},{"damage":16,"enemies":"Blue Slaver","floor":11,"turns":3},{"damage":5,"enemies":"Gremlin Gang","floor":12,"turns":3},{"damage":12,"enemies":"2 Fungi Beasts","floor":14,"turns":2},{"damage":39,"enemies":"Slime Boss","floor":16,"turns":6},{"damage":52,"enemies":"Shell Parasite","floor":18,"turns":6},{"damage":22,"enemies":"Spheric Guardian","floor":22,"turns":4},{"damage":49,"enemies":"Book of Stabbing","floor":27,"turns":4}],"seed_played":"-6399925675106561224","potions_obtained":[{"floor":10,"key":"Energy Potion"},{"floor":14,"key":"Dexterity Potion"},{"floor":22,"key":"Dexterity Potion"}],"is_trial":false,"path_per_floor":["M","?","?","M","?","R","E","$","T","M","M","M","R","M","R","B",null,"M","$","?","$","M","R","?","R","T","E"],"character_chosen":"DEFECT","items_purchased":["Rebound","Reboot"],"campfire_rested":2,"item_purchase_floors":[8,19],"current_hp_per_floor":[88,93,74,81,56,56,36,36,36,40,31,33,61,56,56,24,94,49,49,33,33,18,46,46,46,46,0],"gold":33,"neow_bonus":"TWENTY_PERCENT_HP_BONUS","is_prod":false,"is_daily":false,"chose_seed":false,"campfire_upgraded":3,"win_rate":0,"timestamp":1554757267,"path_taken":["M","?","?","M","?","R","E","$","T","?","M","M","R","M","R","BOSS","M","$","?","$","M","R","?","R","T","E"],"build_version":"2019-01-23","purchased_purges":1,"victory":false,"max_hp_per_floor":[89,94,94,94,94,94,94,94,94,94,94,94,94,94,94,94,94,94,94,94,94,94,94,47,47,47,47],"card_choices":[{"not_picked":["Coolheaded","Steam"],"picked":"Self Repair","floor":1},{"not_picked":["Hologram","Conserve Battery"],"picked":"Gash","floor":4},{"not_picked":["Chill","Rebound"],"picked":"Fusion","floor":7},{"not_picked":["Coolheaded","Beam Cell","Stack"],"picked":"SKIP","floor":10},{"not_picked":["Aggregate","Cold Snap"],"picked":"Gash","floor":11},{"not_picked":["Cold Snap","Blizzard"],"picked":"Darkness","floor":12},{"not_picked":["Loop","Go for the Eyes"],"picked":"White Noise","floor":14},{"not_picked":["Hyperbeam","Amplify"],"picked":"Meteor Strike","floor":16},{"not_picked":["Coolheaded","Aggregate"],"picked":"Defragment","floor":17},{"not_picked":["Undo","Cold Snap"],"picked":"Consume","floor":17},{"not_picked":["Storm","Compile Driver"],"picked":"Conserve Battery","floor":17},{"not_picked":["Turbo","Cold Snap"],"picked":"Hologram","floor":17},{"not_picked":["Turbo","Hologram"],"picked":"Seek","floor":18},{"not_picked":["Darkness","Hologram"],"picked":"Beam Cell+1","floor":22}],"player_experience":490800,"relics_obtained":[{"floor":7,"key":"Emotion Chip"},{"floor":9,"key":"Bronze Scales"},{"floor":20,"key":"Nilry\u0027s Codex"},{"floor":26,"key":"Cables"}],"event_choices":[{"damage_healed":0,"gold_gain":0,"player_choice":"Donut","damage_taken":0,"max_hp_gain":5,"max_hp_loss":0,"event_name":"Big Fish","floor":2,"gold_loss":0},{"damage_healed":0,"gold_gain":0,"player_choice":"Entered Light","damage_taken":19,"max_hp_gain":0,"max_hp_loss":0,"event_name":"Shining Light","floor":3,"gold_loss":0,"cards_upgraded":["Zap","Defend_B"]},{"damage_healed":0,"gold_gain":0,"player_choice":"Success","damage_taken":25,"relics_obtained":["Du-Vu Doll"],"max_hp_gain":0,"max_hp_loss":0,"event_name":"Scrap Ooze","floor":5,"gold_loss":0},{"damage_healed":0,"gold_gain":0,"player_choice":"Obtained Book","damage_taken":16,"max_hp_gain":0,"max_hp_loss":0,"event_name":"Cursed Tome","floor":20,"gold_loss":0},{"damage_healed":0,"gold_gain":0,"player_choice":"Became a Ghost","damage_taken":0,"max_hp_gain":0,"max_hp_loss":47,"event_name":"Ghosts","floor":24,"gold_loss":0,"cards_obtained":["Ghostly","Ghostly","Ghostly","Ghostly","Ghostly"]}],"is_beta":false,"boss_relics":[{"not_picked":["Lizard Tail","Inserter"],"picked":"Orrery"}],"items_purged_floors":[19],"is_endless":false,"potions_floor_spawned":[10,14,22],"killed_by":"Book of Stabbing","ascension_level":4}