{"path_per_floor":["M","$","?","?","M","R","M","E","T","R","M","M","R","M","R","B",null,"M","M","$","M","?","R","?","?","T","E","R","M","M","?","R"],"character_chosen":"IRONCLAD","items_purchased":["Heavy Blade","Panache","Headbutt"],"gold_per_floor":[113,15,90,90,110,110,129,155,179,179,197,216,216,235,235,331,331,350,365,22,35,35,35,35,35,61,87,87,98,110,110,110],"floor_reached":33,"campfire_rested":2,"playtime":3478,"current_hp_per_floor":[70,70,59,64,64,64,65,45,45,45,50,50,50,46,71,17,85,71,77,77,65,65,65,65,65,65,47,47,53,41,41,66],"items_purged":["Defend_R","Defend_R"],"gold":110,"play_id":"b116e242-e236-4801-8161-338e029e04bd","is_prod":false,"is_daily":false,"campfire_rituals":0,"campfire_upgraded":5,"is_hardmode":false,"path_taken":["M","?","?","?","M","R","M","E","T","R","M","M","R","M","R","BOSS","M","M","$","M","?","R","?","?","T","E","R","M","M","?","R","BOSS"],"build_version":"2018-01-18-PROD4","purchased_purges":2,"victory":false,"master_deck":["Strike_R","Strike_R","Strike_R","Strike_R","Strike_R","Defend_R","Bash","Perfected Strike","Heavy Blade","Rage","Inflame","Flex","Warcry","Inflame","Flex","Impervious","Cleave","Heavy Blade","Panache","Headbutt","Dual Wield","Uppercut","Shrug It Off","Flex"],"max_hp_per_floor":[80,80,80,85,85,85,85,85,85,85,85,85,85,85,85,85,85,85,85,85,85,85,85,85,85,85,85,85,85,85,85,85],"relics":["Burning Blood","Ornamental Fan","Whetstone","Velvet Choker","Anchor","Bottled Flame"],"campfire_meditates":0,"card_choices":[{"not_picked":["Warcry","Pummel"],"picked":"Perfected Strike"},{"not_picked":["Warcry","Twin Strike"],"picked":"Rage"},{"not_picked":["Flex","Twin Strike"],"picked":"Inflame"},{"not_picked":["Clothesline","Anger"],"picked":"Flex"},{"not_picked":["Clothesline","Body Slam"],"picked":"Warcry"},{"not_picked":["Sever Soul","Heavy Blade"],"picked":"Inflame"},{"not_picked":["Juggernaut","Body Slam"],"picked":"Flex"},{"not_picked":["Offering","Juggernaut"],"picked":"Impervious"},{"not_picked":["Shrug It Off","Disarm"],"picked":"Cleave"},{"not_picked":["Spot Weakness","Rupture"],"picked":"Heavy Blade"},{"not_picked":["Flex","True Grit"],"picked":"Dual Wield"},{"not_picked":["Fiend Fire","Offering"],"picked":"Uppercut"},{"not_picked":["Body Slam","Perfected Strike"],"picked":"Shrug It Off"},{"not_picked":["Warcry","Reckless Charge"],"picked":"Flex"}],"player_experience":23568,"potions_floor_usage":[19,19],"damage_taken":[{"damage":16,"enemies":"Blue Slaver","floor":1,"turns":7},{"damage":6,"enemies":"2 Louse","floor":5,"turns":2},{"damage":5,"enemies":"Small Slimes","floor":7,"turns":3},{"damage":26,"enemies":"Gremlin Nob","floor":8,"turns":5},{"damage":1,"enemies":"3 Louse","floor":11,"turns":3},{"damage":6,"enemies":"Exordium Wildlife","floor":12,"turns":3},{"damage":10,"enemies":"2 Fungi Beasts","floor":14,"turns":3},{"damage":60,"enemies":"Hexaghost","floor":16,"turns":8},{"damage":20,"enemies":"2 Thieves","floor":18,"turns":4},{"damage":0,"enemies":"Chosen","floor":19,"turns":3},{"damage":18,"enemies":"Snecko","floor":21,"turns":4},{"damage":24,"enemies":"Book of Stabbing","floor":27,"turns":4},{"damage":0,"enemies":"Centurion and Healer","floor":29,"turns":3},{"damage":18,"enemies":"Slaver and Parasite","floor":30,"turns":4},{"damage":74,"enemies":"Automaton","floor":33,"turns":8}],"event_choices":[{"event_name":"World of Goop","player_choice":"Gather Gold","floor":3,"damage_taken":0},{"event_name":"Big Fish","player_choice":"Donut","floor":4,"damage_taken":0},{"event_name":"Addict","player_choice":"Ignored","floor":22,"damage_taken":0},{"event_name":"Purifier","player_choice":"One Purge","floor":24,"damage_taken":0},{"event_name":"Vampires","player_choice":"Ignored","floor":25,"damage_taken":0},{"event_name":"The Mausoleum","player_choice":"No","floor":31,"damage_taken":0}],"boss_relics":[{"not_picked":["Calling Bell","Mark of Pain"],"picked":"Velvet Choker"}],"potions_floor_spawned":[5,8,14,16,18,19,30],"seed_played":"3355465849960312551","killed_by":"Automaton","is_trial":false}