{"gold_per_floor":[117,130,34,334,165,200,219,219,219,219,232,265,277,296,296,397,397,412,245,245,263,11,11,11,11,11,21,41,41,58,70,70,174,174,192,292,292,309,324,324],"floor_reached":40,"playtime":3296,"items_purged":["Strike_G","Strike_G","Strike_G"],"score":485,"play_id":"c92ad05d-5849-4e57-aa64-c4411236e791","local_time":"20181211015549","is_ascension_mode":true,"campfire_choices":[{"floor":8,"key":"REST"},{"data":"Accuracy","floor":15,"key":"SMITH"},{"data":"Infinite Blades","floor":23,"key":"SMITH"},{"data":"Envenom","floor":25,"key":"SMITH"},{"data":"Blade Dance","floor":29,"key":"SMITH"},{"floor":32,"key":"REST"}],"neow_cost":"PERCENT_DAMAGE","seed_source_timestamp":95196567021290,"circlet_count":0,"master_deck":["Defend_G","Defend_G","Defend_G","Defend_G","Defend_G","Strike_G","Strike_G","Survivor","Neutralize","Endless Agony","Blade Dance","Blur","Flying Knee","Accuracy+1","Cloak And Dagger","Backflip","Backflip","Backstab","Choke","Quick Slash","Envenom+1","Prepared+1","Crippling Poison","Blade Dance+1","Infinite Blades+1","Flying Knee","Cloak And Dagger","Flying Knee+1","Blade Dance+1","Finisher","Cloak And Dagger","Burst","Noxious Fumes+1","Bane+1","Poisoned Stab+1","Quick Slash+1"],"relics":["Ring of the Snake","Lantern","Mummified Hand","Gremlin Horn","Runic Pyramid","Nloth\u0027s Gift","Dodecahedron","Eternal Feather","Unceasing Top"],"potions_floor_usage":[12,16,33,33,33,39,40],"damage_taken":[{"damage":0,"enemies":"2 Louse","floor":1,"turns":3},{"damage":1,"enemies":"Cultist","floor":2,"turns":4},{"damage":27,"enemies":"Lagavulin","floor":6,"turns":8},{"damage":0,"enemies":"Jaw Worm","floor":7,"turns":4},{"damage":0,"enemies":"Looter","floor":11,"turns":3},{"damage":22,"enemies":"Gremlin Nob","floor":12,"turns":4},{"damage":5,"enemies":"Exordium Thugs","floor":13,"turns":5},{"damage":1,"enemies":"Blue Slaver","floor":14,"turns":2},{"damage":18,"enemies":"Slime Boss","floor":16,"turns":13},{"damage":20,"enemies":"Shell Parasite","floor":18,"turns":6},{"damage":0,"enemies":"3 Byrds","floor":21,"turns":5},{"damage":9,"enemies":"3 Cultists","floor":27,"turns":4},{"damage":10,"enemies":"Centurion and Healer","floor":28,"turns":4},{"damage":8,"enemies":"Snake Plant","floor":30,"turns":3},{"damage":14,"enemies":"Cultist and Chosen","floor":31,"turns":4},{"damage":39,"enemies":"Collector","floor":33,"turns":9},{"damage":11,"enemies":"3 Shapes","floor":35,"turns":3},{"damage":27,"enemies":"Mind Bloom Boss Battle","floor":36,"turns":5},{"damage":12,"enemies":"Orb Walker","floor":38,"turns":4},{"damage":23,"enemies":"Sphere and 2 Shapes","floor":39,"turns":5},{"damage":38,"enemies":"Giant Head","floor":40,"turns":5}],"seed_played":"8005882317474709483","potions_obtained":[{"floor":1,"key":"Block Potion"},{"floor":11,"key":"Explosive Potion"},{"floor":12,"key":"FearPotion"},{"floor":16,"key":"GhostInAJar"},{"floor":18,"key":"Ancient Potion"},{"floor":21,"key":"EssenceOfSteel"},{"floor":31,"key":"Dexterity Potion"},{"floor":35,"key":"SpeedPotion"},{"floor":38,"key":"EssenceOfSteel"}],"is_trial":false,"path_per_floor":["M","M","$","?","$","E","M","R","T","?","M","E","M","M","R","B",null,"M","$","?","M","$","R","?","R","T","M","M","R","M","M","R","B",null,"M","?","?","M","M","E"],"character_chosen":"THE_SILENT","items_purchased":["Blur","Flying Knee","Accuracy","Cloak And Dagger","Crippling Poison","Infinite Blades","Flying Knee"],"campfire_rested":2,"item_purchase_floors":[3,3,5,5,19,22,22],"current_hp_per_floor":[63,62,62,62,62,35,35,60,60,60,60,38,33,32,32,14,84,64,64,64,64,64,64,64,64,64,55,45,45,37,23,48,9,84,73,46,46,34,11,0],"gold":324,"neow_bonus":"TWENTY_PERCENT_HP_BONUS","is_prod":false,"is_daily":false,"chose_seed":false,"campfire_upgraded":4,"win_rate":0,"timestamp":1544489749,"path_taken":["M","M","$","?","?","E","M","R","T","?","M","E","M","?","R","BOSS","M","$","?","M","?","R","?","R","T","M","M","R","M","M","R","BOSS","M","?","?","M","M","E"],"build_version":"2018-12-06","purchased_purges":3,"victory":false,"max_hp_per_floor":[84,84,84,84,84,84,84,84,84,84,84,84,84,84,84,84,84,84,84,84,84,84,84,84,84,84,84,84,84,84,84,84,84,84,84,84,84,84,84,84],"card_choices":[{"not_picked":["Concentrate","Deflect"],"picked":"Endless Agony","floor":1},{"not_picked":["Terror","Quick Slash"],"picked":"Blade Dance","floor":2},{"not_picked":["Poisoned Stab","Eviscerate"],"picked":"Backflip","floor":6},{"not_picked":["Sucker Punch","Flying Knee"],"picked":"Backflip","floor":7},{"not_picked":["Terror","Flying Knee"],"picked":"Backstab","floor":11},{"not_picked":["Slice","Catalyst"],"picked":"Choke","floor":12},{"not_picked":["Catalyst","Prepared"],"picked":"Slice","floor":13},{"not_picked":["Bouncing Flask","Deadly Poison"],"picked":"Quick Slash","floor":14},{"not_picked":["Venomology","Night Terror"],"picked":"Envenom","floor":16},{"not_picked":["Reflex","Acrobatics"],"picked":"Prepared+1","floor":18},{"not_picked":["Slice","Underhanded Strike"],"picked":"Blade Dance+1","floor":21},{"not_picked":["Calculated Gamble","Prepared"],"picked":"Flying Knee+1","floor":27},{"not_picked":["Quick Slash","Tactician+1"],"picked":"Blade Dance","floor":28},{"not_picked":["Blur","Crippling Poison"],"picked":"Finisher","floor":30},{"not_picked":["Expertise","Deflect"],"picked":"Cloak And Dagger","floor":31},{"not_picked":["Malaise","Corpse Explosion"],"picked":"Burst","floor":33},{"not_picked":["Glass Knife","Blade Dance"],"picked":"Noxious Fumes+1","floor":35},{"not_picked":["Well Laid Plans","Dodge and Roll"],"picked":"Bane+1","floor":36},{"not_picked":["Flying Knee","Sucker Punch"],"picked":"Poisoned Stab+1","floor":38},{"not_picked":["Dagger Spray+1","Poisoned Stab"],"picked":"Quick Slash+1","floor":39}],"player_experience":416357,"relics_obtained":[{"floor":6,"key":"Lantern"},{"floor":9,"key":"Mummified Hand"},{"floor":12,"key":"Gremlin Horn"},{"floor":26,"key":"Dodecahedron"},{"floor":36,"key":"Unceasing Top"}],"event_choices":[{"damage_healed":0,"gold_gain":0,"player_choice":"Gave Potion","damage_taken":0,"relics_obtained":["Old Coin"],"max_hp_gain":0,"max_hp_loss":0,"event_name":"WeMeetAgain","floor":4,"gold_loss":0},{"damage_healed":0,"gold_gain":0,"player_choice":"Ignored","damage_taken":0,"max_hp_gain":0,"max_hp_loss":0,"event_name":"Liars Game","floor":10,"gold_loss":0},{"damage_healed":0,"gold_gain":0,"player_choice":"Traded Relic","damage_taken":0,"relics_obtained":["Nloth\u0027s Gift"],"max_hp_gain":0,"max_hp_loss":0,"event_name":"N\u0027loth","floor":20,"relics_lost":["Old Coin"],"gold_loss":0},{"damage_healed":0,"gold_gain":0,"player_choice":"Read","damage_taken":0,"max_hp_gain":0,"max_hp_loss":0,"event_name":"The Library","floor":24,"gold_loss":0,"cards_obtained":["Cloak And Dagger"]},{"damage_healed":0,"gold_gain":0,"player_choice":"Fight","damage_taken":0,"max_hp_gain":0,"max_hp_loss":0,"event_name":"MindBloom","floor":36,"gold_loss":0},{"cards_removed":["Slice"],"damage_healed":0,"gold_gain":0,"player_choice":"Removed Attack","damage_taken":0,"max_hp_gain":0,"max_hp_loss":0,"event_name":"Falling","floor":37,"gold_loss":0}],"is_beta":false,"boss_relics":[{"not_picked":["White Beast Statue","HoveringKite"],"picked":"Runic Pyramid"},{"not_picked":["Runic Dome","Black Star"],"picked":"Eternal Feather"}],"items_purged_floors":[5,19,22],"is_endless":false,"potions_floor_spawned":[1,11,12,16,18,21,31,35,38],"killed_by":"Giant Head","ascension_level":3}