{"gold_per_floor":[112,112,112,17,31,31,65,76,76,176,49,65,81,113,113,113],"floor_reached":16,"playtime":831,"items_purged":["Defend_R"],"score":121,"play_id":"72d9f80a-206f-420c-abce-e810dd13ba45","local_time":"20180822012605","is_ascension_mode":true,"campfire_choices":[{"data":"Armaments","floor":6,"key":"SMITH"},{"data":"Flash of Steel","floor":15,"key":"SMITH"}],"neow_cost":"NONE","seed_source_timestamp":2533748817726,"circlet_count":0,"master_deck":["Strike_R","Strike_R","Strike_R","Strike_R","Strike_R","Defend_R","Bash","Perfected Strike","Flash of Steel+1","Armaments+1","Warcry","Shrug It Off","Cleave","Limit Break","Cleave","Ghostly Armor+1"],"relics":["Burning Blood","Shuriken","Bottled Flame","Toxic Egg 2"],"potions_floor_usage":[7,14],"damage_taken":[{"damage":15,"enemies":"Small Slimes","floor":1,"turns":4},{"damage":9,"enemies":"Jaw Worm","floor":5,"turns":3},{"damage":15,"enemies":"Gremlin Nob","floor":7,"turns":4},{"damage":6,"enemies":"2 Louse","floor":8,"turns":2},{"damage":0,"enemies":"Large Slime","floor":12,"turns":4},{"damage":9,"enemies":"Looter","floor":13,"turns":3},{"damage":18,"enemies":"Lagavulin","floor":14,"turns":5},{"damage":50,"enemies":"Slime Boss","floor":16,"turns":6}],"seed_played":"38288714498492885","potions_obtained":[{"floor":5,"key":"EssenceOfSteel"},{"floor":7,"key":"SteroidPotion"},{"floor":12,"key":"EntropicBrew"}],"is_trial":false,"path_per_floor":["M","?","?","$","M","R","E","M","T","?","$","M","M","E","R"],"character_chosen":"IRONCLAD","items_purchased":["Flash of Steel","Cleave"],"campfire_rested":0,"item_purchase_floors":[4,11],"current_hp_per_floor":[71,71,71,71,68,68,59,59,59,59,59,65,62,50,50,0],"gold":113,"neow_bonus":"REMOVE_CARD","is_prod":false,"is_daily":false,"chose_seed":false,"campfire_upgraded":2,"win_rate":0,"timestamp":1534893965,"path_taken":["M","?","?","?","M","R","E","M","T","?","$","M","M","E","R","BOSS"],"build_version":"2018-08-16","purchased_purges":1,"victory":false,"max_hp_per_floor":[80,80,80,80,80,80,80,80,80,80,80,80,80,80,80,80],"card_choices":[{"not_picked":["Headbutt","Thunderclap"],"picked":"Perfected Strike","floor":1},{"not_picked":["Body Slam","Rage"],"picked":"Armaments","floor":5},{"not_picked":["Thunderclap","Shockwave"],"picked":"Warcry","floor":7},{"not_picked":["Entrench","Twin Strike"],"picked":"Shrug It Off","floor":8},{"not_picked":["Battle Trance","Flex"],"picked":"Limit Break","floor":12},{"not_picked":["Body Slam","Clash"],"picked":"Cleave","floor":13},{"not_picked":["Body Slam","True Grit"],"picked":"Ghostly Armor","floor":14}],"player_experience":260313,"relics_obtained":[{"floor":7,"key":"Shuriken"},{"floor":9,"key":"Bottled Flame"},{"floor":14,"key":"Toxic Egg 2"}],"event_choices":[{"event_name":"Living Wall","player_choice":"Forget","floor":2,"damage_taken":0},{"event_name":"Liars Game","player_choice":"disagreed","floor":3,"damage_taken":0},{"event_name":"Golden Shrine","player_choice":"Pray","floor":10,"damage_taken":0}],"is_beta":false,"boss_relics":[],"items_purged_floors":[11],"is_endless":false,"potions_floor_spawned":[5,7,12],"killed_by":"Slime Boss","ascension_level":2}