{"gold_per_floor":[110,110,110,110,130,130,144,179,233,248,292,292,332,43,43,171,171,185,185,185,49,65,65],"floor_reached":23,"playtime":1216,"items_purged":["Defend_B","Defend_B"],"score":228,"play_id":"3816d596-a1c6-43d2-8606-ce976ae8a817","local_time":"20180902185606","is_ascension_mode":true,"campfire_choices":[{"floor":6,"key":"REST"},{"floor":12,"key":"REST"},{"floor":15,"key":"REST"}],"neow_cost":"PERCENT_DAMAGE","seed_source_timestamp":25697186328570,"circlet_count":0,"master_deck":["Strike_B","Defend_B+1","Defend_B+1","Zap","Dualcast","Conserve Battery","Ball Lightning","Echo Form","FTL","Streamline","Coolheaded","Conserve Battery","Storm+1","Reboot","Streamline","Beam Cell","Loop+1","Self Repair+1"],"relics":["Cracked Core","Pen Nib","Bloody Idol","Frozen Egg 2","War Paint","Darkstone Periapt","MawBank","Anchor","Black Star"],"potions_floor_usage":[11,13,18],"damage_taken":[{"damage":0,"enemies":"Cultist","floor":1,"turns":3},{"damage":5,"enemies":"Small Slimes","floor":5,"turns":3},{"damage":2,"enemies":"Jaw Worm","floor":7,"turns":3},{"damage":26,"enemies":"Gremlin Nob","floor":8,"turns":5},{"damage":4,"enemies":"3 Louse","floor":10,"turns":4},{"damage":30,"enemies":"3 Sentries","floor":11,"turns":9},{"damage":23,"enemies":"Gremlin Nob","floor":13,"turns":4},{"damage":21,"enemies":"Hexaghost","floor":16,"turns":10},{"damage":45,"enemies":"2 Thieves","floor":18,"turns":4},{"damage":13,"enemies":"Spheric Guardian","floor":22,"turns":4},{"damage":31,"enemies":"Gremlin Leader","floor":23,"turns":4}],"seed_played":"-6103669822587829009","potions_obtained":[{"floor":5,"key":"Regen Potion"},{"floor":11,"key":"Strength Potion"},{"floor":13,"key":"GamblersBrew"},{"floor":16,"key":"Poison Potion"}],"is_trial":false,"path_per_floor":["M","?","T","?","M","R","M","E","T","M","E","R","E","$","R","B",null,"M","?","?","$","M"],"character_chosen":"DEFECT","items_purchased":["Anchor","Storm+1","Loop+1"],"campfire_rested":3,"item_purchase_floors":[14,14,21],"current_hp_per_floor":[54,59,59,39,34,58,56,30,30,26,11,35,12,12,36,15,80,35,35,35,35,27,0],"gold":65,"neow_bonus":"REMOVE_TWO","is_prod":false,"is_daily":false,"chose_seed":false,"campfire_upgraded":0,"win_rate":0,"timestamp":1535907366,"path_taken":["M","?","?","?","M","R","M","E","T","M","E","R","E","$","R","BOSS","M","?","?","$","?","E"],"build_version":"2018-08-30","purchased_purges":2,"victory":false,"max_hp_per_floor":[75,80,80,80,80,80,80,80,80,80,80,80,80,80,80,80,80,80,80,80,80,80,80],"card_choices":[{"not_picked":["Beam Cell","Stack"],"picked":"Conserve Battery","floor":1},{"not_picked":["Compile Driver","Undo"],"picked":"Ball Lightning","floor":5},{"not_picked":["Streamline","Consume"],"picked":"Echo Form","floor":7},{"not_picked":["Skim","Chaos"],"picked":"FTL","floor":8},{"not_picked":["Hello World+1","Gash"],"picked":"Streamline","floor":10},{"not_picked":["Compile Driver","Cold Snap"],"picked":"Coolheaded","floor":11},{"not_picked":["Capacitor+1","Barrage"],"picked":"Conserve Battery","floor":13},{"not_picked":["All For One","Core Surge"],"picked":"Reboot","floor":16},{"not_picked":["Redo","Rip and Tear"],"picked":"Streamline","floor":18},{"not_picked":["Stack","Doom and Gloom"],"picked":"Self Repair+1","floor":22}],"player_experience":280860,"relics_obtained":[{"floor":3,"key":"Pen Nib"},{"floor":8,"key":"Frozen Egg 2"},{"floor":9,"key":"War Paint"},{"floor":11,"key":"Darkstone Periapt"},{"floor":13,"key":"MawBank"}],"event_choices":[{"event_name":"Big Fish","player_choice":"Donut","floor":2,"damage_taken":0},{"event_name":"Golden Idol","player_choice":"Take Damage","floor":4,"damage_taken":0},{"event_name":"Forgotten Altar","player_choice":"Gave Idol","floor":19,"damage_taken":0},{"event_name":"Transmorgrifier","player_choice":"Transform","floor":20,"damage_taken":0}],"is_beta":false,"boss_relics":[{"not_picked":["Runic Pyramid","Cursed Key"],"picked":"Black Star"}],"items_purged_floors":[14,21],"is_endless":false,"potions_floor_spawned":[5,11,13,16],"killed_by":"Gremlin Leader","ascension_level":2}