{"path_per_floor":["M","M","?","$","M","R","M","?","T","?","R","T","M","M","R","B",null,"M","$","?","M","$","R","?","M","T","R","M","R","M","M","R"],"character_chosen":"THE_SILENT","items_purchased":["Noxious Fumes","Adrenaline","Well Laid Plans"],"gold_per_floor":[113,124,74,37,52,52,67,142,142,142,142,142,160,170,170,268,268,285,15,15,25,25,25,25,45,45,45,65,65,79,97,97],"floor_reached":33,"campfire_rested":2,"playtime":4807,"current_hp_per_floor":[60,58,58,58,58,58,48,37,37,37,37,37,39,41,41,51,70,48,48,48,50,50,70,70,70,70,70,67,67,43,26,47],"items_purged":["Defend_G"],"gold":97,"play_id":"c7f42e3c-cb0e-43cc-8aae-e996a09e58f5","is_prod":false,"is_daily":false,"is_ascension_mode":false,"campfire_upgraded":5,"path_taken":["M","M","?","$","M","R","M","?","T","?","R","?","M","M","R","BOSS","M","$","?","M","$","R","?","M","T","R","M","R","M","M","R","BOSS"],"build_version":"2018-02-01-PROD3","purchased_purges":1,"victory":false,"master_deck":["Defend_G","Defend_G","Defend_G","Strike_G","Strike_G","Survivor","Neutralize","Blade Dance","Blur","Noxious Fumes","Flying Knee+1","Distraction+1","Deadly Poison","Bouncing Flask+1","Backflip","Burst+1","Prepared","Prepared","Infinite Blades","Quick Slash","Masterful Stab","Adrenaline+1","Well Laid Plans","Escape Plan+1","Bane+1","Dagger Throw+1","Slice","PiercingWail+1"],"max_hp_per_floor":[70,70,70,70,70,70,70,70,70,70,70,70,70,70,70,70,70,70,70,70,70,70,70,70,70,70,70,70,70,70,70,70],"relics":["Ring of the Snake","Gambling Chip","Blood Vial","Orrery","Dodecahedron","Pen Nib"],"card_choices":[{"not_picked":["Prepared","Catalyst"],"picked":"Blade Dance"},{"not_picked":["All Out Attack","Dagger Spray"],"picked":"Blur"},{"not_picked":["Terror","Leg Sweep"],"picked":"Flying Knee"},{"not_picked":["PiercingWail","Corpse Explosion"],"picked":"Distraction"},{"not_picked":["Prepared","Dagger Throw"],"picked":"Bouncing Flask"},{"not_picked":["Leg Sweep","Calculated Gamble"],"picked":"Backflip"},{"not_picked":["Venomology","Envenom"],"picked":"Burst"},{"not_picked":["Dodge and Roll","PiercingWail"],"picked":"Prepared"},{"not_picked":["Predator","Dagger Throw"],"picked":"Prepared"},{"not_picked":["Slice","Quick Slash"],"picked":"Infinite Blades"},{"not_picked":["Dagger Spray","Dodge and Roll"],"picked":"Quick Slash"},{"not_picked":["Prepared","Acrobatics"],"picked":"Masterful Stab"},{"not_picked":["Dodge and Roll","Flying Knee"],"picked":"Escape Plan"},{"not_picked":["Sucker Punch","Outmaneuver"],"picked":"Bane"},{"not_picked":["Backflip","Prepared"],"picked":"Dagger Throw"},{"not_picked":["Eviscerate","Prepared"],"picked":"Slice"},{"not_picked":["Sucker Punch","Choke"],"picked":"PiercingWail"}],"player_experience":60759,"potions_floor_usage":[14,16,16,16,28,30],"damage_taken":[{"damage":10,"enemies":"Cultist","floor":1,"turns":7},{"damage":2,"enemies":"Small Slimes","floor":2,"turns":3},{"damage":0,"enemies":"Jaw Worm","floor":5,"turns":5},{"damage":10,"enemies":"3 Louse","floor":7,"turns":4},{"damage":0,"enemies":"Looter","floor":13,"turns":3},{"damage":0,"enemies":"2 Fungi Beasts","floor":14,"turns":3},{"damage":7,"enemies":"The Guardian","floor":16,"turns":9},{"damage":22,"enemies":"Spheric Guardian","floor":18,"turns":4},{"damage":0,"enemies":"Chosen","floor":21,"turns":3},{"damage":0,"enemies":"Snake Plant","floor":25,"turns":4},{"damage":3,"enemies":"3 Cultists","floor":28,"turns":5},{"damage":26,"enemies":"Cultist and Chosen","floor":30,"turns":5},{"damage":19,"enemies":"Slaver and Parasite","floor":31,"turns":6},{"damage":57,"enemies":"Champ","floor":33,"turns":8}],"event_choices":[{"event_name":"The Cleric","player_choice":"Card Removal","floor":3,"damage_taken":0},{"event_name":"World of Goop","player_choice":"Gather Gold","floor":8,"damage_taken":0},{"event_name":"Transmorgrifier","player_choice":"Transform","floor":10,"damage_taken":0},{"event_name":"The Mausoleum","player_choice":"Yes","floor":20,"damage_taken":0},{"event_name":"Purifier","player_choice":"One Purge","floor":24,"damage_taken":0}],"boss_relics":[{"not_picked":["Astrolabe","Velvet Choker"],"picked":"Orrery"}],"potions_floor_spawned":[1,7,13,14,21,25],"seed_played":"-1836361769925899690","killed_by":"Champ","ascension_level":0,"is_trial":false}