{"gold_per_floor":[116,116,29,29,47,66,97,121,121,121,0,14,14,58,58,184,184,209,209,209,209,223,223,248,68,68,99,23,23,42,42,42,165,165,183,204,304,304,324,362,362,386,386,430,404,404],"floor_reached":46,"playtime":3672,"items_purged":["Strike_R","Defend_R"],"score":557,"play_id":"f0a02a88-a78a-49b4-9106-d62f263f90a6","local_time":"20190906111338","is_ascension_mode":true,"campfire_choices":[{"floor":10.0,"key":"REST"},{"data":"Corruption","floor":13.0,"key":"SMITH"},{"data":"Disarm","floor":15.0,"key":"SMITH"},{"floor":23.0,"key":"REST"},{"floor":29.0,"key":"REST"},{"floor":32.0,"key":"REST"},{"floor":41.0,"key":"REST"}],"neow_cost":"NONE","seed_source_timestamp":0,"circlet_count":0,"master_deck":["Defend_R","Defend_R","Defend_R","Bash","Corruption+1","Disarm+1","Shrug It Off","Clothesline","Armaments","Headbutt","Shockwave","Iron Wave","Juggernaut","Shrug It Off","Inflame","Armaments","Shrug It Off","Uppercut","Exhume","Iron Wave","Entrench","Entrench","Impervious","Warcry+1","Sentinel+1","Reaper","Armaments+1","Power Through","Pain","True Grit+1"],"special_seed":0,"relics":["Burning Blood","Golden Idol","Bottled Tornado","Matryoshka","Prayer Wheel","Fusion Hammer","Strawberry","Frozen Egg 2","Mummified Hand","Cursed Key","Bronze Scales","Happy Flower","Shuriken","Toxic Egg 2"],"potions_floor_usage":[44,44],"damage_taken":[{"damage":7.0,"enemies":"2 Louse","floor":1.0,"turns":3.0},{"damage":9.0,"enemies":"Jaw Worm","floor":5.0,"turns":6.0},{"damage":9.0,"enemies":"Small Slimes","floor":6.0,"turns":6.0},{"damage":16.0,"enemies":"Gremlin Nob","floor":7.0,"turns":4.0},{"damage":17.0,"enemies":"3 Louse","floor":8.0,"turns":5.0},{"damage":2.0,"enemies":"Lots of Slimes","floor":12.0,"turns":3.0},{"damage":7.0,"enemies":"Lagavulin","floor":14.0,"turns":7.0},{"damage":43.0,"enemies":"Hexaghost","floor":16.0,"turns":15.0},{"damage":14.0,"enemies":"2 Thieves","floor":18.0,"turns":4.0},{"damage":1.0,"enemies":"Chosen","floor":22.0,"turns":6.0},{"damage":12.0,"enemies":"Snake Plant","floor":24.0,"turns":5.0},{"damage":61.0,"enemies":"Slavers","floor":27.0,"turns":7.0},{"damage":4.0,"enemies":"Shelled Parasite and Fungi","floor":30.0,"turns":6.0},{"damage":87.0,"enemies":"Collector","floor":33.0,"turns":11.0},{"damage":18.0,"enemies":"3 Shapes","floor":35.0,"turns":4.0},{"damage":8.0,"enemies":"Orb Walker","floor":36.0,"turns":3.0},{"damage":23.0,"enemies":"Sphere and 2 Shapes","floor":39.0,"turns":6.0},{"damage":29.0,"enemies":"Reptomancer","floor":40.0,"turns":9.0},{"damage":14.0,"enemies":"3 Darklings","floor":42.0,"turns":5.0},{"damage":43,"enemies":"Giant Head","floor":44,"turns":11},{"damage":39,"enemies":"Nemesis","floor":46,"turns":12}],"seed_played":"-635847018859559454","potions_obtained":[{"floor":8.0,"key":"Explosive Potion"},{"floor":14.0,"key":"SteroidPotion"},{"floor":16.0,"key":"SkillPotion"},{"floor":18.0,"key":"Strength Potion"},{"floor":35.0,"key":"SteroidPotion"},{"floor":42,"key":"Block Potion"},{"floor":44,"key":"Poison Potion"}],"is_trial":false,"path_per_floor":["M","?","$","?","M","M","E","M","T","R","$","M","R","E","R","B",null,"M","?","?","?","M","R","M","$","T","E","$","R","M","?","R","B",null,"M","M","?","$","M","E","R","M","T","E","$","E"],"character_chosen":"IRONCLAD","items_purchased":["Disarm","PowerPotion","Headbutt","Uppercut","BloodPotion","True Grit+1"],"campfire_rested":5,"item_purchase_floors":[3,3,11,25,28,45],"current_hp_per_floor":[79,72,72,52,49,46,36,25,25,49,49,53,53,52,52,15,80,72,72,72,72,77,80,74,74,81,26,26,52,54,54,80,20,87,75,73,73,73,56,40,66,68,68,38,38,0],"gold":404,"neow_bonus":"REMOVE_CARD","is_prod":false,"is_daily":false,"chose_seed":false,"campfire_upgraded":2,"win_rate":0,"timestamp":1567757618,"path_taken":["M","?","$","?","M","M","E","M","T","R","$","M","R","E","R","BOSS","M","?","?","?","?","R","M","$","T","E","$","R","M","?","R","BOSS","M","?","?","$","M","E","R","M","T","E","?","E"],"build_version":"2019-07-17","purchased_purges":2,"victory":false,"max_hp_per_floor":[80,80,80,80,80,80,80,80,80,80,80,80,80,80,80,80,80,80,80,80,80,80,80,80,80,87,87,87,87,87,87,87,87,87,87,87,87,87,87,87,87,87,87,87,87,87],"card_choices":[{"not_picked":["Anger","Sword Boomerang"],"picked":"Corruption","floor":1.0},{"not_picked":["Blood for Blood","Sword Boomerang"],"picked":"Shrug It Off","floor":5.0},{"not_picked":["Wild Strike","Spot Weakness"],"picked":"Clothesline","floor":6.0},{"not_picked":["Wild Strike","Searing Blow"],"picked":"Armaments","floor":7.0},{"not_picked":["Warcry","True Grit","Thunderclap"],"picked":"SKIP","floor":8.0},{"not_picked":["Entrench","Flex"],"picked":"Shockwave","floor":12.0},{"not_picked":["Cleave","Clothesline"],"picked":"Iron Wave","floor":14.0},{"not_picked":["Brutality","Feed"],"picked":"Juggernaut","floor":16.0},{"not_picked":["True Grit","Pommel Strike+1"],"picked":"Shrug It Off","floor":18.0},{"not_picked":["Warcry","Flex"],"picked":"Inflame","floor":18.0},{"not_picked":["Metallicize","Perfected Strike"],"picked":"Armaments","floor":22.0},{"not_picked":["Berserk","Ghostly Armor","Inflame+1"],"picked":"SKIP","floor":22.0},{"not_picked":["Headbutt","Intimidate"],"picked":"Shrug It Off","floor":24.0},{"not_picked":["Combust","Evolve","Corruption+1"],"picked":"SKIP","floor":24.0},{"not_picked":["Anger","Thunderclap"],"picked":"Exhume","floor":27.0},{"not_picked":["Hemokinesis","Clothesline+1"],"picked":"Iron Wave","floor":30.0},{"not_picked":["Perfected Strike+1","Disarm"],"picked":"Entrench","floor":30.0},{"not_picked":["Exhume","Feed"],"picked":"Impervious","floor":33.0},{"not_picked":["Headbutt","Clothesline"],"picked":"Warcry+1","floor":35.0},{"not_picked":["Cleave+1","Clash+1","Pommel Strike"],"picked":"SKIP","floor":35.0},{"not_picked":["Dual Wield+1","Headbutt"],"picked":"Sentinel+1","floor":36.0},{"not_picked":["Heavy Blade+1","Havoc","Pommel Strike+1"],"picked":"SKIP","floor":36.0},{"not_picked":["Twin Strike+1","Heavy Blade+1"],"picked":"Reaper","floor":39.0},{"not_picked":["Anger+1","Rampage"],"picked":"Armaments+1","floor":39.0},{"not_picked":["Inflame+1","Perfected Strike+1","Fiend Fire"],"picked":"SKIP","floor":40.0},{"not_picked":["Flex","Exhume"],"picked":"Power Through","floor":42},{"not_picked":["Flex+1","Second Wind","Wild Strike"],"picked":"SKIP","floor":42},{"not_picked":["Flex+1","Uppercut+1","Power Through"],"picked":"SKIP","floor":44}],"player_experience":293816,"relics_obtained":[{"floor":7.0,"key":"Bottled Tornado"},{"floor":9.0,"key":"Matryoshka"},{"floor":14.0,"key":"Prayer Wheel"},{"floor":26.0,"key":"Strawberry"},{"floor":26.0,"key":"Frozen Egg 2"},{"floor":27.0,"key":"Mummified Hand"},{"floor":40.0,"key":"Bronze Scales"},{"floor":43,"key":"Happy Flower"},{"floor":43,"key":"Shuriken"},{"floor":44,"key":"Toxic Egg 2"}],"event_choices":[{"cards_removed":["Strike_R"],"damage_healed":0.0,"max_hp_gain":0.0,"max_hp_loss":0.0,"gold_gain":0.0,"event_name":"Golden Wing","player_choice":"Card Removal","floor":2.0,"gold_loss":0.0,"damage_taken":7.0},{"damage_healed":0.0,"max_hp_gain":0.0,"max_hp_loss":0.0,"gold_gain":0.0,"event_name":"Golden Idol","player_choice":"Take Damage","floor":4.0,"gold_loss":0.0,"damage_taken":20.0,"relics_obtained":["Golden Idol"]},{"damage_healed":0.0,"max_hp_gain":0.0,"max_hp_loss":0.0,"gold_gain":0.0,"event_name":"Cursed Tome","player_choice":"Ignored","floor":19.0,"gold_loss":0.0,"damage_taken":0.0},{"cards_removed":["Strike_R"],"damage_healed":0.0,"max_hp_gain":0.0,"max_hp_loss":0.0,"gold_gain":0.0,"event_name":"Back to Basics","player_choice":"Elegance","floor":20.0,"gold_loss":0.0,"damage_taken":0.0},{"cards_removed":["Strike_R"],"damage_healed":0.0,"max_hp_gain":0.0,"max_hp_loss":0.0,"gold_gain":0.0,"event_name":"Purifier","player_choice":"Purged","floor":21.0,"gold_loss":0.0,"damage_taken":0.0},{"damage_healed":0.0,"max_hp_gain":0.0,"max_hp_loss":0.0,"gold_gain":0.0,"event_name":"Duplicator","player_choice":"Copied","floor":31.0,"gold_loss":0.0,"damage_taken":0.0,"cards_obtained":["Entrench"]},{"damage_healed":0.0,"max_hp_gain":0.0,"max_hp_loss":0.0,"gold_gain":100.0,"event_name":"Golden Shrine","player_choice":"Pray","floor":37.0,"gold_loss":0.0,"damage_taken":0.0}],"is_beta":false,"boss_relics":[{"not_picked":["Orrery","Eternal Feather"],"picked":"Fusion Hammer"},{"not_picked":["Tiny House","Busted Crown"],"picked":"Cursed Key"}],"items_purged_floors":[11,25],"is_endless":false,"potions_floor_spawned":[8,14,16,18,35,42,44],"killed_by":"Nemesis","ascension_level":2}