{"gold_per_floor":[117,117,141,19,38,38,94,17,41,58,84,84,102,118,118,222,222,233,133,133,133,8,8,21,21,48,48,68,85,85,99,99,197,197,213,213,232,244,264,264,289,289,289,289,308,308,0,0,0,0],"floor_reached":51,"playtime":2963,"items_purged":["Strike_G","Strike_G","Strike_G"],"score":734,"play_id":"358a12c0-3eea-4292-a8ca-423344549da2","local_time":"20180731014939","is_ascension_mode":true,"campfire_choices":[{"data":"Deadly Poison","floor":6,"key":"SMITH"},{"data":"Bouncing Flask","floor":12,"key":"SMITH"},{"data":"Catalyst","floor":15,"key":"SMITH"},{"data":"Burst","floor":25,"key":"SMITH"},{"data":"Deadly Poison","floor":27,"key":"SMITH"},{"floor":32,"key":"REST"},{"data":"Blur","floor":40,"key":"SMITH"},{"data":"Adrenaline","floor":42,"key":"SMITH"},{"data":"Infinite Blades","floor":44,"key":"SMITH"},{"data":"Outmaneuver","floor":46,"key":"SMITH"},{"floor":49,"key":"REST"}],"neow_cost":"NONE","seed_source_timestamp":31096572370603,"circlet_count":0,"master_deck":["Defend_G","Defend_G","Defend_G+1","Defend_G","Defend_G+1","Strike_G","Strike_G","Survivor","Neutralize","Caltrops+1","Deadly Poison+1","Infinite Blades+1","Bouncing Flask+1","Catalyst+1","Outmaneuver+1","Cloak And Dagger","Burst+1","Catalyst+1","Deadly Poison+1","Blade Dance","Adrenaline+1","Deadly Poison+1","Corpse Explosion","Blur+1","Choke+1","Blade Dance","Terror+1","Poisoned Stab+1"],"relics":["Ring of the Snake","Snake Skull","Strawberry","Oddly Smooth Stone","Happy Flower","Regal Pillow","Runic Pyramid","War Paint","White Beast Statue","Juzu Bracelet","Du-Vu Doll","Red Mask","Turnip"],"potions_floor_usage":[7,11,11,31,31,37,37,41,45,50,50],"damage_taken":[{"damage":0,"enemies":"2 Louse","floor":1,"turns":4},{"damage":0,"enemies":"Cultist","floor":5,"turns":4},{"damage":12,"enemies":"Lagavulin Event","floor":7,"turns":6},{"damage":0,"enemies":"Jaw Worm","floor":10,"turns":3},{"damage":10,"enemies":"3 Sentries","floor":11,"turns":7},{"damage":12,"enemies":"2 Fungi Beasts","floor":13,"turns":2},{"damage":16,"enemies":"3 Louse","floor":14,"turns":3},{"damage":14,"enemies":"Hexaghost","floor":16,"turns":5},{"damage":0,"enemies":"Shell Parasite","floor":18,"turns":2},{"damage":0,"enemies":"Chosen","floor":24,"turns":3},{"damage":9,"enemies":"Centurion and Healer","floor":28,"turns":4},{"damage":21,"enemies":"Sentry and Sphere","floor":29,"turns":4},{"damage":0,"enemies":"Snake Plant","floor":31,"turns":1},{"damage":23,"enemies":"Champ","floor":33,"turns":3},{"damage":0,"enemies":"3 Shapes","floor":35,"turns":4},{"damage":7,"enemies":"Orb Walker","floor":37,"turns":3},{"damage":6,"enemies":"4 Shapes","floor":38,"turns":3},{"damage":10,"enemies":"Spire Growth","floor":39,"turns":3},{"damage":0,"enemies":"Giant Head","floor":41,"turns":3},{"damage":9,"enemies":"Sphere and 2 Shapes","floor":45,"turns":4},{"damage":0,"floor":48,"turns":3},{"damage":79,"enemies":"Time Eater","floor":50,"turns":7}],"seed_played":"3840155220615501720","potions_obtained":[{"floor":1,"key":"Dexterity Potion"},{"floor":7,"key":"SkillPotion"},{"floor":10,"key":"SkillPotion"},{"floor":16,"key":"SkillPotion"},{"floor":18,"key":"SpeedPotion"},{"floor":24,"key":"Ancient Potion"},{"floor":29,"key":"Energy Potion"},{"floor":35,"key":"Weak Potion"},{"floor":37,"key":"Ancient Potion"},{"floor":38,"key":"Block Potion"},{"floor":39,"key":"Fire Potion"},{"floor":41,"key":"Dexterity Potion"},{"floor":45,"key":"Regen Potion"}],"is_trial":false,"path_per_floor":["M","?","T","$","M","R","?","$","T","M","E","R","M","M","R","B",null,"M","$","?","?","$","?","M","R","T","R","M","M","?","M","R","B",null,"M","?","M","M","M","R","E","R","T","R","M","R","?","?","R","B"],"character_chosen":"THE_SILENT","items_purchased":["Deadly Poison","Catalyst"],"campfire_rested":2,"item_purchase_floors":[4,8],"current_hp_per_floor":[70,70,77,77,77,77,65,65,65,65,55,55,43,27,27,13,77,77,77,63,63,63,63,63,63,63,63,54,33,33,33,72,49,82,82,82,75,69,59,59,59,59,59,59,50,50,50,50,82,13],"gold":0,"neow_bonus":"RANDOM_COMMON_RELIC","is_prod":false,"is_daily":false,"chose_seed":false,"campfire_upgraded":9,"win_rate":0,"timestamp":1532994579,"path_taken":["M","?","?","$","M","R","?","$","T","M","E","R","?","M","R","BOSS","M","$","?","?","$","?","M","R","T","R","M","M","?","M","R","BOSS","M","?","M","?","M","R","E","R","T","R","M","R","?","?","R","BOSS"],"build_version":"2018-07-26","purchased_purges":3,"victory":true,"max_hp_per_floor":[70,70,77,77,77,77,77,77,77,77,77,77,77,77,77,77,77,77,77,82,82,82,82,82,82,82,82,82,82,82,82,82,82,82,82,82,82,82,82,82,82,82,82,82,82,82,82,82,82,82],"card_choices":[{"not_picked":["Eviscerate","Dash"],"picked":"Caltrops","floor":1},{"not_picked":["Choke","Underhanded Strike"],"picked":"Infinite Blades","floor":5},{"not_picked":["Dagger Throw","Flying Knee"],"picked":"Bouncing Flask","floor":7},{"not_picked":["Slice","Endless Agony","Calculated Gamble"],"picked":"SKIP","floor":10},{"not_picked":["Malaise","Underhanded Strike"],"picked":"Outmaneuver","floor":11},{"not_picked":["Slice","Sucker Punch","Acrobatics"],"picked":"SKIP","floor":13},{"not_picked":["Flechettes","Quick Slash"],"picked":"Cloak And Dagger","floor":14},{"not_picked":["Storm of Steel","Adrenaline"],"picked":"Burst","floor":16},{"not_picked":["Slice","Sucker Punch+1"],"picked":"Catalyst+1","floor":18},{"not_picked":["Deflect","Riddle With Holes"],"picked":"Deadly Poison","floor":24},{"not_picked":["Dagger Throw","Reflex"],"picked":"Blade Dance","floor":28},{"not_picked":["Sucker Punch","Deflect"],"picked":"Adrenaline","floor":29},{"not_picked":["Deflect","Outmaneuver"],"picked":"Deadly Poison+1","floor":31},{"not_picked":["After Image","Unload"],"picked":"Corpse Explosion","floor":33},{"not_picked":["Terror","Crippling Poison"],"picked":"Blur","floor":35},{"not_picked":["Dagger Spray+1","Acrobatics","Prepared"],"picked":"SKIP","floor":37},{"not_picked":["Poisoned Stab","Bane+1"],"picked":"Choke+1","floor":38},{"not_picked":["Dash+1","Leg Sweep"],"picked":"Blade Dance","floor":39},{"not_picked":["Dagger Throw+1","Acrobatics"],"picked":"Terror+1","floor":41},{"not_picked":["Choke+1","Deadly Poison","Well Laid Plans+1"],"picked":"SKIP","floor":45},{"not_picked":["Flying Knee","Well Laid Plans+1"],"picked":"Poisoned Stab+1","floor":48}],"player_experience":218399,"relics_obtained":[{"floor":3,"key":"Strawberry"},{"floor":7,"key":"Oddly Smooth Stone"},{"floor":9,"key":"Happy Flower"},{"floor":11,"key":"Regal Pillow"},{"floor":26,"key":"War Paint"},{"floor":41,"key":"Juzu Bracelet"},{"floor":43,"key":"Du-Vu Doll"},{"floor":48,"key":"Turnip"}],"event_choices":[{"event_name":"Upgrade Shrine","player_choice":"Upgraded","floor":2,"damage_taken":0},{"event_name":"Dead Adventurer","player_choice":"Searched \u00271\u0027 times","floor":7,"damage_taken":0},{"event_name":"Forgotten Altar","player_choice":"Shed Blood","floor":20,"damage_taken":0},{"event_name":"The Mausoleum","player_choice":"No","floor":21,"damage_taken":0},{"event_name":"Beggar","player_choice":"Ignored","floor":23,"damage_taken":0},{"event_name":"Cursed Tome","player_choice":"Ignored","floor":30,"damage_taken":0},{"event_name":"The Woman in Blue","player_choice":"Bought 0 Potions","floor":36,"damage_taken":0},{"event_name":"Tomb of Lord Red Mask","player_choice":"Paid","floor":47,"damage_taken":0},{"event_name":"MindBloom","player_choice":"Fight","floor":48,"damage_taken":0}],"is_beta":false,"boss_relics":[{"not_picked":["HoveringKite","Pandora\u0027s Box"],"picked":"Runic Pyramid"},{"not_picked":["Coffee Dripper","Cursed Key"],"picked":"White Beast Statue"}],"items_purged_floors":[4,19,22],"is_endless":false,"potions_floor_spawned":[1,7,10,16,18,24,29,35,37,38,39,41,45,48],"ascension_level":1}