{"gold_per_floor":[127,139,163,193,225,237,283,295,333,345,370,382,344,370,382,492,504,528,9,9,20,20,20,48,48],"floor_reached":25,"playtime":2047,"items_purged":["Steam Power"],"score":254,"play_id":"414a4274-3184-4e63-9b04-20c92a24f163","local_time":"20180903234208","is_ascension_mode":true,"campfire_choices":[{"data":"White Noise","floor":6,"key":"SMITH"},{"data":"Go for the Eyes","floor":8,"key":"SMITH"},{"data":"Zap","floor":10,"key":"SMITH"},{"data":"Creative AI","floor":15,"key":"SMITH"},{"data":"Buffer","floor":23,"key":"SMITH"}],"neow_cost":"NONE","seed_source_timestamp":285936061167,"circlet_count":0,"master_deck":["Zap+1","Dualcast","Ball Lightning","Heatsinks","White Noise+1","Go for the Eyes+1","Creative AI+1","Parasite","Scrape+1","Buffer+1","Chaos","Ball Lightning","Go for the Eyes","Redo","Rebound+1","Coolheaded","Rip and Tear+1","Amplify","Gash","Shame","Skim"],"relics":["Cracked Core","MawBank","Pen Nib","Art of War","Orichalcum","Pandora\u0027s Box","Ice Cream","Anchor","Whetstone"],"potions_floor_usage":[7,7,11,24],"damage_taken":[{"damage":0,"enemies":"2 Louse","floor":1,"turns":1},{"damage":4,"enemies":"Jaw Worm","floor":3,"turns":3},{"damage":10,"enemies":"Small Slimes","floor":4,"turns":3},{"damage":7,"enemies":"2 Fungi Beasts","floor":5,"turns":3},{"damage":25,"enemies":"Lagavulin","floor":7,"turns":4},{"damage":7,"enemies":"Large Slime","floor":11,"turns":4},{"damage":3,"enemies":"Looter","floor":14,"turns":4},{"damage":13,"enemies":"Slime Boss","floor":16,"turns":7},{"damage":15,"enemies":"Shell Parasite","floor":18,"turns":6},{"damage":0,"enemies":"Spheric Guardian","floor":21,"turns":2},{"damage":72,"enemies":"Gremlin Leader","floor":24,"turns":7},{"damage":4,"enemies":"3 Cultists","floor":25,"turns":3}],"seed_played":"7912068874362047822","potions_obtained":[{"floor":1,"key":"Explosive Potion"},{"floor":3,"key":"AttackPotion"},{"floor":5,"key":"AttackPotion"},{"floor":21,"key":"Regen Potion"}],"is_trial":false,"path_per_floor":["M","?","M","M","M","R","E","R","T","R","M","?","?","M","R","B",null,"M","$","?","M","?","R","E"],"character_chosen":"DEFECT","items_purchased":["Amplify","Ice Cream"],"campfire_rested":0,"item_purchase_floors":[19,19],"current_hp_per_floor":[75,72,68,58,51,51,26,26,26,26,19,37,37,34,34,21,75,60,60,60,60,60,60,3,0],"gold":48,"neow_bonus":"RANDOM_COMMON_RELIC","is_prod":false,"is_daily":false,"chose_seed":false,"campfire_upgraded":5,"win_rate":0,"timestamp":1536010928,"path_taken":["M","?","M","M","M","R","E","R","T","R","M","?","?","M","R","BOSS","M","$","?","M","?","R","E","M"],"build_version":"2018-08-30","purchased_purges":1,"victory":false,"max_hp_per_floor":[75,75,75,75,75,75,75,75,75,75,75,75,75,75,75,75,75,75,75,75,75,75,75,75,75],"card_choices":[{"not_picked":["Glacier","Recycle","Stack"],"picked":"SKIP","floor":1},{"not_picked":["Beam Cell","Go for the Eyes"],"picked":"Ball Lightning","floor":3},{"not_picked":["Cold Snap","Aggregate"],"picked":"Heatsinks","floor":4},{"not_picked":["Cold Snap","Leap"],"picked":"White Noise","floor":5},{"not_picked":["Heatsinks","Coolheaded"],"picked":"Go for the Eyes","floor":7},{"not_picked":["Heatsinks","Redo"],"picked":"Creative AI","floor":11},{"not_picked":["Turbo","Force Field"],"picked":"Scrape","floor":14},{"not_picked":["Seek","Echo Form"],"picked":"Buffer","floor":16},{"not_picked":["Hologram","BootSequence"],"picked":"Rip and Tear+1","floor":18},{"not_picked":["Compile Driver+1","Cold Snap"],"picked":"Gash","floor":21},{"not_picked":["Cold Snap","Hello World"],"picked":"Skim","floor":24}],"player_experience":286182,"relics_obtained":[{"floor":7,"key":"Art of War"},{"floor":9,"key":"Orichalcum"},{"floor":24,"key":"Whetstone"}],"event_choices":[{"event_name":"Scrap Ooze","player_choice":"success","floor":2,"damage_taken":3},{"event_name":"Mushrooms","player_choice":"Healed and dodged fight","floor":12,"damage_taken":0},{"event_name":"The Cleric","player_choice":"Card Removal","floor":13,"damage_taken":0},{"event_name":"Vampires","player_choice":"Ignored","floor":20,"damage_taken":0},{"event_name":"Addict","player_choice":"Stole Relic","floor":22,"damage_taken":0}],"is_beta":false,"boss_relics":[{"not_picked":["Snecko Eye","Philosopher\u0027s Stone"],"picked":"Pandora\u0027s Box"}],"items_purged_floors":[19],"is_endless":false,"potions_floor_spawned":[1,3,5,21],"killed_by":"3 Cultists","ascension_level":3}