{"gold_per_floor":[118,193,31,48,68,68,68,68,68,68,68,68,101,113,113,113],"floor_reached":16,"playtime":575,"items_purged":[],"score":113,"play_id":"c62e74aa-09e8-43a8-a4bb-8dbac931eb22","local_time":"20181204141054","is_ascension_mode":true,"campfire_choices":[{"data":"Caltrops","floor":6,"key":"SMITH"},{"data":"Corpse Explosion","floor":8,"key":"SMITH"},{"data":"Survivor","floor":11,"key":"SMITH"},{"floor":15,"key":"REST"}],"neow_cost":"NONE","seed_source_timestamp":7848142427266,"circlet_count":0,"master_deck":["Defend_G","Defend_G","Defend_G","Defend_G","Defend_G","Strike_G","Strike_G","Strike_G","Strike_G","Survivor+1","Neutralize+1","Cloak And Dagger+1","Corpse Explosion+1","Caltrops+1","Noxious Fumes","Finisher"],"relics":["Ring of the Snake","Darkstone Periapt","Torii","Question Card"],"potions_floor_usage":[16,16],"damage_taken":[{"damage":0,"enemies":"2 Louse","floor":1,"turns":3},{"damage":0,"enemies":"Small Slimes","floor":4,"turns":3},{"damage":0,"enemies":"Jaw Worm","floor":5,"turns":5},{"damage":29,"enemies":"Gremlin Nob","floor":13,"turns":4},{"damage":1,"enemies":"Large Slime","floor":14,"turns":6},{"damage":40,"enemies":"Slime Boss","floor":16,"turns":7}],"seed_played":"8136681739898876577","potions_obtained":[{"floor":4,"key":"Weak Potion"},{"floor":14,"key":"Swift Potion"}],"is_trial":false,"path_per_floor":["M","?","$","M","M","R","?","R","T","?","R","T","E","M","R","B"],"character_chosen":"THE_SILENT","items_purchased":["Corpse Explosion"],"campfire_rested":1,"item_purchase_floors":[3],"current_hp_per_floor":[70,59,59,59,59,59,59,59,59,45,45,45,16,15,36,0],"gold":113,"neow_bonus":"REMOVE_CARD","is_prod":false,"is_daily":false,"chose_seed":false,"campfire_upgraded":3,"win_rate":0,"timestamp":1543929054,"path_taken":["M","?","$","M","M","R","?","R","T","?","R","?","E","M","R","BOSS"],"build_version":"2018-11-15","purchased_purges":0,"victory":false,"max_hp_per_floor":[70,70,70,70,70,70,70,70,70,70,70,70,70,70,70,70],"card_choices":[{"not_picked":["Dagger Throw","Deflect"],"picked":"Cloak And Dagger","floor":1},{"not_picked":["Flechettes","Tactician"],"picked":"Caltrops","floor":4},{"not_picked":["Dagger Spray","Dodge and Roll","Slice"],"picked":"SKIP","floor":5},{"not_picked":["Terror","Dodge and Roll"],"picked":"Noxious Fumes","floor":13},{"not_picked":["Acrobatics","Dagger Throw","All Out Attack"],"picked":"Finisher","floor":14}],"player_experience":413181,"relics_obtained":[{"floor":9,"key":"Darkstone Periapt"},{"floor":12,"key":"Torii"},{"floor":13,"key":"Question Card"}],"event_choices":[{"damage_healed":0,"gold_gain":75,"player_choice":"Gather Gold","damage_taken":11,"max_hp_gain":0,"max_hp_loss":0,"event_name":"World of Goop","floor":2,"gold_loss":0},{"damage_healed":0,"gold_gain":0,"player_choice":"Ignored","damage_taken":0,"max_hp_gain":0,"max_hp_loss":0,"event_name":"Liars Game","floor":7,"gold_loss":0},{"damage_healed":0,"gold_gain":0,"player_choice":"Entered Light","damage_taken":14,"max_hp_gain":0,"max_hp_loss":0,"event_name":"Shining Light","floor":10,"gold_loss":0,"cards_upgraded":["Cloak And Dagger","Neutralize"]}],"is_beta":false,"boss_relics":[],"items_purged_floors":[],"is_endless":false,"potions_floor_spawned":[4,14],"killed_by":"Slime Boss","ascension_level":3}