{"gold_per_floor":[112,112,112,26,101,115,115,290,316,329,383,383,395,406,406,406],"floor_reached":16,"playtime":612,"items_purged":[],"score":104,"play_id":"3623da41-c45f-4796-aa9c-c44d9d9ed206","local_time":"20181012030717","is_ascension_mode":true,"campfire_choices":[{"data":"Redo","floor":7,"key":"SMITH"},{"data":"Conserve Battery","floor":12,"key":"SMITH"},{"data":"Seek","floor":15,"key":"SMITH"}],"neow_cost":"NONE","seed_source_timestamp":27939594174314,"circlet_count":0,"master_deck":["Strike_B","Strike_B","Strike_B","Defend_B","Defend_B","Defend_B","Defend_B","Zap","Dualcast","Double Energy+1","Scrape","Capacitor","Conserve Battery+1","Redo+1","Doubt","Seek+1","Redo"],"relics":["Cracked Core","Bag of Preparation","Oddly Smooth Stone"],"potions_floor_usage":[16],"damage_taken":[{"damage":6,"enemies":"Jaw Worm","floor":1,"turns":4},{"damage":0,"enemies":"Cultist","floor":6,"turns":3},{"damage":0,"enemies":"2 Louse","floor":10,"turns":2},{"damage":6,"enemies":"Large Slime","floor":13,"turns":5},{"damage":5,"enemies":"Looter","floor":14,"turns":3},{"damage":46,"enemies":"Hexaghost","floor":16,"turns":9}],"seed_played":"-3548642732878856347","potions_obtained":[{"floor":1,"key":"Poison Potion"}],"is_trial":false,"path_per_floor":["M","?","?","$","?","M","R","?","T","M","T","R","M","M","R"],"character_chosen":"DEFECT","items_purchased":["Capacitor","Conserve Battery"],"campfire_rested":0,"item_purchase_floors":[4,4],"current_hp_per_floor":[76,76,76,76,65,65,65,65,65,65,65,65,59,54,54,8],"gold":406,"neow_bonus":"TEN_PERCENT_HP_BONUS","is_prod":false,"is_daily":false,"chose_seed":false,"campfire_upgraded":3,"win_rate":0,"timestamp":1539306437,"path_taken":["M","?","?","$","?","?","R","?","T","M","?","R","?","M","R","BOSS"],"build_version":"2018-10-11","purchased_purges":0,"victory":false,"max_hp_per_floor":[82,82,82,82,82,82,82,82,82,82,82,82,82,82,82,82],"card_choices":[{"not_picked":["Steam Power","Chill"],"picked":"Double Energy","floor":1},{"not_picked":["Turbo","Stack"],"picked":"Redo","floor":6},{"not_picked":["Turbo","Heatsinks"],"picked":"Seek","floor":10},{"not_picked":["Barrage","Conserve Battery","Aggregate"],"picked":"SKIP","floor":13},{"not_picked":["Turbo","Fusion"],"picked":"Redo","floor":14}],"player_experience":334545,"relics_obtained":[{"floor":9,"key":"Bag of Preparation"},{"floor":11,"key":"Oddly Smooth Stone"}],"event_choices":[{"event_name":"Upgrade Shrine","player_choice":"Upgraded","floor":2,"damage_taken":0},{"event_name":"Living Wall","player_choice":"Change","floor":3,"damage_taken":0},{"event_name":"World of Goop","player_choice":"Gather Gold","floor":5,"damage_taken":0},{"event_name":"Liars Game","player_choice":"agreed","floor":8,"damage_taken":0}],"is_beta":false,"boss_relics":[],"items_purged_floors":[],"is_endless":false,"potions_floor_spawned":[1],"killed_by":"Hexaghost","ascension_level":3}