{"path_per_floor":["M","$","M","?","?","R","?","?","T","E","M","R","M","M","R","B",null,"M","M","M"],"character_chosen":"THE_SILENT","items_purchased":["Poisoned Stab"],"gold_per_floor":[113,15,34,34,209,209,209,209,209,236,246,246,262,275,275,370,370,387,402,422],"floor_reached":21,"campfire_rested":0,"playtime":1489,"current_hp_per_floor":[66,66,66,66,66,66,71,71,71,62,61,61,58,54,54,23,75,46,38,30],"items_purged":["Strike_G"],"gold":422,"score":181,"play_id":"c62e1127-ab52-4819-b91b-1d0b0f7efed1","is_prod":false,"is_daily":false,"is_ascension_mode":false,"campfire_upgraded":3,"path_taken":["M","$","M","?","?","R","?","?","T","E","M","R","M","M","R","BOSS","M","?","M","?"],"build_version":"2018-02-15-PROD1","purchased_purges":1,"victory":false,"master_deck":["Defend_G","Defend_G","Defend_G","Defend_G","Defend_G","Strike_G","Strike_G","Strike_G","Survivor","Neutralize","Deflect","Flying Knee","Poisoned Stab+1","Outmaneuver","Prepared","Catalyst+1","Poisoned Stab+1","Poisoned Stab","Envenom","Blur","Outmaneuver+1","Dodge and Roll+1"],"max_hp_per_floor":[70,70,70,70,70,70,75,75,75,75,75,75,75,75,75,75,75,75,75,75],"relics":["Ring of the Snake","Tingsha","Orichalcum","Sozu"],"card_choices":[{"not_picked":["Slice","PiercingWail"],"picked":"Deflect"},{"not_picked":["Endless Agony","Choke"],"picked":"Flying Knee"},{"not_picked":["Sucker Punch","Heel Hook"],"picked":"Outmaneuver"},{"not_picked":["PiercingWail","Caltrops"],"picked":"Prepared"},{"not_picked":["Slice","Deadly Poison"],"picked":"Catalyst"},{"not_picked":["Dagger Throw","Reflex"],"picked":"Poisoned Stab"},{"not_picked":["Flying Knee","Predator"],"picked":"Poisoned Stab"},{"not_picked":["Bullet Time","Wraith Form"],"picked":"Envenom"},{"not_picked":["Distraction","Sucker Punch"],"picked":"Blur"},{"not_picked":["Malaise","Slice"],"picked":"Outmaneuver"},{"not_picked":["Slice","Blade Dance"],"picked":"Dodge and Roll"}],"player_experience":109088,"potions_floor_usage":[10,16],"damage_taken":[{"damage":4,"enemies":"Small Slimes","floor":1,"turns":4},{"damage":0,"enemies":"Cultist","floor":3,"turns":3},{"damage":9,"enemies":"3 Sentries","floor":10,"turns":12},{"damage":1,"enemies":"2 Louse","floor":11,"turns":3},{"damage":3,"enemies":"2 Fungi Beasts","floor":13,"turns":4},{"damage":4,"enemies":"Large Slime","floor":14,"turns":6},{"damage":31,"enemies":"Slime Boss","floor":16,"turns":11},{"damage":29,"enemies":"3 Byrds","floor":18,"turns":5},{"damage":8,"enemies":"Chosen","floor":19,"turns":5},{"damage":8,"enemies":"Snecko","floor":20,"turns":4},{"damage":35,"enemies":"Chosen and Byrds","floor":21,"turns":8}],"event_choices":[{"event_name":"Purifier","player_choice":"One Purge","floor":4,"damage_taken":0},{"event_name":"Liars Game","player_choice":"agreed","floor":5,"damage_taken":0},{"event_name":"Big Fish","player_choice":"Donut","floor":7,"damage_taken":0},{"event_name":"Fountain of Cleansing","player_choice":"Removed Curse","floor":8,"damage_taken":0}],"boss_relics":[{"not_picked":["Question Card","Snecko Eye"],"picked":"Sozu"}],"potions_floor_spawned":[1,3,10,18],"seed_played":"-8457463304716978406","killed_by":"Chosen and Byrds","ascension_level":0,"is_trial":false}