{"path_per_floor":["M","?","M","?","M","R","M","R","T","E","M","M","M","E","R"],"character_chosen":"DEFECT","items_purchased":[],"gold_per_floor":[112,112,123,223,240,240,254,254,254,280,293,309,324,355,355,355],"floor_reached":16,"campfire_rested":1,"playtime":1136,"item_purchase_floors":[],"current_hp_per_floor":[74,74,64,64,58,58,54,54,54,46,41,12,11,2,24,0],"items_purged":[],"gold":355,"score":114,"play_id":"f351091d-47d5-4695-bfa9-153ee2cdac77","local_time":"20180606230030","is_prod":false,"is_daily":false,"chose_seed":false,"is_ascension_mode":false,"campfire_upgraded":2,"win_rate":0,"timestamp":1528318830,"campfire_choices":[{"data":"Genetic Algorithm","floor":6,"key":"SMITH"},{"data":"Zap","floor":8,"key":"SMITH"},{"floor":15,"key":"REST"}],"path_taken":["M","?","?","?","?","R","M","R","T","E","M","?","M","E","R","BOSS"],"build_version":"2018-05-31","seed_source_timestamp":34471123059201,"purchased_purges":0,"victory":false,"master_deck":["Strike_B","Strike_B","Strike_B","Strike_B","Defend_B","Defend_B","Defend_B","Zap+1","Dualcast","Genetic Algorithm+1","Redo","Sweeping Beam","Coolheaded","Ball Lightning","All For One","Gash","Rebound","Turbo","Self Repair"],"max_hp_per_floor":[75,75,75,75,75,75,75,75,75,75,75,75,75,75,75,75],"relics":["Cracked Core","Ornamental Fan","Bottled Lightning","Du-Vu Doll"],"card_choices":[{"not_picked":["Force Field","Gash"],"picked":"Genetic Algorithm","floor":0},{"not_picked":["Leap","Coolheaded"],"picked":"Redo","floor":1},{"not_picked":["Gash","Beam Cell"],"picked":"Sweeping Beam","floor":3},{"not_picked":["Streamline","Steam"],"picked":"Coolheaded","floor":5},{"not_picked":["Hologram","Darkness"],"picked":"Ball Lightning","floor":7},{"not_picked":["Scrape","Ball Lightning"],"picked":"All For One","floor":10},{"not_picked":["Cold Snap","Skim"],"picked":"Gash","floor":11},{"not_picked":["Redo","Conserve Battery"],"picked":"Rebound","floor":12},{"not_picked":["Leap","Steam"],"picked":"Turbo","floor":13},{"not_picked":["Skim","Streamline"],"picked":"Self Repair","floor":14}],"player_experience":98415,"potions_floor_usage":[10,14,14],"damage_taken":[{"damage":1,"enemies":"2 Louse","floor":1,"turns":3},{"damage":10,"enemies":"Jaw Worm","floor":3,"turns":3},{"damage":6,"enemies":"Small Slimes","floor":5,"turns":3},{"damage":4,"enemies":"Red Slaver","floor":7,"turns":4},{"damage":8,"enemies":"Lagavulin","floor":10,"turns":5},{"damage":5,"enemies":"Blue Slaver","floor":11,"turns":3},{"damage":29,"enemies":"Gremlin Gang","floor":12,"turns":4},{"damage":1,"enemies":"3 Louse","floor":13,"turns":2},{"damage":9,"enemies":"Gremlin Nob","floor":14,"turns":3},{"damage":28,"enemies":"The Guardian","floor":16,"turns":5}],"relics_obtained":[{"floor":9,"key":"Ornamental Fan"},{"floor":10,"key":"Bottled Lightning"},{"floor":14,"key":"Du-Vu Doll"}],"event_choices":[{"event_name":"Living Wall","player_choice":"Forget","floor":2,"damage_taken":0},{"event_name":"Golden Shrine","player_choice":"Pray","floor":4,"damage_taken":0}],"boss_relics":[],"items_purged_floors":[],"potions_floor_spawned":[5,11,12],"seed_played":"-3487651646435643774","killed_by":"The Guardian","ascension_level":0,"potions_obtained":[{"floor":5,"key":"PowerPotion"},{"floor":11,"key":"SteroidPotion"},{"floor":12,"key":"EssenceOfSteel"}],"is_trial":false}