{"gold_per_floor":[116,16,16,35,35,66,66,93,93,93,108,108,121,21,21,21],"floor_reached":16,"playtime":706,"items_purged":["Defend_R","Strike_R"],"score":119,"play_id":"5f8f06d1-8452-4666-bb5c-801aeadd2407","local_time":"20180813231622","is_ascension_mode":true,"campfire_choices":[{"data":"Flex","floor":7,"key":"SMITH"},{"data":"Inflame","floor":10,"key":"SMITH"},{"floor":15,"key":"REST"}],"neow_cost":"NONE","seed_source_timestamp":110426590201208,"circlet_count":0,"master_deck":["Strike_R","Strike_R","Strike_R","Strike_R","Defend_R","Bash","Flex","Flex+1","Perfected Strike","Inflame+1","Flex"],"relics":["Burning Blood","Pantograph","Art of War","Bottled Tornado","Red Skull","Bird Faced Urn"],"potions_floor_usage":[16,16],"damage_taken":[{"damage":9,"enemies":"2 Louse","floor":1,"turns":2},{"damage":0,"enemies":"Small Slimes","floor":4,"turns":2},{"damage":26,"enemies":"3 Sentries","floor":6,"turns":6},{"damage":16,"enemies":"Gremlin Nob","floor":8,"turns":3},{"damage":7,"enemies":"Jaw Worm","floor":11,"turns":2},{"damage":13,"enemies":"Large Slime","floor":13,"turns":3},{"damage":87,"enemies":"Slime Boss","floor":16,"turns":10}],"seed_played":"323767626913417877","potions_obtained":[{"floor":6,"key":"GamblersBrew"},{"floor":11,"key":"FearPotion"}],"is_trial":false,"path_per_floor":["M","$","?","M","?","E","R","E","T","R","M","T","M","$","R"],"character_chosen":"IRONCLAD","items_purchased":["Perfected Strike"],"campfire_rested":1,"item_purchase_floors":[2],"current_hp_per_floor":[77,77,70,76,76,56,56,46,46,46,45,45,40,40,64,0],"gold":21,"neow_bonus":"TRANSFORM_CARD","is_prod":false,"is_daily":false,"chose_seed":false,"campfire_upgraded":2,"win_rate":0,"timestamp":1534194982,"path_taken":["M","$","?","M","?","E","R","E","T","R","M","?","M","$","R","BOSS"],"build_version":"2018-08-09","purchased_purges":2,"victory":false,"max_hp_per_floor":[80,80,80,80,80,80,80,80,80,80,80,80,80,80,80,80],"card_choices":[{"not_picked":["Reckless Charge","Carnage"],"picked":"Flex","floor":1},{"not_picked":["Pommel Strike","Perfected Strike"],"picked":"Inflame","floor":4},{"not_picked":["Wild Strike","True Grit","Heavy Blade"],"picked":"SKIP","floor":6},{"not_picked":["Twin Strike","Flame Barrier","Offering"],"picked":"SKIP","floor":8},{"not_picked":["Cleave","Power Through"],"picked":"Flex","floor":11},{"not_picked":["Anger","Clothesline","Havoc"],"picked":"SKIP","floor":13}],"player_experience":232260,"relics_obtained":[{"floor":6,"key":"Art of War"},{"floor":8,"key":"Bottled Tornado"},{"floor":9,"key":"Red Skull"},{"floor":12,"key":"Bird Faced Urn"}],"event_choices":[{"event_name":"Scrap Ooze","player_choice":"success","floor":3,"damage_taken":7},{"event_name":"Living Wall","player_choice":"Forget","floor":5,"damage_taken":0}],"is_beta":false,"boss_relics":[],"items_purged_floors":[2,14],"is_endless":false,"potions_floor_spawned":[6,11],"killed_by":"Slime Boss","ascension_level":2}