{"gold_per_floor":[113,6,6,6,26,60,76,33,33,33,33,33,33,58,58,178,178,162,162,162,180,180,180,32,32,32,107,128,58,78,96,96,96],"floor_reached":33,"playtime":2453,"items_purged":["Strike_B"],"score":292,"play_id":"48d84d35-fe1a-4f33-93ac-c0f5385c34d7","local_time":"20190422024006","is_ascension_mode":true,"campfire_choices":[{"floor":11,"key":"REST"},{"data":"Dualcast","floor":12,"key":"SMITH"},{"data":"Chaos","floor":13,"key":"SMITH"},{"data":"Zap","floor":15,"key":"SMITH"},{"data":"Multi-Cast","floor":23,"key":"SMITH"},{"data":"Conserve Battery","floor":25,"key":"SMITH"},{"floor":32,"key":"REST"}],"neow_cost":"NONE","seed_source_timestamp":113085083566100,"circlet_count":0,"master_deck":["Defend_B","Defend_B","Defend_B","Zap+1","Dualcast+1","Compile Driver","Self Repair","Chaos+1","Ball Lightning","Conserve Battery+1","Reprogram","Scrape","Multi-Cast+1","Melter+1","Echo Form","Echo Form","Redo+1","Consume","Lockon+1","Double Energy","Melter+1","Creative AI"],"relics":["Cracked Core","Golden Idol","Incense Burner","WingedGreaves","Inserter","Ornamental Fan"],"potions_floor_usage":[5,6,16,18,31,31],"damage_taken":[{"damage":8,"enemies":"Jaw Worm","floor":1,"turns":4},{"damage":4,"enemies":"2 Louse","floor":5,"turns":2},{"damage":45,"enemies":"Lagavulin","floor":6,"turns":6},{"damage":7,"enemies":"Small Slimes","floor":7,"turns":3},{"damage":11,"enemies":"Exordium Wildlife","floor":14,"turns":3},{"damage":41,"enemies":"Hexaghost","floor":16,"turns":10},{"damage":19,"enemies":"2 Thieves","floor":18,"turns":5},{"damage":31,"enemies":"Chosen","floor":21,"turns":5},{"damage":25,"enemies":"Shelled Parasite and Fungi","floor":28,"turns":5},{"damage":14,"enemies":"Snake Plant","floor":30,"turns":3},{"damage":2,"enemies":"3 Cultists","floor":31,"turns":5},{"damage":57,"enemies":"Automaton","floor":33,"turns":10}],"seed_played":"7595350782528694655","potions_obtained":[{"floor":1,"key":"Poison Potion"},{"floor":5,"key":"AttackPotion"},{"floor":6,"key":"Regen Potion"},{"floor":16,"key":"Weak Potion"},{"floor":21,"key":"Block Potion"},{"floor":30,"key":"FocusPotion"}],"is_trial":false,"path_per_floor":["M","$","?","?","M","E","M","?","T","$","R","R","R","M","R","B",null,"M","?","?","M","?","R","$","R","T","?","M","$","M","M","R","B"],"character_chosen":"DEFECT","items_purchased":["Self Repair","Chaos","Consume","Double Energy"],"campfire_rested":2,"item_purchase_floors":[2,2,24,29],"current_hp_per_floor":[74,74,74,54,57,19,19,19,19,19,43,43,43,39,39,17,82,70,70,82,58,58,58,58,58,58,50,32,32,18,16,40,0],"gold":96,"neow_bonus":"TEN_PERCENT_HP_BONUS","is_prod":false,"is_daily":false,"chose_seed":false,"campfire_upgraded":5,"win_rate":0,"timestamp":1555893606,"path_taken":["M","$","?","?","?","E","M","?","T","?","R","R","R","M","R","BOSS","M","?","?","?","?","R","?","R","T","?","M","$","M","M","R","BOSS"],"build_version":"2019-01-23","purchased_purges":1,"victory":false,"max_hp_per_floor":[82,82,82,82,82,82,82,82,82,82,82,82,82,82,82,82,82,82,82,82,82,82,82,82,82,82,82,82,82,82,82,82,82],"card_choices":[{"not_picked":["Sunder","Rip and Tear"],"picked":"Compile Driver","floor":1},{"not_picked":["FTL","Steam"],"picked":"Ball Lightning","floor":5},{"not_picked":["Buffer","BootSequence"],"picked":"Conserve Battery","floor":6},{"not_picked":["Force Field","Rip and Tear"],"picked":"Reprogram","floor":7},{"not_picked":["Sweeping Beam","Leap"],"picked":"Scrape","floor":14},{"not_picked":["Reboot","Thunder Strike"],"picked":"Multi-Cast","floor":16},{"not_picked":["Rebound+1","Sweeping Beam+1"],"picked":"Melter+1","floor":18},{"not_picked":["Sweeping Beam","Force Field"],"picked":"Redo+1","floor":21},{"not_picked":["Beam Cell+1","Stack+1"],"picked":"Lockon+1","floor":28},{"not_picked":["Self Repair","Barrage"],"picked":"Melter+1","floor":30},{"not_picked":["Capacitor","Stack+1"],"picked":"Creative AI","floor":31}],"player_experience":506496,"relics_obtained":[{"floor":6,"key":"Incense Burner"},{"floor":9,"key":"WingedGreaves"},{"floor":26,"key":"Ornamental Fan"}],"event_choices":[{"cards_removed":["Strike_B"],"damage_healed":0,"gold_gain":0,"player_choice":"Forget","damage_taken":0,"max_hp_gain":0,"max_hp_loss":0,"event_name":"Living Wall","floor":3,"gold_loss":0},{"damage_healed":0,"gold_gain":0,"player_choice":"Take Damage","damage_taken":20,"relics_obtained":["Golden Idol"],"max_hp_gain":0,"max_hp_loss":0,"event_name":"Golden Idol","floor":4,"gold_loss":0},{"damage_healed":0,"gold_gain":0,"player_choice":"Left Gold","damage_taken":0,"max_hp_gain":0,"max_hp_loss":0,"event_name":"World of Goop","floor":8,"gold_loss":43},{"damage_healed":0,"gold_gain":0,"cards_transformed":["Strike_B","Defend_B"],"player_choice":"Became Test Subject","damage_taken":0,"max_hp_gain":0,"max_hp_loss":0,"event_name":"Drug Dealer","floor":19,"gold_loss":0,"cards_obtained":["Echo Form","Echo Form"]},{"damage_healed":12,"gold_gain":0,"player_choice":"Full Heal","damage_taken":0,"max_hp_gain":0,"max_hp_loss":0,"event_name":"Wheel of Change","floor":20,"gold_loss":0},{"cards_removed":["Strike_B"],"damage_healed":0,"gold_gain":0,"player_choice":"Elegance","damage_taken":0,"max_hp_gain":0,"max_hp_loss":0,"event_name":"Back to Basics","floor":22,"gold_loss":0},{"damage_healed":0,"gold_gain":75,"player_choice":"Touch","damage_taken":8,"max_hp_gain":0,"max_hp_loss":0,"event_name":"FaceTrader","floor":27,"gold_loss":0}],"is_beta":false,"boss_relics":[{"not_picked":["Snecko Eye","Cursed Key"],"picked":"Inserter"}],"items_purged_floors":[24],"is_endless":false,"potions_floor_spawned":[1,5,6,16,21,30],"killed_by":"Automaton","ascension_level":4}