{"gold_per_floor":[112,112,130,130,143,143,156,190,190,206,240,265,265,281,281,281],"floor_reached":16,"playtime":1295,"items_purged":[],"score":120,"play_id":"f32104f0-af5b-48b4-a935-17c71c08b072","local_time":"20180722014423","is_ascension_mode":true,"campfire_choices":[{"data":"Tactician","floor":6,"key":"SMITH"},{"data":"Corpse Explosion","floor":13,"key":"SMITH"},{"data":"Terror","floor":15,"key":"SMITH"}],"neow_cost":"NONE","seed_source_timestamp":16605468729336,"circlet_count":0,"master_deck":["Defend_G","Defend_G","Defend_G","Defend_G","Defend_G","Strike_G","Strike_G","Strike_G","Strike_G","Strike_G","Survivor+1","Neutralize","Terror+1","Corpse Explosion+1","Bane","Tactician+1","Backflip","Backstab","Footwork","Bane"],"relics":["Ring of the Snake","Golden Idol","The Specimen","Tingsha","Ginger"],"potions_floor_usage":[8,10,10,11,11,11,16,16],"damage_taken":[{"damage":0,"enemies":"Cultist","floor":1,"turns":4},{"damage":0,"enemies":"2 Louse","floor":3,"turns":2},{"damage":2,"enemies":"Small Slimes","floor":5,"turns":4},{"damage":0,"enemies":"2 Fungi Beasts","floor":7,"turns":2},{"damage":21,"enemies":"Lagavulin","floor":8,"turns":6},{"damage":4,"enemies":"Blue Slaver","floor":10,"turns":3},{"damage":3,"enemies":"3 Sentries","floor":11,"turns":6},{"damage":1,"enemies":"3 Louse","floor":12,"turns":4},{"damage":0,"enemies":"2 Fungi Beasts","floor":14,"turns":1},{"damage":22,"enemies":"Hexaghost","floor":16,"turns":9}],"seed_played":"9083969262684582099","potions_obtained":[{"floor":3,"key":"Energy Potion"},{"floor":5,"key":"EntropicBrew"},{"floor":8,"key":"Ancient Potion"},{"floor":12,"key":"Poison Potion"},{"floor":14,"key":"Explosive Potion"}],"is_trial":false,"path_per_floor":["M","?","M","?","M","R","M","E","T","M","E","M","R","M","R"],"character_chosen":"THE_SILENT","items_purchased":[],"campfire_rested":0,"item_purchase_floors":[],"current_hp_per_floor":[70,70,70,53,51,51,51,30,30,26,23,22,22,22,22,0],"gold":281,"neow_bonus":"UPGRADE_CARD","is_prod":false,"is_daily":false,"chose_seed":false,"campfire_upgraded":3,"win_rate":0,"timestamp":1532216663,"path_taken":["M","?","?","?","M","R","M","E","T","M","E","M","R","M","R","BOSS"],"build_version":"2018-07-19v2","purchased_purges":0,"victory":false,"max_hp_per_floor":[70,70,70,70,70,70,70,70,70,70,70,70,70,70,70,70],"card_choices":[{"not_picked":["Slice","Dodge and Roll"],"picked":"Terror","floor":1},{"not_picked":["Blade Dance","Infinite Blades"],"picked":"Bane","floor":3},{"not_picked":["Leg Sweep","Flying Knee"],"picked":"Tactician","floor":5},{"not_picked":["Eviscerate","PiercingWail"],"picked":"Backflip","floor":7},{"not_picked":["Venomology","Backflip"],"picked":"Backstab","floor":8},{"not_picked":["Dagger Spray","Cloak And Dagger"],"picked":"Footwork","floor":10},{"not_picked":["Expertise","Underhanded Strike","Crippling Poison"],"picked":"SKIP","floor":11},{"not_picked":["PiercingWail","Sucker Punch","Quick Slash"],"picked":"SKIP","floor":12},{"not_picked":["Concentrate","Sucker Punch"],"picked":"Bane","floor":14}],"player_experience":196633,"relics_obtained":[{"floor":8,"key":"The Specimen"},{"floor":9,"key":"Tingsha"},{"floor":11,"key":"Ginger"}],"event_choices":[{"event_name":"Match and Keep!","player_choice":"1 cards matched","floor":2,"damage_taken":0},{"event_name":"Golden Idol","player_choice":"Take Damage","floor":4,"damage_taken":0}],"is_beta":false,"boss_relics":[],"items_purged_floors":[],"is_endless":false,"potions_floor_spawned":[3,5,8,12,14],"killed_by":"Hexaghost","ascension_level":1}