{"gold_per_floor":[112,112,15,90,105,105,132,132,132,214,214,224,224,256,256,256],"floor_reached":16,"playtime":740,"items_purged":[],"score":96,"play_id":"5af8d55f-5659-4529-9794-9623b5346d2c","local_time":"20190202222115","is_ascension_mode":false,"campfire_choices":[{"data":"Deadly Poison","floor":6.0,"key":"SMITH"},{"data":"Blade Dance","floor":11.0,"key":"SMITH"},{"floor":13.0,"key":"REST"},{"data":"Poisoned Stab","floor":15.0,"key":"SMITH"}],"neow_cost":"NONE","seed_source_timestamp":0,"circlet_count":0,"master_deck":["Defend_G","Defend_G","Defend_G","Defend_G","Defend_G","Strike_G","Strike_G","Strike_G","Strike_G","Survivor","Neutralize","Deadly Poison+1","Blade Dance+1","Poisoned Stab","Cloak And Dagger","Distraction","Poisoned Stab+1"],"special_seed":0,"relics":["Ring of the Snake","Odd Mushroom","Bag of Marbles","Potion Belt","Frozen Egg 2","Bottled Flame"],"potions_floor_usage":[16],"damage_taken":[{"damage":0.0,"enemies":"Small Slimes","floor":1.0,"turns":4.0},{"damage":7.0,"enemies":"2 Louse","floor":5.0,"turns":2.0},{"damage":24.0,"enemies":"The Mushroom Lair","floor":7.0,"turns":6.0},{"damage":0.0,"enemies":"Cultist","floor":12.0,"turns":3.0},{"damage":19.0,"enemies":"Gremlin Nob","floor":14.0,"turns":5.0},{"damage":20,"enemies":"Slime Boss","floor":16,"turns":5}],"seed_played":"-4389004288672598833","potions_obtained":[{"floor":1.0,"key":"SkillPotion"},{"floor":7.0,"key":"GhostInAJar"},{"floor":14.0,"key":"PowerPotion"}],"is_trial":false,"path_per_floor":["M","?","$","?","M","R","?","?","T","T","R","M","R","E","R","B"],"character_chosen":"THE_SILENT","items_purchased":["Blade Dance","Poisoned Stab"],"campfire_rested":1,"item_purchase_floors":[3,3],"current_hp_per_floor":[77,70,70,63,56,56,32,25,25,25,25,25,48,29,29,9],"gold":256,"neow_bonus":"TEN_PERCENT_HP_BONUS","is_prod":false,"is_daily":false,"chose_seed":false,"campfire_upgraded":3,"win_rate":0,"timestamp":1549142475,"path_taken":["M","?","$","?","?","R","?","?","T","?","R","M","R","E","R","BOSS"],"build_version":"2019-01-23","purchased_purges":0,"victory":false,"max_hp_per_floor":[77,77,77,77,77,77,77,77,77,77,77,77,77,77,77,77],"card_choices":[{"not_picked":["Terror","Underhanded Strike"],"picked":"Deadly Poison","floor":1.0},{"not_picked":["Caltrops","Endless Agony","Underhanded Strike"],"picked":"SKIP","floor":5.0},{"not_picked":["Tactician","PiercingWail"],"picked":"Cloak And Dagger","floor":7.0},{"not_picked":["Cloak And Dagger","Bane"],"picked":"Distraction","floor":12.0},{"not_picked":["Deflect","Setup"],"picked":"Poisoned Stab","floor":14.0}],"player_experience":462946,"relics_obtained":[{"floor":7.0,"key":"Odd Mushroom"},{"floor":9.0,"key":"Potion Belt"},{"floor":10.0,"key":"Frozen Egg 2"},{"floor":14.0,"key":"Bottled Flame"}],"event_choices":[{"cards_removed":["Strike_G"],"damage_healed":0.0,"max_hp_gain":0.0,"max_hp_loss":0.0,"gold_gain":0.0,"event_name":"Golden Wing","player_choice":"Card Removal","floor":2.0,"gold_loss":0.0,"damage_taken":7.0},{"damage_healed":0.0,"max_hp_gain":0.0,"max_hp_loss":0.0,"gold_gain":75.0,"event_name":"FaceTrader","player_choice":"Touch","floor":4.0,"gold_loss":0.0,"damage_taken":7.0},{"damage_healed":0.0,"max_hp_gain":0.0,"max_hp_loss":0.0,"gold_gain":0.0,"event_name":"Mushrooms","player_choice":"Fought Mushrooms","floor":7.0,"gold_loss":0.0,"damage_taken":0.0},{"damage_healed":0.0,"max_hp_gain":0.0,"max_hp_loss":0.0,"gold_gain":0.0,"event_name":"Scrap Ooze","player_choice":"Success","floor":8.0,"gold_loss":0.0,"damage_taken":7.0,"relics_obtained":["Bag of Marbles"]}],"is_beta":false,"boss_relics":[],"items_purged_floors":[],"is_endless":false,"potions_floor_spawned":[1,7,14],"killed_by":"Slime Boss","ascension_level":0}