{"path_per_floor":["M","?","M","M","M","R","$","?","T","R","M","M","$","M","R","B",null,"M","T","?","?","?","R","M","M","T","E","$","?","R","?","R"],"character_chosen":"THE_SILENT","items_purchased":["Outmaneuver","Predator","Noxious Fumes"],"gold_per_floor":[109,109,125,138,158,158,0,0,55,55,80,104,4,20,20,143,181,196,196,196,111,111,111,132,146,201,239,46,46,46,46,46],"floor_reached":33,"campfire_rested":2,"playtime":2526,"current_hp_per_floor":[70,70,62,62,42,42,42,42,42,42,38,35,35,34,55,19,75,63,63,63,63,47,47,38,23,23,12,12,12,34,34,34],"items_purged":["Strike_G","Strike_G","Defend_G"],"gold":46,"score":255,"play_id":"b1cb8c84-63b7-4110-beb4-d5dcc7598e63","is_prod":false,"is_daily":false,"is_ascension_mode":false,"campfire_upgraded":4,"path_taken":["M","?","M","M","M","R","?","?","T","R","?","M","?","?","R","BOSS","M","?","?","?","?","R","M","M","T","E","?","?","R","?","R","BOSS"],"build_version":"2018-02-15-PROD1","purchased_purges":3,"victory":false,"master_deck":["Defend_G+1","Defend_G","Defend_G","Strike_G+1","Survivor","Neutralize","PiercingWail","Injury","Caltrops+1","Bouncing Flask+1","Outmaneuver","Outmaneuver+1","Predator","Prepared","Backflip","Bane","Burst+1","Quick Slash","Backflip+1","Flechettes+1","Acrobatics+1","Distraction+1","Noxious Fumes+1"],"max_hp_per_floor":[70,70,70,70,70,70,70,70,70,70,70,70,70,70,70,70,75,75,75,75,75,75,75,75,75,75,75,75,75,75,75,75],"relics":["Ring of the Snake","Golden Idol","Tiny Chest","Tiny House","Juzu Bracelet","War Paint","Nilry\u0027s Codex","Ancient Tea Set","Bottled Lightning","Ginger"],"card_choices":[{"not_picked":["Terror","Blade Dance"],"picked":"PiercingWail"},{"not_picked":["Deflect","Acrobatics"],"picked":"Caltrops"},{"not_picked":["Dagger Throw","Finisher"],"picked":"Bouncing Flask"},{"not_picked":["Eviscerate","Poisoned Stab"],"picked":"Outmaneuver"},{"not_picked":["Choke","Slice"],"picked":"Prepared"},{"not_picked":["Sucker Punch","Finisher"],"picked":"Backflip"},{"not_picked":["Dagger Throw","Venomology"],"picked":"Bane"},{"not_picked":["Night Terror","Envenom"],"picked":"Burst"},{"not_picked":["Acrobatics","Footwork"],"picked":"Quick Slash"},{"not_picked":["Poisoned Stab","Escape Plan"],"picked":"Backflip"},{"not_picked":["Escape Plan","Flying Knee"],"picked":"Flechettes"},{"not_picked":["Phantasmal Killer","Quick Slash"],"picked":"Acrobatics"},{"not_picked":["Slice","Acrobatics"],"picked":"Distraction"}],"player_experience":110577,"potions_floor_usage":[12,16,16,27,27,27],"damage_taken":[{"damage":0,"enemies":"2 Louse","floor":1,"turns":3},{"damage":8,"enemies":"Jaw Worm","floor":3,"turns":7},{"damage":0,"enemies":"Cultist","floor":4,"turns":6},{"damage":20,"enemies":"Exordium Thugs","floor":5,"turns":7},{"damage":4,"enemies":"2 Fungi Beasts","floor":11,"turns":4},{"damage":3,"enemies":"Red Slaver","floor":12,"turns":4},{"damage":1,"enemies":"Large Slime","floor":14,"turns":6},{"damage":36,"enemies":"The Guardian","floor":16,"turns":9},{"damage":12,"enemies":"Chosen","floor":18,"turns":4},{"damage":9,"enemies":"2 Thieves","floor":24,"turns":4},{"damage":15,"enemies":"Snake Plant","floor":25,"turns":3},{"damage":11,"enemies":"Slavers","floor":27,"turns":7},{"damage":51,"enemies":"Collector","floor":33,"turns":6}],"event_choices":[{"event_name":"Golden Idol","player_choice":"Take Wound","floor":2,"damage_taken":0},{"event_name":"Purifier","player_choice":"One Purge","floor":8,"damage_taken":0},{"event_name":"Wheel of Change","player_choice":"Card Removal","floor":20,"damage_taken":0},{"event_name":"Addict","player_choice":"Obtained Relic","floor":21,"damage_taken":0},{"event_name":"Cursed Tome","player_choice":"Obtained Book","floor":22,"damage_taken":0},{"event_name":"Drug Dealer","player_choice":"Ignored","floor":29,"damage_taken":0},{"event_name":"The Mausoleum","player_choice":"Yes","floor":31,"damage_taken":0}],"boss_relics":[{"not_picked":["White Beast Statue","Calling Bell"],"picked":"Tiny House"}],"potions_floor_spawned":[1,3,5,14,25],"seed_played":"8348116703012033714","killed_by":"Collector","ascension_level":0,"is_trial":false}