{"gold_per_floor":[15,28,28,28,38,38,38,101,101,115,135,60,24,39,39,39],"floor_reached":16,"playtime":1156,"items_purged":["Strike_G"],"score":106,"play_id":"b631b652-e6b1-45a3-9c5f-9892fed6ebad","local_time":"20181218164601","is_ascension_mode":true,"campfire_choices":[{"data":"Blade Dance","floor":6,"key":"SMITH"},{"floor":15,"key":"REST"}],"neow_cost":"NO_GOLD","seed_source_timestamp":2727136976319,"circlet_count":0,"master_deck":["Defend_G","Defend_G","Defend_G","Defend_G","Strike_G","Strike_G","Survivor","Neutralize","Blade Dance+1","Flying Knee","Deadly Poison","Poisoned Stab","PiercingWail","Infinite Blades","Backflip","Blur"],"relics":["Ring of the Snake","Dream Catcher","Girya"],"potions_floor_usage":[14,14],"damage_taken":[{"damage":19,"enemies":"Cultist","floor":1,"turns":7},{"damage":9,"enemies":"Jaw Worm","floor":2,"turns":7},{"damage":0,"enemies":"Small Slimes","floor":5,"turns":2},{"damage":37,"enemies":"3 Sentries","floor":8,"turns":12},{"damage":4,"enemies":"2 Fungi Beasts","floor":10,"turns":3},{"damage":8,"enemies":"Blue Slaver","floor":11,"turns":3},{"damage":3,"enemies":"Lots of Slimes","floor":14,"turns":3},{"damage":29,"enemies":"The Guardian","floor":16,"turns":10}],"seed_played":"-1192119686602234223","potions_obtained":[{"floor":8,"key":"LiquidBronze"},{"floor":10,"key":"Strength Potion"}],"is_trial":false,"path_per_floor":["M","M","?","?","M","R","$","?","T","M","M","$","$","M","R","B"],"character_chosen":"THE_SILENT","items_purchased":["Infinite Blades"],"campfire_rested":1,"item_purchase_floors":[13],"current_hp_per_floor":[51,42,65,58,58,58,58,21,21,17,9,9,9,6,27,0],"gold":39,"neow_bonus":"REMOVE_TWO","is_prod":false,"is_daily":false,"chose_seed":false,"campfire_upgraded":1,"win_rate":0,"timestamp":1545147961,"path_taken":["M","?","?","?","M","R","$","?","T","M","M","?","$","M","R","BOSS"],"build_version":"2018-12-13","purchased_purges":1,"victory":false,"max_hp_per_floor":[70,70,70,70,70,70,70,70,70,70,70,70,70,70,70,70],"card_choices":[{"not_picked":["Deflect","Backflip"],"picked":"Blade Dance","floor":1},{"not_picked":["Bane","Outmaneuver"],"picked":"Flying Knee","floor":2},{"not_picked":["Deflect","Slice","Acrobatics"],"picked":"SKIP","floor":5},{"not_picked":["Flechettes","Crippling Poison"],"picked":"Deadly Poison","floor":8},{"not_picked":["Backflip","Quick Slash"],"picked":"Poisoned Stab","floor":10},{"not_picked":["Backflip","Dodge and Roll"],"picked":"PiercingWail","floor":11},{"not_picked":["PiercingWail","Night Terror"],"picked":"Backflip","floor":14},{"not_picked":["Leg Sweep","Acrobatics"],"picked":"Blur","floor":15}],"player_experience":421910,"relics_obtained":[{"floor":8,"key":"Dream Catcher"},{"floor":9,"key":"Girya"}],"event_choices":[{"damage_healed":23,"gold_gain":0,"player_choice":"Banana","damage_taken":0,"max_hp_gain":0,"max_hp_loss":0,"event_name":"Big Fish","floor":3,"gold_loss":0},{"cards_removed":["Defend_G"],"damage_healed":0,"gold_gain":0,"player_choice":"Card Removal","damage_taken":7,"max_hp_gain":0,"max_hp_loss":0,"event_name":"Golden Wing","floor":4,"gold_loss":0},{"damage_healed":0,"gold_gain":0,"player_choice":"Searched \u00271\u0027 times","damage_taken":0,"max_hp_gain":0,"max_hp_loss":0,"event_name":"Dead Adventurer","floor":8,"gold_loss":0}],"is_beta":false,"boss_relics":[],"items_purged_floors":[12],"is_endless":false,"potions_floor_spawned":[8,10],"killed_by":"The Guardian","ascension_level":3}