{"gold_per_floor":[118,138,138,161,161,161,202,202,227,240,240,261,301,326,326,457,457,477,140,215,228,76,110,135,156,156,156,255,296,296,296,296,401,401,414,427,481,33,33,33,44,44,91,103,133,180,192,204],"floor_reached":48,"playtime":6530,"items_purged":["Strike_R","Strike_R"],"score":664,"play_id":"a46ce97b-4b98-42f8-967d-2238a357902c","local_time":"20181107215731","is_ascension_mode":true,"campfire_choices":[{"data":"Cleave","floor":6,"key":"SMITH"},{"floor":8,"key":"REST"},{"data":"Thunderclap","floor":11,"key":"SMITH"},{"data":"Bash","floor":15,"key":"SMITH"},{"floor":27,"key":"REST"},{"data":"Double Tap","floor":30,"key":"SMITH"},{"data":"Shrug It Off","floor":32,"key":"SMITH"},{"data":"Panache","floor":40,"key":"SMITH"},{"data":"Madness","floor":44,"key":"SMITH"}],"neow_cost":"NONE","seed_source_timestamp":83432436742643,"circlet_count":0,"master_deck":["Strike_R","Strike_R","Defend_R","Defend_R","Bash+1","Cleave+1","Thunderclap+1","Dropkick+1","Clash+1","Clothesline+1","Anger+1","Headbutt+1","Reaper+1","Flex+1","Whirlwind+1","Seeing Red+1","Double Tap+1","Infernal Blade","Shrug It Off+1","Anger+1","Infernal Blade","Fiend Fire+1","Ghostly Armor","Flex+1","Panache+1","Good Instincts","Clash+1","Madness","Madness+1","Fiend Fire+1","Warcry+1"],"relics":["Burning Blood","Regal Pillow","Potion Belt","Bloody Idol","Molten Egg 2","Happy Flower","Red Skull","Runic Pyramid","Chemical X","Orichalcum","Dream Catcher","Anchor","Empty Cage","Pocketwatch","MawBank","Du-Vu Doll"],"potions_floor_usage":[13,16,23,25,33,41,41,41,46,48],"damage_taken":[{"damage":1,"enemies":"Cultist","floor":1,"turns":4},{"damage":7,"enemies":"Jaw Worm","floor":2,"turns":3},{"damage":32,"enemies":"Gremlin Nob","floor":7,"turns":4},{"damage":0,"enemies":"Small Slimes","floor":10,"turns":1},{"damage":3,"enemies":"3 Louse","floor":12,"turns":2},{"damage":18,"enemies":"3 Sentries","floor":13,"turns":4},{"damage":8,"enemies":"Lots of Slimes","floor":14,"turns":2},{"damage":0,"enemies":"Slime Boss","floor":16,"turns":3},{"damage":20,"enemies":"Shell Parasite","floor":18,"turns":4},{"damage":6,"enemies":"3 Byrds","floor":21,"turns":2},{"damage":35,"enemies":"Book of Stabbing","floor":23,"turns":3},{"damage":17,"enemies":"Centurion and Healer","floor":24,"turns":3},{"damage":15,"enemies":"Shelled Parasite and Fungi","floor":25,"turns":3},{"damage":15,"enemies":"Gremlin Leader","floor":29,"turns":5},{"damage":23,"enemies":"Automaton","floor":33,"turns":6},{"damage":24,"enemies":"3 Darklings","floor":35,"turns":2},{"damage":0,"enemies":"Orb Walker","floor":36,"turns":2},{"damage":1,"enemies":"2 Orb Walkers","floor":37,"turns":2},{"damage":9,"enemies":"Transient","floor":41,"turns":5},{"damage":11,"enemies":"Maw","floor":45,"turns":5},{"damage":49,"enemies":"Reptomancer","floor":46,"turns":5},{"damage":52,"enemies":"Writhing Mass","floor":48,"turns":3}],"seed_played":"-4234126975294738304","potions_obtained":[{"floor":7,"key":"Dexterity Potion"},{"floor":12,"key":"AttackPotion"},{"floor":18,"key":"Poison Potion"},{"floor":21,"key":"Dexterity Potion"},{"floor":24,"key":"Weak Potion"},{"floor":29,"key":"FearPotion"},{"floor":33,"key":"Fire Potion"},{"floor":37,"key":"GamblersBrew"},{"floor":41,"key":"Energy Potion"},{"floor":46,"key":"AttackPotion"}],"is_trial":false,"path_per_floor":["M","M","?","T","?","R","E","R","T","M","R","M","E","M","R","B",null,"M","$","?","M","$","E","M","M","T","R","?","E","R","?","R","B",null,"M","M","?","$","?","R","M","?","T","R","M","E","?","M"],"character_chosen":"IRONCLAD","items_purchased":["Chemical X","Whirlwind+1","Seeing Red","Double Tap","Panache","Energy Potion","Good Instincts","Clash+1"],"campfire_rested":2,"item_purchase_floors":[19,19,22,22,38,38,38,38],"current_hp_per_floor":[80,79,72,72,52,52,26,65,65,71,71,74,62,60,60,66,80,71,71,63,72,72,43,32,23,23,62,62,58,58,58,58,46,80,67,78,80,80,70,70,72,72,77,80,80,42,47,0],"gold":204,"neow_bonus":"RANDOM_COMMON_RELIC","is_prod":false,"is_daily":false,"chose_seed":false,"campfire_upgraded":7,"win_rate":0,"timestamp":1541624251,"path_taken":["M","M","?","?","?","R","E","R","T","M","R","M","E","M","R","BOSS","M","$","?","M","$","E","?","M","T","R","?","E","R","?","R","BOSS","M","M","?","$","?","R","M","?","T","R","?","E","?","?"],"build_version":"2018-11-01","purchased_purges":2,"victory":false,"max_hp_per_floor":[80,80,80,80,80,80,80,80,80,80,80,80,80,80,80,80,80,80,80,80,80,80,80,80,80,80,80,80,80,80,80,80,80,80,80,80,80,80,80,80,80,80,80,80,80,80,80,80],"card_choices":[{"not_picked":["Clothesline","Warcry"],"picked":"Cleave","floor":1},{"not_picked":["Twin Strike","Combust"],"picked":"Thunderclap","floor":2},{"not_picked":["Burning Pact","Warcry"],"picked":"Dropkick","floor":7},{"not_picked":["Searing Blow+1","Rampage+1"],"picked":"Clash+1","floor":10},{"not_picked":["Perfected Strike+1","Carnage+1"],"picked":"Clothesline+1","floor":12},{"not_picked":["Barricade","Disarm"],"picked":"Anger+1","floor":13},{"not_picked":["Sword Boomerang+1","True Grit"],"picked":"Headbutt+1","floor":14},{"not_picked":["Bludgeon+1","Barricade"],"picked":"Reaper+1","floor":16},{"not_picked":["Wild Strike+1","Havoc"],"picked":"Flex+1","floor":18},{"not_picked":["Havoc","True Grit","Clothesline+1"],"picked":"SKIP","floor":21},{"not_picked":["Anger+1","Iron Wave+1"],"picked":"Infernal Blade","floor":23},{"not_picked":["Warcry","Fire Breathing"],"picked":"Shrug It Off","floor":24},{"not_picked":["Headbutt+1","True Grit"],"picked":"Anger+1","floor":25},{"not_picked":["Barricade","Uppercut+1"],"picked":"Infernal Blade","floor":29},{"not_picked":["Immolate+1","Brutality"],"picked":"Fiend Fire+1","floor":33},{"not_picked":["Pommel Strike+1","Flame Barrier+1"],"picked":"Ghostly Armor","floor":35},{"not_picked":["Heavy Blade+1","Clash+1"],"picked":"Flex+1","floor":36},{"not_picked":["Wild Strike+1","Cleave+1"],"picked":"Fiend Fire+1","floor":41},{"not_picked":["Wild Strike+1","Sever Soul+1"],"picked":"Warcry+1","floor":45},{"not_picked":["Perfected Strike+1","Cleave+1","Heavy Blade+1"],"picked":"SKIP","floor":46}],"player_experience":375016,"relics_obtained":[{"floor":4,"key":"Potion Belt"},{"floor":7,"key":"Molten Egg 2"},{"floor":9,"key":"Happy Flower"},{"floor":13,"key":"Red Skull"},{"floor":23,"key":"Orichalcum"},{"floor":26,"key":"Dream Catcher"},{"floor":29,"key":"Anchor"},{"floor":37,"key":"Pocketwatch"},{"floor":43,"key":"MawBank"},{"floor":46,"key":"Du-Vu Doll"}],"event_choices":[{"cards_removed":["Defend_R"],"damage_healed":0,"gold_gain":0,"player_choice":"Card Removal","damage_taken":7,"max_hp_gain":0,"max_hp_loss":0,"event_name":"Golden Wing","floor":3,"gold_loss":0},{"damage_healed":0,"gold_gain":0,"player_choice":"Take Damage","damage_taken":20,"relics_obtained":["Golden Idol"],"max_hp_gain":0,"max_hp_loss":0,"event_name":"Golden Idol","floor":5,"gold_loss":0},{"damage_healed":0,"gold_gain":75,"player_choice":"Touch","damage_taken":8,"max_hp_gain":0,"max_hp_loss":0,"event_name":"FaceTrader","floor":20,"gold_loss":0},{"damage_healed":0,"gold_gain":99,"player_choice":"Stole From Cult","damage_taken":0,"max_hp_gain":0,"max_hp_loss":0,"event_name":"Nest","floor":28,"gold_loss":0},{"damage_healed":0,"gold_gain":0,"player_choice":"Gave Idol","damage_taken":0,"relics_obtained":["Bloody Idol"],"max_hp_gain":0,"max_hp_loss":0,"event_name":"Forgotten Altar","floor":31,"relics_lost":["Golden Idol"],"gold_loss":0},{"damage_healed":0,"gold_gain":0,"player_choice":"Fight","damage_taken":0,"max_hp_gain":0,"max_hp_loss":0,"event_name":"Mysterious Sphere","floor":37,"gold_loss":0},{"damage_healed":0,"gold_gain":0,"player_choice":"Embrace Madness","damage_taken":10,"max_hp_gain":0,"max_hp_loss":0,"event_name":"Winding Halls","floor":39,"gold_loss":0,"cards_obtained":["Madness","Madness"]},{"damage_healed":0,"gold_gain":0,"player_choice":"Forge","damage_taken":0,"max_hp_gain":0,"max_hp_loss":0,"event_name":"Accursed Blacksmith","floor":42,"gold_loss":0,"cards_upgraded":["Seeing Red"]},{"damage_healed":0,"gold_gain":0,"player_choice":"Ignored","damage_taken":0,"max_hp_gain":0,"max_hp_loss":0,"event_name":"SecretPortal","floor":47,"gold_loss":0}],"is_beta":false,"boss_relics":[{"not_picked":["Ectoplasm","Orrery"],"picked":"Runic Pyramid"},{"not_picked":["Mark of Pain","Fusion Hammer"],"picked":"Empty Cage"}],"items_purged_floors":[19,38],"is_endless":false,"potions_floor_spawned":[7,12,18,21,24,29,33,37,41,46],"killed_by":"Writhing Mass","ascension_level":3}