{"gold_per_floor":[115,39,54,69,69,69,85,85,85,85,85,123,123],"floor_reached":13,"playtime":471,"items_purged":[],"score":100,"play_id":"dea0b601-dc45-4084-960f-1a17424d899b","local_time":"20190414012637","is_ascension_mode":true,"campfire_choices":[{"data":"Sweeping Beam","floor":6,"key":"SMITH"},{"data":"Fusion","floor":11,"key":"SMITH"}],"neow_cost":"NONE","seed_source_timestamp":32867500843700,"circlet_count":0,"master_deck":["Strike_B","Strike_B","Strike_B+1","Strike_B","Defend_B","Defend_B","Defend_B","Zap","Dualcast","Reinforced Body","Sweeping Beam+1","Thunder Strike+1","Fusion+1","Reinforced Body","Ball Lightning","Loop"],"relics":["Cracked Core","Dodecahedron","Golden Idol","Pantograph"],"potions_floor_usage":[12,13,13],"damage_taken":[{"damage":5,"enemies":"2 Louse","floor":1,"turns":3},{"damage":0,"enemies":"Jaw Worm","floor":3,"turns":3},{"damage":0,"enemies":"Cultist","floor":4,"turns":4},{"damage":0,"enemies":"2 Fungi Beasts","floor":7,"turns":3},{"damage":28,"enemies":"3 Sentries","floor":12,"turns":6},{"damage":5,"enemies":"Blue Slaver","floor":13,"turns":3}],"seed_played":"-5254752461896401562","potions_obtained":[{"floor":3,"key":"SpeedPotion"},{"floor":7,"key":"Strength Potion"},{"floor":12,"key":"EssenceOfSteel"}],"is_trial":false,"path_per_floor":["M","$","M","M","?","R","M","?","T","?","R","E","M"],"character_chosen":"DEFECT","items_purchased":["Thunder Strike"],"campfire_rested":0,"item_purchase_floors":[2],"current_hp_per_floor":[70,70,70,70,55,55,55,48,48,30,30,2,0],"gold":123,"neow_bonus":"THREE_CARDS","is_prod":false,"is_daily":false,"chose_seed":false,"campfire_upgraded":2,"win_rate":0,"timestamp":1555197997,"path_taken":["M","$","M","M","?","R","M","?","T","?","R","E","?"],"build_version":"2019-01-23","purchased_purges":0,"victory":false,"max_hp_per_floor":[75,75,75,75,75,75,75,75,75,75,75,75,75],"card_choices":[{"not_picked":["Cold Snap","Fusion"],"picked":"Reinforced Body","floor":0},{"not_picked":["Turbo","Rip and Tear"],"picked":"Sweeping Beam","floor":1},{"not_picked":["Beam Cell","Streamline"],"picked":"Fusion","floor":3},{"not_picked":["Steam Power","Scrape"],"picked":"Reinforced Body","floor":4},{"not_picked":["Melter","Reinforced Body"],"picked":"Ball Lightning","floor":7},{"not_picked":["Chaos","Hello World"],"picked":"Loop","floor":12}],"player_experience":498674,"relics_obtained":[{"floor":9,"key":"Dodecahedron"},{"floor":12,"key":"Pantograph"}],"event_choices":[{"damage_healed":0,"gold_gain":0,"player_choice":"Entered Light","damage_taken":15,"max_hp_gain":0,"max_hp_loss":0,"event_name":"Shining Light","floor":5,"gold_loss":0,"cards_upgraded":["Thunder Strike","Strike_B"]},{"cards_removed":["Defend_B"],"damage_healed":0,"gold_gain":0,"player_choice":"Card Removal","damage_taken":7,"max_hp_gain":0,"max_hp_loss":0,"event_name":"Golden Wing","floor":8,"gold_loss":0},{"damage_healed":0,"gold_gain":0,"player_choice":"Take Damage","damage_taken":18,"relics_obtained":["Golden Idol"],"max_hp_gain":0,"max_hp_loss":0,"event_name":"Golden Idol","floor":10,"gold_loss":0}],"is_beta":false,"boss_relics":[],"items_purged_floors":[],"is_endless":false,"potions_floor_spawned":[3,7,12],"killed_by":"Blue Slaver","ascension_level":4}