{"gold_per_floor":[215,290,290,290,308,308,321,321,346,346],"floor_reached":10,"playtime":231,"items_purged":[],"score":73,"play_id":"a90b95e0-d8ab-47b9-aa34-8cf4c0a9e8c2","local_time":"20190509024313","is_ascension_mode":true,"campfire_choices":[{"data":"Blade Dance","floor":6,"key":"SMITH"},{"data":"PiercingWail","floor":8,"key":"SMITH"}],"neow_cost":"NONE","seed_source_timestamp":20758245252700,"circlet_count":0,"master_deck":["Defend_G","Defend_G","Defend_G+1","Defend_G","Defend_G","Strike_G","Strike_G","Strike_G","Strike_G","Strike_G","Survivor","Neutralize+1","Blade Dance","Blade Dance+1","PiercingWail+1"],"relics":["Ring of the Snake","The Specimen","Juzu Bracelet"],"potions_floor_usage":[],"damage_taken":[{"damage":6,"enemies":"Cultist","floor":1,"turns":4},{"damage":1,"enemies":"Small Slimes","floor":5,"turns":3},{"damage":4,"enemies":"2 Louse","floor":7,"turns":3},{"damage":22,"enemies":"3 Sentries","floor":10,"turns":2}],"seed_played":"-7435862622701206017","potions_obtained":[],"is_trial":false,"path_per_floor":["M","?","?","?","M","R","M","R","T","E"],"character_chosen":"THE_SILENT","items_purchased":[],"campfire_rested":0,"item_purchase_floors":[],"current_hp_per_floor":[57,46,39,25,24,24,20,20,20,0],"gold":346,"neow_bonus":"HUNDRED_GOLD","is_prod":false,"is_daily":false,"chose_seed":false,"campfire_upgraded":2,"win_rate":0,"timestamp":1557362593,"path_taken":["M","?","?","?","M","R","M","R","T","E"],"build_version":"2019-01-23","purchased_purges":0,"victory":false,"max_hp_per_floor":[70,70,70,70,70,70,70,70,70,70],"card_choices":[{"not_picked":["Slice","Flying Knee"],"picked":"Blade Dance","floor":1},{"not_picked":["Venomology","Outmaneuver"],"picked":"Blade Dance","floor":5},{"not_picked":["Skewer","Sucker Punch"],"picked":"PiercingWail","floor":7}],"player_experience":527471,"relics_obtained":[{"floor":9,"key":"Juzu Bracelet"}],"event_choices":[{"damage_healed":0,"gold_gain":75,"player_choice":"Gather Gold","damage_taken":11,"max_hp_gain":0,"max_hp_loss":0,"event_name":"World of Goop","floor":2,"gold_loss":0},{"damage_healed":0,"gold_gain":0,"player_choice":"Success","damage_taken":7,"relics_obtained":["The Specimen"],"max_hp_gain":0,"max_hp_loss":0,"event_name":"Scrap Ooze","floor":3,"gold_loss":0},{"damage_healed":0,"gold_gain":0,"player_choice":"Entered Light","damage_taken":14,"max_hp_gain":0,"max_hp_loss":0,"event_name":"Shining Light","floor":4,"gold_loss":0,"cards_upgraded":["Defend_G","Neutralize"]}],"is_beta":false,"boss_relics":[],"items_purged_floors":[],"is_endless":false,"potions_floor_spawned":[],"killed_by":"3 Sentries","ascension_level":6}