{"gold_per_floor":[113,4,179,202,213,213,213,225,250,115,115,125,9,22,22,118,118,128,113,131,81,7,7,7,7,32,47,47],"floor_reached":28,"playtime":1129,"items_purged":["Strike_G","Doubt"],"score":270,"play_id":"b3f04957-b0aa-478b-bd7f-148aa9ef65d5","local_time":"20190511020613","is_ascension_mode":true,"campfire_choices":[{"data":"Noxious Fumes","floor":6,"key":"SMITH"},{"data":"Blade Dance","floor":11,"key":"SMITH"},{"data":"Noxious Fumes","floor":15,"key":"SMITH"},{"data":"Cloak And Dagger","floor":23,"key":"SMITH"}],"neow_cost":"NONE","seed_source_timestamp":22015897614600,"circlet_count":0,"master_deck":["Defend_G","Defend_G","Defend_G","Defend_G","Strike_G","Strike_G","Strike_G","Survivor","Neutralize","Noxious Fumes+1","Infinite Blades","Cloak And Dagger","Blade Dance+1","Footwork","Backstab","Noxious Fumes+1","Calculated Gamble","Die Die Die","Blade Dance+1","Masterful Stab","Cloak And Dagger+1","Infinite Blades","Accuracy"],"relics":["Ring of the Snake","Bronze Scales","Omamori","WristBlade","PreservedInsect"],"potions_floor_usage":[12,19,27,28,28,28],"damage_taken":[{"damage":1,"enemies":"Cultist","floor":1,"turns":4},{"damage":1,"enemies":"Jaw Worm","floor":5,"turns":4},{"damage":4,"enemies":"Small Slimes","floor":8,"turns":3},{"damage":23,"enemies":"Gremlin Gang","floor":12,"turns":4},{"damage":8,"enemies":"Red Slaver","floor":14,"turns":3},{"damage":7,"enemies":"Hexaghost","floor":16,"turns":8},{"damage":9,"enemies":"3 Byrds","floor":18,"turns":3},{"damage":0,"enemies":"2 Thieves","floor":19,"turns":4},{"damage":20,"enemies":"Snake Plant","floor":20,"turns":4},{"damage":31,"enemies":"Shelled Parasite and Fungi","floor":27,"turns":4},{"damage":12,"enemies":"Snecko","floor":28,"turns":3}],"seed_played":"7317407120882451813","potions_obtained":[{"floor":1,"key":"Energy Potion"},{"floor":14,"key":"GhostInAJar"},{"floor":16,"key":"LiquidBronze"},{"floor":19,"key":"Explosive Potion"},{"floor":20,"key":"Ancient Potion"},{"floor":27,"key":"Block Potion"}],"is_trial":false,"path_per_floor":["M","$","?","T","M","R","?","M","T","$","R","M","$","M","R","B",null,"M","M","M","?","$","R","$","?","T","M","M"],"character_chosen":"THE_SILENT","items_purchased":["Infinite Blades","Footwork","Noxious Fumes","Calculated Gamble","Infinite Blades"],"campfire_rested":0,"item_purchase_floors":[2,10,13,13,22],"current_hp_per_floor":[69,69,69,69,68,68,68,64,64,64,64,41,41,33,33,26,64,55,55,35,35,35,35,35,35,35,4,0],"gold":47,"neow_bonus":"TEN_PERCENT_HP_BONUS","is_prod":false,"is_daily":false,"chose_seed":false,"campfire_upgraded":4,"win_rate":0,"timestamp":1557533173,"path_taken":["M","$","?","?","M","R","?","?","T","$","R","M","?","M","R","BOSS","M","?","M","?","$","R","?","?","T","M","M"],"build_version":"2019-01-23","purchased_purges":2,"victory":false,"max_hp_per_floor":[77,77,77,77,77,77,77,77,77,77,77,77,77,77,77,77,77,77,77,77,77,77,77,77,77,77,77,77],"card_choices":[{"not_picked":["Bouncing Flask","Catalyst"],"picked":"Noxious Fumes","floor":1},{"not_picked":["Acrobatics","Quick Slash"],"picked":"Cloak And Dagger","floor":5},{"not_picked":["Outmaneuver","Burst"],"picked":"Blade Dance","floor":8},{"not_picked":["Reflex","Poisoned Stab"],"picked":"Backstab","floor":12},{"not_picked":["Backflip","Tactician","Riddle With Holes"],"picked":"SKIP","floor":14},{"not_picked":["Doppelganger","Glass Knife"],"picked":"Die Die Die","floor":16},{"not_picked":["Deadly Poison","Cloak And Dagger"],"picked":"Blade Dance+1","floor":18},{"not_picked":["Dagger Spray","Underhanded Strike"],"picked":"Masterful Stab","floor":19},{"not_picked":["Skewer","Deflect+1"],"picked":"Cloak And Dagger","floor":20},{"not_picked":["Expertise","PiercingWail"],"picked":"Accuracy","floor":27}],"player_experience":528586,"relics_obtained":[{"floor":4,"key":"Bronze Scales"},{"floor":9,"key":"Omamori"},{"floor":26,"key":"PreservedInsect"}],"event_choices":[{"damage_healed":0,"gold_gain":175,"player_choice":"AGREE","damage_taken":0,"max_hp_gain":0,"max_hp_loss":0,"event_name":"Liars Game","floor":3,"gold_loss":0,"cards_obtained":["Doubt"]},{"cards_removed":["Defend_G"],"damage_healed":0,"gold_gain":0,"player_choice":"Purged","damage_taken":0,"max_hp_gain":0,"max_hp_loss":0,"event_name":"Purifier","floor":7,"gold_loss":0},{"damage_healed":0,"gold_gain":0,"player_choice":"Bet on Murderer","damage_taken":0,"max_hp_gain":0,"max_hp_loss":0,"event_name":"The Joust","floor":21,"gold_loss":50},{"cards_removed":["Strike_G"],"damage_healed":0,"gold_gain":0,"player_choice":"Purged","damage_taken":0,"max_hp_gain":0,"max_hp_loss":0,"event_name":"Purifier","floor":25,"gold_loss":0}],"is_beta":false,"boss_relics":[{"not_picked":["Fusion Hammer","Black Star"],"picked":"WristBlade"}],"items_purged_floors":[2,10],"is_endless":false,"potions_floor_spawned":[1,14,16,19,20,27],"killed_by":"Snecko","ascension_level":6}