{"path_per_floor":["M","M","M","?","?","R","M","R","T","?","M","M","?","M","R","B",null,"M","?","$","M","M","M","?","$","T","T","R","M","E","M","R"],"character_chosen":"IRONCLAD","items_purchased":["Shuriken","War Paint","Limit Break","Immolate"],"gold_per_floor":[111,131,145,145,220,220,241,241,541,541,557,572,572,591,591,717,717,741,741,275,288,309,334,334,95,120,120,120,139,180,203,203],"floor_reached":33,"campfire_rested":2,"playtime":2516,"current_hp_per_floor":[83,88,88,66,55,55,38,38,38,43,49,38,38,44,44,24,93,63,93,93,82,43,37,37,37,37,37,64,66,47,37,64],"items_purged":["Defend_R"],"gold":203,"score":261,"play_id":"c1b87450-991b-4b1e-b853-9dd142e33258","is_prod":false,"is_daily":false,"is_ascension_mode":false,"campfire_upgraded":3,"path_taken":["M","M","M","?","?","R","M","R","T","?","?","M","?","M","R","BOSS","M","?","$","M","M","M","?","$","T","?","R","M","E","M","R","BOSS"],"build_version":"2018-02-12-PROD1","purchased_purges":2,"victory":false,"master_deck":["Strike_R","Strike_R","Strike_R","Strike_R","Strike_R","Defend_R+1","Bash+1","Clash","Perfected Strike+1","Clash","Clash","Iron Wave","Demon Form","Sword Boomerang+1","Berserk+1","Armaments+1","Flex+1","Cleave+1","Fire Breathing","Shrug It Off+1","Limit Break","Immolate","Searing Blow+1","Headbutt","Inflame"],"max_hp_per_floor":[88,88,88,88,88,88,88,88,88,93,93,93,93,93,93,93,93,93,93,93,93,93,93,93,93,93,93,93,93,93,93,93],"relics":["Burning Blood","Golden Idol","Old Coin","Astrolabe","Shuriken","War Paint","Vajra","Matryoshka","Prayer Wheel"],"card_choices":[{"not_picked":["Rage","Warcry"],"picked":"Clash"},{"not_picked":["Sword Boomerang","Seeing Red"],"picked":"Perfected Strike"},{"not_picked":["Wild Strike","Body Slam"],"picked":"Evolve"},{"not_picked":["Feed","Iron Wave"],"picked":"Clash"},{"not_picked":["Flame Barrier","Heavy Blade"],"picked":"Clash"},{"not_picked":["Power Through","Warcry"],"picked":"Iron Wave"},{"not_picked":["Wild Strike","Evolve"],"picked":"Corruption"},{"not_picked":["Immolate","Berserk"],"picked":"Demon Form"},{"not_picked":["True Grit","Metallicize"],"picked":"Flex"},{"not_picked":["Battle Trance","Uppercut"],"picked":"Cleave"},{"not_picked":["Corruption","Disarm"],"picked":"Fire Breathing"},{"not_picked":["Body Slam","Twin Strike"],"picked":"Shrug It Off"},{"not_picked":["Heavy Blade","Demon Form"],"picked":"Searing Blow"},{"not_picked":["Twin Strike","Disarm"],"picked":"Headbutt"},{"not_picked":["Wild Strike","Second Wind"],"picked":"Inflame"}],"player_experience":84299,"potions_floor_usage":[16,16,16,22,30,30,31],"damage_taken":[{"damage":11,"enemies":"Jaw Worm","floor":1,"turns":2},{"damage":0,"enemies":"Small Slimes","floor":2,"turns":3},{"damage":0,"enemies":"2 Louse","floor":3,"turns":1},{"damage":23,"enemies":"Exordium Wildlife","floor":7,"turns":4},{"damage":0,"enemies":"2 Fungi Beasts","floor":11,"turns":2},{"damage":17,"enemies":"Large Slime","floor":12,"turns":5},{"damage":0,"enemies":"3 Louse","floor":14,"turns":1},{"damage":26,"enemies":"Slime Boss","floor":16,"turns":9},{"damage":36,"enemies":"2 Thieves","floor":18,"turns":4},{"damage":17,"enemies":"Shell Parasite","floor":21,"turns":3},{"damage":45,"enemies":"Chosen and Byrds","floor":22,"turns":4},{"damage":12,"enemies":"Cultist and Chosen","floor":23,"turns":5},{"damage":4,"enemies":"Snecko","floor":29,"turns":3},{"damage":25,"enemies":"Slavers","floor":30,"turns":3},{"damage":16,"enemies":"Slaver and Parasite","floor":31,"turns":5},{"damage":88,"enemies":"Automaton","floor":33,"turns":6}],"event_choices":[{"event_name":"Golden Idol","player_choice":"Take Damage","floor":4,"damage_taken":0},{"event_name":"World of Goop","player_choice":"Gather Gold","floor":5,"damage_taken":0},{"event_name":"Big Fish","player_choice":"Donut","floor":10,"damage_taken":0},{"event_name":"Upgrade Shrine","player_choice":"Upgraded","floor":13,"damage_taken":0},{"event_name":"The Library","player_choice":"Heal","floor":19,"damage_taken":0},{"event_name":"Back to Basics","player_choice":"Elegance","floor":24,"damage_taken":0}],"boss_relics":[{"not_picked":["Orrery","Runic Dome"],"picked":"Astrolabe"}],"potions_floor_spawned":[3,11,12,16,21,23,30],"seed_played":"-8706464845496544687","killed_by":"Automaton","ascension_level":0,"is_trial":false}