{"path_per_floor":["M","M","M","?","M","E","?","?","T","R","$","?","M","M","R"],"character_chosen":"THE_SILENT","items_purchased":["Distraction","Infinite Blades"],"gold_per_floor":[113,130,149,149,163,188,188,188,265,265,80,80,100,120,120],"floor_reached":16,"campfire_rested":0,"playtime":2432,"current_hp_per_floor":[70,70,68,56,67,28,51,44,44,44,44,44,41,33,33],"items_purged":["Strike_G"],"gold":120,"play_id":"ff4bc2a0-04de-494f-a36a-5cf113a2edef","is_prod":false,"is_daily":false,"is_ascension_mode":false,"campfire_upgraded":2,"path_taken":["M","M","M","?","?","E","?","?","T","R","?","?","?","M","R","BOSS"],"build_version":"2018-02-01-PROD3","purchased_purges":1,"victory":false,"master_deck":["Defend_G","Defend_G","Defend_G","Defend_G","Strike_G","Strike_G","Strike_G","Strike_G","Survivor","Neutralize","Blur","All Out Attack","Choke","Escape Plan","Infinite Blades+1","Backflip","Distraction","Infinite Blades","Prepared","Outmaneuver+1"],"max_hp_per_floor":[70,70,70,70,70,70,70,70,70,70,70,70,70,70,70],"relics":["Ring of the Snake","Tingsha","Mercury Hourglass","Bottled Lightning"],"card_choices":[{"not_picked":["Prepared","Slice"],"picked":"Blur"},{"not_picked":["Deadly Poison","Backflip"],"picked":"All Out Attack"},{"not_picked":["Escape Plan","Distraction"],"picked":"Choke"},{"not_picked":["Slice","PiercingWail"],"picked":"Escape Plan"},{"not_picked":["Deadly Poison","All Out Attack"],"picked":"Infinite Blades"},{"not_picked":["PiercingWail","Dagger Throw"],"picked":"Backflip"},{"not_picked":["Bouncing Flask","Crippling Poison"],"picked":"Prepared"},{"not_picked":["Poisoned Stab","Deflect"],"picked":"Outmaneuver"}],"player_experience":48922,"potions_floor_usage":[5,14],"damage_taken":[{"damage":0,"enemies":"2 Louse","floor":1,"turns":3},{"damage":0,"enemies":"Cultist","floor":2,"turns":3},{"damage":2,"enemies":"Blue Slaver","floor":3,"turns":5},{"damage":4,"enemies":"Large Slime","floor":5,"turns":8},{"damage":39,"enemies":"Lagavulin","floor":6,"turns":10},{"damage":3,"enemies":"Exordium Thugs","floor":13,"turns":4},{"damage":8,"enemies":"Exordium Wildlife","floor":14,"turns":4},{"damage":35,"enemies":"Hexaghost","floor":16,"turns":10}],"event_choices":[{"event_name":"Scrap Ooze","player_choice":"success","floor":4,"damage_taken":12},{"event_name":"Big Fish","player_choice":"Banana","floor":7,"damage_taken":0},{"event_name":"Golden Wing","player_choice":"Card Removal","floor":8,"damage_taken":0},{"event_name":"Liars Game","player_choice":"disagreed","floor":12,"damage_taken":0}],"boss_relics":[],"potions_floor_spawned":[2,13,14],"seed_played":"-1236037644170870488","killed_by":"Hexaghost","ascension_level":0,"is_trial":false}