{"gold_per_floor":[118,135,135,7,7,67,67,67,67,27,27,44,44,58,58,153,153,171,171,184,204,204,204,204,218,272,272,284,284,68,85,85,184,184,203,221,221,221,621,650,650,101,153,170,196,196,224,274,274,274],"floor_reached":51,"playtime":4427,"items_purged":["Strike_G","Doubt","Noxious Fumes+1"],"score":886,"play_id":"a6f44362-8a44-4d9b-83e9-4bcaf89a18dc","local_time":"20190402231940","is_ascension_mode":true,"campfire_choices":[{"data":"Cloak And Dagger","floor":7,"key":"SMITH"},{"data":"Noxious Fumes","floor":13,"key":"SMITH"},{"data":"Bouncing Flask","floor":15,"key":"SMITH"},{"data":"Footwork","floor":24,"key":"SMITH"},{"data":"Accuracy","floor":27,"key":"SMITH"},{"data":"Blade Dance","floor":29,"key":"SMITH"},{"floor":32,"key":"REST"},{"floor":41,"key":"REST"},{"data":"Apotheosis","floor":46,"key":"SMITH"},{"floor":49,"key":"REST"}],"neow_cost":"CURSE","seed_source_timestamp":8581327936600,"circlet_count":0,"master_deck":["Defend_G","Defend_G","Defend_G","Defend_G","Defend_G","Strike_G","Strike_G","Survivor","Neutralize","Flying Knee","Bouncing Flask+1","Prepared","Cloak And Dagger+1","Deflect","Accuracy","Tools of the Trade","Crippling Poison+1","Heel Hook","Acrobatics+1","Footwork+1","Accuracy+1","Blade Dance+1","Quick Slash","Master of Strategy","PiercingWail","Adrenaline","Cloak And Dagger","Poisoned Stab+1","Bandage Up","Master of Strategy","Crippling Poison+1","Backflip+1","Infinite Blades","Apotheosis+1","PiercingWail+1","Flechettes+1","Bouncing Flask+1"],"relics":["Ring of the Serpent","FossilizedHelix","Tiny Chest","Matryoshka","Lantern","Snake Skull","Sozu","Pen Nib","Smiling Mask","Old Coin","Vajra","Pantograph","Bag of Marbles","Bag of Preparation","Anchor","Nunchaku"],"potions_floor_usage":[6,6,21],"damage_taken":[{"damage":0,"enemies":"Cultist","floor":1,"turns":5},{"damage":1,"enemies":"Jaw Worm","floor":2,"turns":5},{"damage":35,"enemies":"3 Sentries","floor":6,"turns":9},{"damage":0,"enemies":"Small Slimes","floor":12,"turns":4},{"damage":0,"enemies":"Looter","floor":14,"turns":2},{"damage":2,"enemies":"Hexaghost","floor":16,"turns":7},{"damage":0,"enemies":"Spheric Guardian","floor":18,"turns":3},{"damage":0,"enemies":"Chosen","floor":20,"turns":4},{"damage":0,"enemies":"Centurion and Healer","floor":21,"turns":5},{"damage":18,"enemies":"Snake Plant","floor":25,"turns":4},{"damage":0,"enemies":"Snecko","floor":28,"turns":4},{"damage":12,"enemies":"3 Cultists","floor":31,"turns":4},{"damage":18,"enemies":"Collector","floor":33,"turns":6},{"damage":27,"enemies":"3 Darklings","floor":35,"turns":5},{"damage":0,"enemies":"Orb Walker","floor":36,"turns":3},{"damage":3,"enemies":"Mind Bloom Boss Battle","floor":39,"turns":6},{"damage":26,"enemies":"Reptomancer","floor":40,"turns":5},{"damage":0,"enemies":"Maw","floor":44,"turns":5},{"damage":0,"enemies":"Nemesis","floor":47,"turns":5},{"damage":4,"enemies":"2 Orb Walkers","floor":48,"turns":5},{"damage":32,"enemies":"Donu and Deca","floor":50,"turns":7}],"seed_played":"3131008273583776833","potions_obtained":[{"floor":1,"key":"AttackPotion"},{"floor":2,"key":"Swift Potion"},{"floor":12,"key":"EssenceOfSteel"}],"is_trial":false,"path_per_floor":["M","M","?","$","?","E","R","?","T","$","T","M","R","M","R","B",null,"M","?","M","M","?","?","R","M","T","R","M","R","$","M","R","B",null,"M","M","?","?","?","E","R","$","T","M","T","R","E","?","R","B",null],"character_chosen":"THE_SILENT","items_purchased":["Prepared","Noxious Fumes","Master of Strategy","Infinite Blades","Pantograph","Apotheosis"],"campfire_rested":3,"item_purchase_floors":[4,10,30,42,42,42],"current_hp_per_floor":[70,69,74,74,74,39,39,32,32,32,32,32,32,32,32,30,75,75,75,75,75,75,75,75,57,57,57,57,57,57,45,67,49,75,48,48,43,43,44,22,44,44,44,50,50,50,56,56,75,45],"gold":274,"neow_bonus":"ONE_RARE_RELIC","is_prod":false,"is_daily":false,"chose_seed":false,"campfire_upgraded":7,"win_rate":0,"timestamp":1554239980,"path_taken":["M","?","?","$","?","E","R","?","T","?","?","M","R","M","R","BOSS","M","?","M","?","?","?","R","M","T","R","M","R","$","?","R","BOSS","M","M","?","?","?","E","R","$","T","M","?","R","E","?","R","BOSS"],"build_version":"2019-01-23","purchased_purges":3,"victory":true,"max_hp_per_floor":[70,70,75,75,75,75,75,75,75,75,75,75,75,75,75,75,75,75,75,75,75,75,75,75,75,75,75,75,75,75,75,75,75,75,75,75,75,75,75,75,75,75,75,75,75,75,75,75,75,75],"card_choices":[{"not_picked":["Terror","Footwork"],"picked":"Flying Knee","floor":1},{"not_picked":["PiercingWail","Cloak And Dagger"],"picked":"Bouncing Flask","floor":2},{"not_picked":["Poisoned Stab","Dagger Spray"],"picked":"Cloak And Dagger","floor":6},{"not_picked":["Sucker Punch","Dodge and Roll"],"picked":"Deflect","floor":12},{"not_picked":["Cloak And Dagger","Dagger Throw"],"picked":"Accuracy","floor":14},{"not_picked":["Venomology","Phantasmal Killer"],"picked":"Tools of the Trade","floor":16},{"not_picked":["Escape Plan","Finisher"],"picked":"Crippling Poison+1","floor":18},{"not_picked":["Heel Hook","Riddle With Holes"],"picked":"Acrobatics+1","floor":20},{"not_picked":["Deflect","Bouncing Flask+1"],"picked":"Footwork","floor":21},{"not_picked":["Bane","Setup"],"picked":"Blade Dance","floor":25},{"not_picked":["Bane","PiercingWail"],"picked":"Quick Slash","floor":28},{"not_picked":["Deadly Poison","Dagger Throw+1"],"picked":"PiercingWail","floor":31},{"not_picked":["Unload","Doppelganger"],"picked":"Adrenaline","floor":33},{"not_picked":["Reflex","All Out Attack"],"picked":"Cloak And Dagger","floor":35},{"not_picked":["Deadly Poison","Underhanded Strike"],"picked":"Poisoned Stab+1","floor":36},{"not_picked":["Trip","Secret Weapon"],"picked":"Bandage Up","floor":37},{"not_picked":["Forethought","Swift Strike"],"picked":"Master of Strategy","floor":37},{"not_picked":["Slice","Backflip"],"picked":"Crippling Poison+1","floor":39},{"not_picked":["Underhanded Strike","Footwork"],"picked":"Backflip+1","floor":40},{"not_picked":["Backflip","Slice+1"],"picked":"PiercingWail+1","floor":44},{"not_picked":["After Image","Underhanded Strike+1"],"picked":"Flechettes+1","floor":47},{"not_picked":["Prepared+1","PiercingWail+1"],"picked":"Bouncing Flask+1","floor":48}],"player_experience":477230,"relics_obtained":[{"floor":6,"key":"Tiny Chest"},{"floor":9,"key":"Matryoshka"},{"floor":11,"key":"Lantern"},{"floor":11,"key":"Snake Skull"},{"floor":26,"key":"Pen Nib"},{"floor":26,"key":"Smiling Mask"},{"floor":39,"key":"Old Coin"},{"floor":40,"key":"Vajra"},{"floor":43,"key":"Bag of Marbles"},{"floor":45,"key":"Bag of Preparation"},{"floor":47,"key":"Anchor"},{"floor":48,"key":"Nunchaku"}],"event_choices":[{"damage_healed":0,"gold_gain":0,"player_choice":"Donut","damage_taken":0,"max_hp_gain":5,"max_hp_loss":0,"event_name":"Big Fish","floor":3,"gold_loss":0},{"damage_healed":0,"gold_gain":0,"player_choice":"Leave","damage_taken":0,"max_hp_gain":0,"max_hp_loss":0,"event_name":"The Cleric","floor":5,"gold_loss":0},{"cards_removed":["Strike_G"],"damage_healed":0,"gold_gain":0,"player_choice":"Card Removal","damage_taken":7,"max_hp_gain":0,"max_hp_loss":0,"event_name":"Golden Wing","floor":8,"gold_loss":0},{"damage_healed":0,"gold_gain":0,"cards_transformed":["Strike_G"],"player_choice":"Transformed","damage_taken":0,"max_hp_gain":0,"max_hp_loss":0,"event_name":"Transmorgrifier","floor":19,"gold_loss":0,"cards_obtained":["Heel Hook"]},{"damage_healed":0,"gold_gain":0,"player_choice":"Ignored","damage_taken":0,"max_hp_gain":0,"max_hp_loss":0,"event_name":"Ghosts","floor":22,"gold_loss":0},{"damage_healed":0,"gold_gain":0,"player_choice":"1 cards matched","damage_taken":0,"max_hp_gain":0,"max_hp_loss":0,"event_name":"Match and Keep!","floor":23,"gold_loss":0,"cards_obtained":["Accuracy"]},{"damage_healed":0,"gold_gain":0,"player_choice":"Memory 2","damage_taken":5,"max_hp_gain":0,"max_hp_loss":0,"event_name":"SensoryStone","floor":37,"gold_loss":0},{"damage_healed":0,"gold_gain":0,"player_choice":"Ignored","damage_taken":0,"max_hp_gain":0,"max_hp_loss":0,"event_name":"Tomb of Lord Red Mask","floor":38,"gold_loss":0},{"damage_healed":0,"gold_gain":0,"player_choice":"Fight","damage_taken":0,"max_hp_gain":0,"max_hp_loss":0,"event_name":"MindBloom","floor":39,"gold_loss":0},{"damage_healed":0,"gold_gain":0,"player_choice":"Fight","damage_taken":0,"max_hp_gain":0,"max_hp_loss":0,"event_name":"Mysterious Sphere","floor":48,"gold_loss":0}],"is_beta":false,"boss_relics":[{"not_picked":["HoveringKite","Coffee Dripper"],"picked":"Sozu"},{"not_picked":["White Beast Statue","Lizard Tail"],"picked":"Ring of the Serpent"}],"items_purged_floors":[4,30,42],"is_endless":false,"potions_floor_spawned":[1,2,12,21,28,36,39,40,47,48],"ascension_level":4}