{"path_per_floor":["M","M","$","?","?","E","R","M","T","R","M","E","M","?","R","B",null,"M","M","M","$","?","R","M","M","T","R","?","M","M","M","R"],"character_chosen":"IRONCLAD","items_purchased":["Flex","Armaments","Pen Nib"],"gold_per_floor":[117,130,28,28,28,59,59,69,93,93,112,137,149,149,149,248,248,264,278,292,17,17,17,32,46,46,46,46,59,73,88,88],"floor_reached":33,"campfire_rested":3,"playtime":5069,"current_hp_per_floor":[80,80,80,73,73,57,57,58,65,65,71,65,71,54,54,35,87,69,48,26,26,26,52,16,21,21,48,48,47,32,14,41],"items_purged":["Defend_R","Defend_R"],"gold":88,"score":261,"play_id":"a2f63ad1-4e4c-41d7-8ff2-632c17a4d2a6","is_prod":false,"is_daily":false,"is_ascension_mode":false,"campfire_upgraded":3,"path_taken":["M","M","$","?","?","E","R","M","T","R","?","E","M","?","R","BOSS","M","M","M","$","?","R","M","M","T","R","?","M","M","M","R","BOSS"],"build_version":"2018-02-15-PROD1","purchased_purges":2,"victory":false,"master_deck":["Strike_R","Strike_R","Strike_R","Strike_R","Strike_R","Defend_R+1","Bash","Cleave","Rampage+1","Flex","Havoc","Infernal Blade+1","Inflame+1","Dual Wield+1","Shrug It Off","Infernal Blade+1","Searing Blow+1","Intimidate","Armaments","Shrug It Off","Pommel Strike+1","Body Slam","Feed","Clash"],"max_hp_per_floor":[80,80,80,80,80,80,80,80,87,87,87,87,87,87,87,87,87,87,87,87,87,87,87,87,90,90,90,90,90,90,93,93],"relics":["Burning Blood","Bag of Preparation","Bag of Marbles","Strawberry","Darkstone Periapt","Question Card","Nloth\u0027s Gift","Ancient Tea Set"],"card_choices":[{"not_picked":["Pummel","Intimidate"],"picked":"Cleave"},{"not_picked":["Thunderclap","Heavy Blade"],"picked":"Rampage"},{"not_picked":["Headbutt","Sentinel"],"picked":"Havoc"},{"not_picked":["Iron Wave","Brutality"],"picked":"Infernal Blade"},{"not_picked":["Iron Wave","Anger"],"picked":"Inflame"},{"not_picked":["Shrug It Off","Infernal Blade"],"picked":"Dual Wield"},{"not_picked":["Spot Weakness","True Grit"],"picked":"Shrug It Off"},{"not_picked":["Whirlwind","Sentinel","Warcry"],"picked":"Infernal Blade"},{"not_picked":["Hemokinesis","Sever Soul","Pommel Strike"],"picked":"Searing Blow"},{"not_picked":["Uppercut","Pummel","Warcry"],"picked":"Intimidate"},{"not_picked":["Armaments","Immolate","Infernal Blade"],"picked":"Shrug It Off"},{"not_picked":["Heavy Blade","Headbutt","Twin Strike"],"picked":"Pommel Strike"},{"not_picked":["Headbutt","Twin Strike","Flame Barrier"],"picked":"Body Slam"},{"not_picked":["True Grit","Offering","Flex"],"picked":"Feed"},{"not_picked":["Perfected Strike","Pummel","Rage"],"picked":"Clash"}],"player_experience":113103,"potions_floor_usage":[16,16,20,20,30,33],"damage_taken":[{"damage":1,"enemies":"Cultist","floor":1,"turns":3},{"damage":0,"enemies":"2 Louse","floor":2,"turns":2},{"damage":22,"enemies":"3 Sentries","floor":6,"turns":6},{"damage":5,"enemies":"Small Slimes","floor":8,"turns":3},{"damage":0,"enemies":"Looter","floor":11,"turns":1},{"damage":12,"enemies":"Gremlin Nob","floor":12,"turns":3},{"damage":0,"enemies":"Gremlin Gang","floor":13,"turns":1},{"damage":25,"enemies":"Hexaghost","floor":16,"turns":8},{"damage":24,"enemies":"Spheric Guardian","floor":18,"turns":4},{"damage":27,"enemies":"Shell Parasite","floor":19,"turns":6},{"damage":28,"enemies":"Centurion and Healer","floor":20,"turns":4},{"damage":42,"enemies":"Snecko","floor":24,"turns":6},{"damage":4,"enemies":"Cultist and Chosen","floor":25,"turns":5},{"damage":7,"enemies":"Snake Plant","floor":29,"turns":4},{"damage":21,"enemies":"Centurion and Healer","floor":30,"turns":5},{"damage":27,"enemies":"Slaver and Parasite","floor":31,"turns":4},{"damage":82,"enemies":"Automaton","floor":33,"turns":6}],"event_choices":[{"event_name":"Golden Wing","player_choice":"Card Removal","floor":4,"damage_taken":0},{"event_name":"Match and Keep!","player_choice":"0 cards matched","floor":5,"damage_taken":0},{"event_name":"Shining Light","player_choice":"Entered Light","floor":14,"damage_taken":0},{"event_name":"N\u0027loth","player_choice":"Traded a Pen Nib","floor":22,"damage_taken":0},{"event_name":"Drug Dealer","player_choice":"Ignored","floor":28,"damage_taken":0}],"boss_relics":[{"not_picked":["Mark of Pain","Runic Dome"],"picked":"Question Card"}],"potions_floor_spawned":[1,2,12,16,19,31],"seed_played":"-784943304236994669","killed_by":"Automaton","ascension_level":0,"is_trial":false}