{"gold_per_floor":[114,114,33,52,65,100,100,100,100,65,90,90,90,104,104,178,178,190,204,204,217,217],"floor_reached":22,"playtime":613,"items_purged":[],"score":388,"play_id":"6fd3e597-95b5-4dad-a04c-c63d017058dc","local_time":"20190622174226","is_ascension_mode":true,"campfire_choices":[{"floor":7.0,"key":"REST"},{"data":"Defragment","floor":12.0,"key":"SMITH"},{"data":"Capacitor","floor":15.0,"key":"SMITH"}],"neow_cost":"NONE","seed_source_timestamp":0,"circlet_count":0,"master_deck":["AscendersBane","Strike_B","Strike_B","Strike_B","Defend_B","Defend_B","Defend_B","Defend_B","Zap","Dualcast","Defragment+1","Compile Driver","Beam Cell","Conserve Battery","Hello World","Leap","Seek","Capacitor+1","Electrodynamics","Barrage","Ball Lightning"],"special_seed":0,"relics":["Cracked Core","NeowsBlessing","Meat on the Bone","Singing Bowl","Kunai","Emotion Chip","Busted Crown"],"potions_floor_usage":[21],"damage_taken":[{"damage":0.0,"enemies":"Small Slimes","floor":1.0,"turns":1.0},{"damage":0.0,"enemies":"Cultist","floor":4.0,"turns":1.0},{"damage":0.0,"enemies":"Jaw Worm","floor":5.0,"turns":1.0},{"damage":56.0,"enemies":"Gremlin Nob","floor":6.0,"turns":5.0},{"damage":19.0,"enemies":"Lagavulin","floor":11.0,"turns":6.0},{"damage":9.0,"enemies":"2 Fungi Beasts","floor":14.0,"turns":3.0},{"damage":51.0,"enemies":"Hexaghost","floor":16.0,"turns":10.0},{"damage":35.0,"enemies":"Shell Parasite","floor":18.0,"turns":4.0},{"damage":20.0,"enemies":"Spheric Guardian","floor":19.0,"turns":4.0},{"damage":24,"enemies":"Snecko","floor":21,"turns":6},{"damage":22,"enemies":"Snake Plant","floor":22,"turns":2}],"seed_played":"-7184322938348978466","potions_obtained":[{"floor":1.0,"key":"Regen Potion"},{"floor":6.0,"key":"SpeedPotion"},{"floor":19.0,"key":"SkillPotion"}],"is_trial":false,"path_per_floor":["M","?","$","M","M","E","R","?","T","?","E","R","T","M","R","B",null,"M","M","?","M","M"],"character_chosen":"DEFECT","items_purchased":["Compile Driver","Beam Cell"],"campfire_rested":1,"item_purchase_floors":[3,3],"current_hp_per_floor":[64,60,60,60,60,4,25,25,25,42,37,37,37,40,40,16,59,38,30,30,18,0],"gold":217,"neow_bonus":"THREE_ENEMY_KILL","is_prod":false,"is_daily":false,"chose_seed":false,"campfire_upgraded":2,"win_rate":0,"timestamp":1561218146,"path_taken":["M","?","$","?","M","E","R","?","T","?","E","R","?","M","R","BOSS","M","M","?","M","M"],"build_version":"2019-01-23","purchased_purges":0,"victory":false,"max_hp_per_floor":[71,71,71,71,71,71,71,71,71,71,73,73,73,73,73,73,73,75,75,75,75,75],"card_choices":[{"not_picked":["Stack","Hologram"],"picked":"Defragment","floor":1.0},{"not_picked":["Compile Driver","Leap"],"picked":"Conserve Battery","floor":4.0},{"not_picked":["Steam Power","Turbo"],"picked":"Hello World","floor":5.0},{"not_picked":["Darkness","Hologram"],"picked":"Leap","floor":6.0},{"not_picked":["Genetic Algorithm","Stack","Machine Learning"],"picked":"Singing Bowl","floor":11.0},{"not_picked":["Barrage","Coolheaded"],"picked":"Capacitor","floor":14.0},{"not_picked":["Core Surge","Reboot"],"picked":"Electrodynamics","floor":16.0},{"not_picked":["Gash"],"picked":"Singing Bowl","floor":18.0},{"not_picked":[],"picked":"Barrage","floor":19.0},{"not_picked":[],"picked":"Ball Lightning","floor":21}],"player_experience":850283,"relics_obtained":[{"floor":6.0,"key":"Meat on the Bone"},{"floor":9.0,"key":"Singing Bowl"},{"floor":11.0,"key":"Kunai"},{"floor":13.0,"key":"Emotion Chip"}],"event_choices":[{"damage_healed":0.0,"max_hp_gain":0.0,"max_hp_loss":0.0,"gold_gain":0.0,"event_name":"The Woman in Blue","player_choice":"Bought 0 Potions","floor":2.0,"gold_loss":0.0,"damage_taken":0.0},{"damage_healed":0.0,"max_hp_gain":0.0,"max_hp_loss":0.0,"gold_gain":0.0,"cards_transformed":["Strike_B"],"event_name":"Living Wall","player_choice":"Change","floor":8.0,"gold_loss":0.0,"damage_taken":0.0,"cards_obtained":["Seek"]},{"damage_healed":17.0,"max_hp_gain":0.0,"max_hp_loss":0.0,"gold_gain":0.0,"event_name":"The Cleric","player_choice":"Healed","floor":10.0,"gold_loss":35.0,"damage_taken":0.0},{"damage_healed":0.0,"max_hp_gain":0.0,"max_hp_loss":0.0,"gold_gain":0.0,"event_name":"Cursed Tome","player_choice":"Ignored","floor":20.0,"gold_loss":0.0,"damage_taken":0.0}],"is_beta":false,"boss_relics":[{"not_picked":["Coffee Dripper","Orrery"],"picked":"Busted Crown"}],"items_purged_floors":[],"is_endless":false,"potions_floor_spawned":[1,6,14,19],"killed_by":"Snake Plant","ascension_level":20}