{"gold_per_floor":[16,32,32,32,32,32,63,63,138,65,92,114,114,127,127,206,206,218,218,237,271,284,284,303,303,303,303,319,332,332,16,16,16],"floor_reached":33,"playtime":1400,"items_purged":["Strike_R"],"score":430,"play_id":"41b5a216-7739-445c-98ee-129869bb68e8","local_time":"20191009142409","is_ascension_mode":true,"campfire_choices":[{"data":"Bash","floor":6,"key":"SMITH"},{"floor":8,"key":"REST"},{"data":"1","floor":13,"key":"LIFT"},{"data":"Disarm","floor":15,"key":"SMITH"},{"data":"True Grit","floor":23,"key":"SMITH"},{"data":"Uppercut","floor":25,"key":"SMITH"},{"data":"Limit Break","floor":32,"key":"SMITH"}],"neow_cost":"NO_GOLD","seed_source_timestamp":190725069579142,"circlet_count":0,"master_deck":["AscendersBane","Strike_R","Defend_R","Defend_R","Defend_R","Defend_R","Bash+1","Pommel Strike","Disarm+1","Immolate","Uppercut+1","Battle Trance","Immolate","True Grit+1","Headbutt","Battle Trance","Reaper","Limit Break+1","Inflame"],"relics":["Burning Blood","Girya","Paper Frog","Toy Ornithopter","Meat on the Bone","Bottled Lightning","Odd Mushroom","Snecko Eye","Red Mask","Shuriken"],"potions_floor_usage":[16,18],"damage_taken":[{"damage":3,"enemies":"Jaw Worm","floor":1,"turns":5},{"damage":0,"enemies":"Small Slimes","floor":2,"turns":3},{"damage":54,"enemies":"Lagavulin","floor":7,"turns":7},{"damage":20,"enemies":"3 Sentries","floor":11,"turns":4},{"damage":0,"enemies":"The Mushroom Lair","floor":12,"turns":2},{"damage":2,"enemies":"2 Louse","floor":14,"turns":2},{"damage":26,"enemies":"The Guardian","floor":16,"turns":8},{"damage":34,"enemies":"Spheric Guardian","floor":18,"turns":4},{"damage":20,"enemies":"2 Thieves","floor":20,"turns":3},{"damage":0,"enemies":"Masked Bandits","floor":21,"turns":2},{"damage":14,"enemies":"Snecko","floor":22,"turns":5},{"damage":8,"enemies":"Chosen and Byrds","floor":24,"turns":3},{"damage":0,"enemies":"Sentry and Sphere","floor":28,"turns":2},{"damage":4,"enemies":"Snake Plant","floor":29,"turns":2},{"damage":116,"enemies":"Automaton","floor":33,"turns":6}],"seed_played":"-3456746519276847652","potions_obtained":[{"floor":12,"key":"Fire Potion"},{"floor":14,"key":"SpeedPotion"},{"floor":16,"key":"Swift Potion"},{"floor":18,"key":"LiquidBronze"}],"is_trial":false,"path_per_floor":["M","M","?","?","?","R","E","R","T","$","E","?","R","M","R","B",null,"M","?","M","?","M","R","M","R","T","?","M","M","?","$","R","B"],"character_chosen":"IRONCLAD","items_purchased":["Uppercut","Limit Break","Inflame"],"campfire_rested":1,"item_purchase_floors":[10,31,31],"current_hp_per_floor":[71,75,75,68,61,61,13,35,35,35,33,51,51,55,55,52,69,46,46,44,50,54,54,52,52,52,52,58,60,60,60,60,0],"gold":16,"neow_bonus":"ONE_RARE_RELIC","is_prod":false,"is_daily":false,"chose_seed":false,"campfire_upgraded":5,"win_rate":0,"timestamp":1570645449,"path_taken":["M","M","?","?","?","R","E","R","T","?","E","?","R","M","R","BOSS","M","?","?","?","M","R","M","R","T","?","M","?","?","$","R","BOSS"],"build_version":"2019-10-08","purchased_purges":1,"victory":false,"max_hp_per_floor":[75,75,75,75,75,75,75,75,75,75,75,75,75,75,75,75,75,75,75,75,75,75,75,75,75,75,75,75,75,75,75,75,75],"card_choices":[{"not_picked":["Headbutt","Iron Wave"],"picked":"Pommel Strike","floor":1},{"not_picked":["Shrug It Off","Clothesline"],"picked":"Disarm","floor":2},{"not_picked":["Thunderclap","Metallicize"],"picked":"Immolate","floor":7},{"not_picked":["Heavy Blade","Hemokinesis","Sword Boomerang"],"picked":"SKIP","floor":11},{"not_picked":["True Grit","Headbutt"],"picked":"Battle Trance","floor":12},{"not_picked":["Hemokinesis","Perfected Strike","Cleave"],"picked":"SKIP","floor":14},{"not_picked":["Fiend Fire","Berserk"],"picked":"Immolate","floor":16},{"not_picked":["Anger","Flex+1"],"picked":"True Grit","floor":18},{"not_picked":["Havoc","Power Through","Dual Wield"],"picked":"SKIP","floor":20},{"not_picked":["Clash+1","Heavy Blade"],"picked":"Headbutt","floor":21},{"not_picked":["Warcry","Sword Boomerang","Rampage"],"picked":"SKIP","floor":22},{"not_picked":["Cleave","Sever Soul"],"picked":"Battle Trance","floor":24},{"not_picked":["Body Slam","Second Wind"],"picked":"Reaper","floor":28},{"not_picked":["Flex","Body Slam+1","Wild Strike+1"],"picked":"SKIP","floor":29}],"player_experience":483474,"relics_obtained":[{"floor":7,"key":"Toy Ornithopter"},{"floor":9,"key":"Meat on the Bone"},{"floor":11,"key":"Bottled Lightning"},{"floor":12,"key":"Odd Mushroom"},{"floor":21,"key":"Red Mask"},{"floor":26,"key":"Shuriken"}],"event_choices":[{"cards_removed":["Strike_R"],"damage_healed":0,"gold_gain":0,"player_choice":"Forget","damage_taken":0,"max_hp_gain":0,"max_hp_loss":0,"event_name":"Living Wall","floor":3,"gold_loss":0},{"damage_healed":0,"gold_gain":0,"player_choice":"Success","damage_taken":7,"relics_obtained":["Paper Frog"],"max_hp_gain":0,"max_hp_loss":0,"event_name":"Scrap Ooze","floor":4,"gold_loss":0},{"cards_removed":["Strike_R"],"damage_healed":0,"gold_gain":0,"player_choice":"Card Removal","damage_taken":7,"max_hp_gain":0,"max_hp_loss":0,"event_name":"Golden Wing","floor":5,"gold_loss":0},{"damage_healed":0,"gold_gain":0,"player_choice":"Fought Mushrooms","damage_taken":0,"max_hp_gain":0,"max_hp_loss":0,"event_name":"Mushrooms","floor":12,"gold_loss":0},{"cards_removed":["Strike_R"],"damage_healed":0,"gold_gain":0,"player_choice":"Card Removal","damage_taken":0,"max_hp_gain":0,"max_hp_loss":0,"event_name":"Wheel of Change","floor":19,"gold_loss":0},{"damage_healed":0,"gold_gain":0,"player_choice":"Fought Bandits","damage_taken":0,"max_hp_gain":0,"max_hp_loss":0,"event_name":"Masked Bandits","floor":21,"gold_loss":0},{"damage_healed":0,"gold_gain":0,"player_choice":"Bought 0 Potions","damage_taken":0,"max_hp_gain":0,"max_hp_loss":0,"event_name":"The Woman in Blue","floor":27,"gold_loss":0},{"damage_healed":0,"gold_gain":0,"player_choice":"Ignored","damage_taken":0,"max_hp_gain":0,"max_hp_loss":0,"event_name":"Ghosts","floor":30,"gold_loss":0}],"is_beta":true,"boss_relics":[{"not_picked":["Runic Dome","Runic Cube"],"picked":"Snecko Eye"}],"items_purged_floors":[31],"is_endless":false,"potions_floor_spawned":[12,14,16,18,24,28],"killed_by":"Automaton","ascension_level":14}