{"gold_per_floor":[118,118,118,128,128,128,158,158,210,221,238,238,254,266,266,266],"floor_reached":16,"playtime":697,"items_purged":[],"score":216,"play_id":"248ab873-bd46-4af5-b6ae-d42d186914c4","local_time":"20190331005602","is_ascension_mode":true,"campfire_choices":[{"data":"Blur","floor":6,"key":"SMITH"},{"data":"Backstab","floor":8,"key":"SMITH"},{"data":"Distraction","floor":12,"key":"SMITH"},{"data":"Flying Knee","floor":15,"key":"SMITH"}],"neow_cost":"NONE","seed_source_timestamp":412289825470400,"circlet_count":0,"master_deck":["AscendersBane","Defend_G","Defend_G","Defend_G","Defend_G","Defend_G","Strike_G","Strike_G","Strike_G","Survivor","Neutralize+1","Blur+1","Backflip","Backstab+1","Well Laid Plans","Distraction+1","Flying Knee+1","Flechettes"],"relics":["Ring of the Snake","NeowsBlessing","Nunchaku","Regal Pillow"],"potions_floor_usage":[16],"damage_taken":[{"damage":0,"enemies":"Small Slimes","floor":1,"turns":1},{"damage":0,"enemies":"Cultist","floor":4,"turns":1},{"damage":0,"enemies":"Lagavulin","floor":7,"turns":1},{"damage":0,"enemies":"Jaw Worm","floor":10,"turns":5},{"damage":0,"enemies":"Blue Slaver","floor":11,"turns":4},{"damage":0,"enemies":"Large Slime","floor":13,"turns":9},{"damage":1,"enemies":"Lots of Slimes","floor":14,"turns":6},{"damage":55,"enemies":"Hexaghost","floor":16,"turns":16}],"seed_played":"8680559167486462894","potions_obtained":[{"floor":1,"key":"Ancient Potion"},{"floor":7,"key":"Strength Potion"}],"is_trial":false,"path_per_floor":["M","?","?","M","?","R","E","R","T","M","M","R","M","M","R","B"],"character_chosen":"THE_SILENT","items_purchased":[],"campfire_rested":0,"item_purchase_floors":[],"current_hp_per_floor":[59,52,52,52,52,52,52,52,52,52,52,52,52,51,51,0],"gold":266,"neow_bonus":"THREE_ENEMY_KILL","is_prod":false,"is_daily":false,"chose_seed":false,"campfire_upgraded":4,"win_rate":0,"timestamp":1553990162,"path_taken":["M","?","?","?","?","R","E","R","T","M","M","R","M","M","R","BOSS"],"build_version":"2019-01-23","purchased_purges":0,"victory":false,"max_hp_per_floor":[66,66,66,66,66,66,66,66,66,66,66,66,66,66,66,66],"card_choices":[{"not_picked":["Crippling Poison","Riddle With Holes"],"picked":"Blur","floor":1},{"not_picked":["Infinite Blades","Bane"],"picked":"Backflip","floor":4},{"not_picked":["Quick Slash","Crippling Poison"],"picked":"Backstab","floor":7},{"not_picked":["Blade Dance","Dagger Throw"],"picked":"Well Laid Plans","floor":10},{"not_picked":["Poisoned Stab","Bane"],"picked":"Distraction","floor":11},{"not_picked":["Dagger Throw","Dodge and Roll"],"picked":"Flying Knee","floor":13},{"not_picked":["Flying Knee","Poisoned Stab"],"picked":"Flechettes","floor":14}],"player_experience":1027261,"relics_obtained":[{"floor":7,"key":"Nunchaku"},{"floor":9,"key":"Regal Pillow"}],"event_choices":[{"cards_removed":["Strike_G"],"damage_healed":0,"gold_gain":0,"player_choice":"Card Removal","damage_taken":7,"max_hp_gain":0,"max_hp_loss":0,"event_name":"Golden Wing","floor":2,"gold_loss":0},{"cards_removed":["Strike_G"],"damage_healed":0,"gold_gain":0,"player_choice":"Offered Basic","damage_taken":0,"max_hp_gain":0,"max_hp_loss":0,"event_name":"Bonfire Elementals","floor":3,"gold_loss":0},{"damage_healed":0,"gold_gain":0,"player_choice":"Grow","damage_taken":0,"max_hp_gain":0,"max_hp_loss":0,"event_name":"Living Wall","floor":5,"gold_loss":0,"cards_upgraded":["Neutralize"]}],"is_beta":false,"boss_relics":[],"items_purged_floors":[],"is_endless":false,"potions_floor_spawned":[1,7,14],"killed_by":"Hexaghost","ascension_level":14}