{"gold_per_floor":[111,126,59,74,86,86,115,115,142,158,158,83,83,111,123,230,242,265,287,312,324,355,400,412,438,523,551,265,265,95,112,112,216,216,226,76,95,114,214,240,17,17,41,41],"floor_reached":44,"playtime":3284,"items_purged":["Strike_B","Strike_B","Defend_B","Defend_B","Defend_B"],"score":520,"play_id":"7bbe535e-dfc6-480f-9dd0-3d755c08645d","local_time":"20190601183650","is_ascension_mode":false,"campfire_choices":[{"data":"Sunder","floor":6,"key":"SMITH"},{"data":"Zap","floor":8,"key":"SMITH"},{"data":"Dualcast","floor":11,"key":"SMITH"},{"data":"Leap","floor":13,"key":"SMITH"},{"floor":15,"key":"REST"},{"floor":24,"key":"REST"},{"floor":32,"key":"REST"},{"floor":42,"key":"REST"}],"neow_cost":"NONE","seed_source_timestamp":693452787088794,"circlet_count":0,"master_deck":["Strike_B","Defend_B+1","Zap+1","Dualcast+1","Sunder+1","Leap+1","Leap+1","Seek","BootSequence+1","Sunder","Sunder","Seek","Necronomicurse","Conserve Battery","Sunder","Seek","Self Repair","Turbo"],"relics":["Cracked Core","PreservedInsect","War Paint","MawBank","Fusion Hammer","Prayer Wheel","Bottled Flame","DollysMirror","Necronomicon","Busted Crown","FossilizedHelix","Blue Candle","Happy Flower"],"potions_floor_usage":[7,7,16,23,27,33,40],"damage_taken":[{"damage":0,"enemies":"Cultist","floor":1,"turns":2},{"damage":1,"enemies":"Jaw Worm","floor":2,"turns":3},{"damage":5,"enemies":"Small Slimes","floor":4,"turns":2},{"damage":0,"enemies":"2 Fungi Beasts","floor":5,"turns":2},{"damage":13,"enemies":"Lagavulin","floor":7,"turns":5},{"damage":0,"enemies":"Exordium Wildlife","floor":10,"turns":2},{"damage":0,"enemies":"3 Sentries","floor":14,"turns":4},{"damage":35,"enemies":"Hexaghost","floor":16,"turns":8},{"damage":13,"enemies":"2 Thieves","floor":18,"turns":3},{"damage":0,"enemies":"Shell Parasite","floor":19,"turns":5},{"damage":8,"enemies":"Shelled Parasite and Fungi","floor":20,"turns":10},{"damage":15,"enemies":"Cultist and Chosen","floor":22,"turns":7},{"damage":12,"enemies":"Gremlin Leader","floor":23,"turns":6},{"damage":0,"enemies":"Centurion and Healer","floor":25,"turns":6},{"damage":16,"enemies":"Chosen and Byrds","floor":27,"turns":5},{"damage":0,"enemies":"Sentry and Sphere","floor":31,"turns":2},{"damage":23,"enemies":"Automaton","floor":33,"turns":9},{"damage":0,"enemies":"3 Shapes","floor":35,"turns":2},{"damage":0,"enemies":"3 Darklings","floor":37,"turns":4},{"damage":35,"enemies":"Maw","floor":38,"turns":6},{"damage":0,"enemies":"Mind Bloom Boss Battle","floor":39,"turns":5},{"damage":27,"enemies":"Giant Head","floor":40,"turns":7},{"damage":67,"enemies":"Reptomancer","floor":44,"turns":3}],"seed_played":"-1385614195989071145","potions_obtained":[{"floor":1,"key":"LiquidBronze"},{"floor":2,"key":"SpeedPotion"},{"floor":7,"key":"AttackPotion"},{"floor":18,"key":"FocusPotion"},{"floor":23,"key":"AttackPotion"},{"floor":31,"key":"SpeedPotion"},{"floor":38,"key":"FocusPotion"}],"is_trial":false,"path_per_floor":["M","M","$","M","M","R","E","R","T","M","R","$","R","E","R","B",null,"M","M","M","?","M","E","R","M","T","M","$","?","$","M","R","B",null,"M","$","M","M","?","E","$","R","T","E"],"character_chosen":"DEFECT","items_purchased":["Sunder","DollysMirror","Conserve Battery","Turbo"],"campfire_rested":4,"item_purchase_floors":[3,28,30,41],"current_hp_per_floor":[75,74,74,69,69,69,56,56,56,56,56,56,56,56,75,40,75,62,62,54,54,39,27,49,49,49,33,33,17,17,17,39,16,75,75,75,75,47,54,34,34,56,56,0],"gold":41,"neow_bonus":"REMOVE_CARD","is_prod":false,"is_daily":false,"chose_seed":false,"campfire_upgraded":4,"win_rate":0.0,"timestamp":1559428610,"path_taken":["M","M","$","M","M","R","E","R","T","?","R","$","R","E","R","BOSS","M","?","M","?","M","E","R","M","T","M","$","?","$","?","R","BOSS","M","?","M","M","?","E","$","R","T","E"],"build_version":"2019-01-23","purchased_purges":5,"victory":false,"max_hp_per_floor":[75,75,75,75,75,75,75,75,75,75,75,75,75,75,75,75,75,75,75,75,75,75,75,75,75,75,75,75,75,75,75,75,75,75,75,75,75,75,75,75,75,75,75,75],"card_choices":[{"not_picked":["Auto Shields","Aggregate","Lockon"],"picked":"SKIP","floor":1},{"not_picked":["Rebound","Coolheaded","Steam"],"picked":"SKIP","floor":2},{"not_picked":["Cold Snap","Skim"],"picked":"Leap","floor":4},{"not_picked":["Streamline","Beam Cell","Coolheaded"],"picked":"SKIP","floor":5},{"not_picked":["Stack","Steam Power","Go for the Eyes"],"picked":"SKIP","floor":7},{"not_picked":["Coolheaded","Electrodynamics"],"picked":"Leap","floor":10},{"not_picked":["Loop","Go for the Eyes","Coolheaded"],"picked":"SKIP","floor":14},{"not_picked":["Fission","Electrodynamics"],"picked":"Seek","floor":16},{"not_picked":["Skim","Compile Driver+1","Rip and Tear+1"],"picked":"SKIP","floor":18},{"not_picked":["Stack","Glacier"],"picked":"BootSequence+1","floor":19},{"not_picked":["Beam Cell","Cold Snap","Aggregate"],"picked":"SKIP","floor":20},{"not_picked":["Sweeping Beam","Beam Cell","Gash"],"picked":"SKIP","floor":22},{"not_picked":["Cold Snap","Redo","Force Field"],"picked":"SKIP","floor":23},{"not_picked":["Reprogram","Go for the Eyes"],"picked":"Sunder","floor":25},{"not_picked":["Recycle+1","Barrage"],"picked":"Sunder","floor":25},{"not_picked":["Tempest","Stack","Hologram+1"],"picked":"SKIP","floor":27},{"not_picked":["Scrape","Chaos+1","Force Field"],"picked":"SKIP","floor":27},{"not_picked":["Redo","Consume"],"picked":"Sunder","floor":31},{"not_picked":["White Noise","Undo","Darkness"],"picked":"SKIP","floor":31},{"not_picked":["White Noise","Undo","Darkness"],"picked":"SKIP","floor":31},{"not_picked":["Hyperbeam","Rainbow"],"picked":"Seek","floor":33},{"not_picked":["Streamline+1"],"picked":"SKIP","floor":35},{"not_picked":["Coolheaded"],"picked":"SKIP","floor":35},{"not_picked":[],"picked":"Self Repair","floor":37},{"not_picked":["Rebound"],"picked":"SKIP","floor":37},{"not_picked":["Rebound"],"picked":"SKIP","floor":38},{"not_picked":["Hologram"],"picked":"SKIP","floor":38},{"not_picked":["Leap"],"picked":"SKIP","floor":40},{"not_picked":["Leap"],"picked":"SKIP","floor":40}],"player_experience":77535,"relics_obtained":[{"floor":7,"key":"PreservedInsect"},{"floor":9,"key":"War Paint"},{"floor":14,"key":"MawBank"},{"floor":23,"key":"Prayer Wheel"},{"floor":26,"key":"Bottled Flame"},{"floor":29,"key":"Necronomicon"},{"floor":39,"key":"FossilizedHelix"},{"floor":40,"key":"Blue Candle"},{"floor":43,"key":"Happy Flower"}],"event_choices":[{"damage_healed":0,"gold_gain":0,"player_choice":"Ignored","damage_taken":0,"max_hp_gain":0,"max_hp_loss":0,"event_name":"Vampires","floor":21,"gold_loss":0},{"damage_healed":0,"gold_gain":0,"player_choice":"Obtained Book","damage_taken":16,"max_hp_gain":0,"max_hp_loss":0,"event_name":"Cursed Tome","floor":29,"gold_loss":0},{"damage_healed":0,"gold_gain":0,"player_choice":"Fight","damage_taken":0,"max_hp_gain":0,"max_hp_loss":0,"event_name":"MindBloom","floor":39,"gold_loss":0}],"is_beta":false,"boss_relics":[{"not_picked":["Coffee Dripper","Ectoplasm"],"picked":"Fusion Hammer"},{"not_picked":["Lizard Tail","Pandora\u0027s Box"],"picked":"Busted Crown"}],"items_purged_floors":[12,28,30,36,41],"is_endless":false,"potions_floor_spawned":[1,2,7,18,23,31,38],"killed_by":"Reptomancer","ascension_level":0}