{"gold_per_floor":[117,132,132,143,154,154,168,184,233,245,245,260,260,360,360,458,458,474,211,227,99,99,113,113,35,35,35,50,50,50,64,64,159,159,171,190,190,90,90,90],"floor_reached":40,"playtime":2076,"items_purged":["Flying Knee","Doppelganger"],"score":430,"play_id":"1a6bc630-48fb-4d7c-b1f3-7c99fd021f63","local_time":"20181229190853","is_ascension_mode":false,"campfire_choices":[{"data":"Deadly Poison","floor":6.0,"key":"SMITH"},{"data":"Footwork","floor":11.0,"key":"SMITH"},{"data":"Footwork","floor":15.0,"key":"SMITH"},{"floor":24.0,"key":"REST"},{"data":"Well Laid Plans","floor":27.0,"key":"SMITH"},{"floor":32.0,"key":"REST"}],"neow_cost":"NONE","seed_source_timestamp":639041324556498,"circlet_count":0,"master_deck":["Survivor","Neutralize","Well Laid Plans+1","Backflip","Dodge and Roll","Unload","Adrenaline","Accuracy","Venomology","Leg Sweep","Quick Slash","Reflex","Deadly Poison+1","Cloak And Dagger","Cloak And Dagger","Footwork+1","Footwork+1","Corpse Explosion","Dagger Spray","Caltrops","Glass Knife","Blur","Cloak And Dagger","Deadly Poison","Deadly Poison","Backflip","Footwork","A Thousand Cuts","Burst","Sucker Punch+1","Poisoned Stab"],"special_seed":0,"relics":["Pandora\u0027s Box"],"potions_floor_usage":[40,40,40],"damage_taken":[{"damage":2.0,"enemies":"Small Slimes","floor":1.0,"turns":3.0},{"damage":0.0,"enemies":"Cultist","floor":2.0,"turns":3.0},{"damage":1.0,"enemies":"2 Louse","floor":4.0,"turns":2.0},{"damage":5.0,"enemies":"Lots of Slimes","floor":5.0,"turns":3.0},{"damage":0.0,"enemies":"Large Slime","floor":7.0,"turns":3.0},{"damage":0.0,"enemies":"Red Slaver","floor":8.0,"turns":4.0},{"damage":0.0,"enemies":"2 Fungi Beasts","floor":10.0,"turns":2.0},{"damage":2.0,"enemies":"Blue Slaver","floor":12.0,"turns":3.0},{"damage":0.0,"enemies":"Slime Boss","floor":16.0,"turns":10.0},{"damage":5.0,"enemies":"3 Byrds","floor":18.0,"turns":3.0},{"damage":13.0,"enemies":"Chosen","floor":20.0,"turns":7.0},{"damage":22.0,"enemies":"Shelled Parasite and Fungi","floor":23.0,"turns":6.0},{"damage":4.0,"enemies":"Snake Plant","floor":28.0,"turns":6.0},{"damage":5.0,"enemies":"3 Cultists","floor":31.0,"turns":6.0},{"damage":48.0,"enemies":"Collector","floor":33.0,"turns":13.0},{"damage":10.0,"enemies":"Orb Walker","floor":35.0,"turns":8.0},{"damage":46.0,"enemies":"3 Darklings","floor":36.0,"turns":8.0},{"damage":15,"enemies":"Sphere and 2 Shapes","floor":40,"turns":5}],"seed_played":"-3816965644014736500","potions_obtained":[{"floor":2.0,"key":"Strength Potion"},{"floor":7.0,"key":"LiquidBronze"},{"floor":16.0,"key":"Block Potion"},{"floor":23.0,"key":"SkillPotion"},{"floor":33.0,"key":"FearPotion"},{"floor":36.0,"key":"Dexterity Potion"}],"is_trial":false,"path_per_floor":["M","M","?","M","M","R","M","M","T","M","R","M","?","?","R","B",null,"M","$","M","$","?","M","R","$","T","R","M","?","T","M","R","B",null,"M","M","?","$","?","M"],"character_chosen":"THE_SILENT","items_purchased":["Caltrops","Glass Knife","Blur","Cloak And Dagger","Deadly Poison","Footwork"],"campfire_rested":2,"item_purchase_floors":[19,19,19,19,21,25],"current_hp_per_floor":[68,68,68,67,62,62,62,62,62,62,62,60,53,53,53,53,70,65,65,52,52,52,30,51,51,51,51,47,47,47,42,63,15,70,60,14,14,14,14,0],"gold":90,"neow_bonus":"BOSS_RELIC","is_prod":false,"is_daily":false,"chose_seed":false,"campfire_upgraded":4,"win_rate":0,"timestamp":1546106933,"path_taken":["M","M","?","M","M","R","M","M","T","M","R","?","?","?","R","BOSS","M","$","?","$","?","M","R","$","T","R","?","?","?","M","R","BOSS","M","M","?","$","?","M"],"build_version":"2018-12-20","purchased_purges":2,"victory":false,"max_hp_per_floor":[70,70,70,70,70,70,70,70,70,70,70,70,70,70,70,70,70,70,70,70,70,70,70,70,70,70,70,70,70,70,70,70,70,70,70,70,70,70,70,70],"card_choices":[{"not_picked":["Outmaneuver","Underhanded Strike"],"picked":"Leg Sweep","floor":1.0},{"not_picked":["Prepared","Dagger Throw"],"picked":"Quick Slash","floor":2.0},{"not_picked":["Flying Knee","Leg Sweep"],"picked":"Reflex","floor":4.0},{"not_picked":["Reflex","Prepared"],"picked":"Deadly Poison","floor":5.0},{"not_picked":["Night Terror","Caltrops"],"picked":"Cloak And Dagger","floor":7.0},{"not_picked":["PiercingWail","Deflect"],"picked":"Cloak And Dagger","floor":8.0},{"not_picked":["Blade Dance","Infinite Blades"],"picked":"Footwork","floor":10.0},{"not_picked":["Tactician","Deflect"],"picked":"Footwork","floor":12.0},{"not_picked":["Phantasmal Killer","After Image"],"picked":"Corpse Explosion","floor":16.0},{"not_picked":["Crippling Poison","Outmaneuver"],"picked":"Dagger Spray","floor":18.0},{"not_picked":["Acrobatics+1","Prepared"],"picked":"Deadly Poison","floor":20.0},{"not_picked":["Outmaneuver+1","PiercingWail"],"picked":"Backflip","floor":23.0},{"not_picked":["Infinite Blades","Predator"],"picked":"A Thousand Cuts","floor":28.0},{"not_picked":["Flying Knee","Sucker Punch","Slice"],"picked":"SKIP","floor":31.0},{"not_picked":["Corpse Explosion","Doppelganger"],"picked":"Burst","floor":33.0},{"not_picked":["Blade Dance+1","Outmaneuver"],"picked":"Sucker Punch+1","floor":35.0},{"not_picked":["Blade Dance","Masterful Stab+1"],"picked":"Poisoned Stab","floor":36.0}],"player_experience":549721,"relics_obtained":[],"event_choices":[{"damage_healed":0.0,"max_hp_gain":0.0,"max_hp_loss":0.0,"gold_gain":0.0,"event_name":"NoteForYourself","player_choice":"Ignored","floor":3.0,"gold_loss":0.0,"damage_taken":0.0},{"cards_removed":["Expertise"],"damage_healed":0.0,"max_hp_gain":0.0,"max_hp_loss":0.0,"gold_gain":0.0,"event_name":"Golden Wing","player_choice":"Card Removal","floor":13.0,"gold_loss":0.0,"damage_taken":7.0},{"damage_healed":0.0,"max_hp_gain":0.0,"max_hp_loss":0.0,"gold_gain":100.0,"event_name":"Golden Shrine","player_choice":"Pray","floor":14.0,"gold_loss":0.0,"damage_taken":0.0},{"damage_healed":0.0,"max_hp_gain":0.0,"max_hp_loss":0.0,"gold_gain":0.0,"event_name":"WeMeetAgain","player_choice":"Ignored","floor":22.0,"gold_loss":0.0,"damage_taken":0.0},{"damage_healed":0.0,"max_hp_gain":0.0,"max_hp_loss":0.0,"gold_gain":0.0,"event_name":"Beggar","player_choice":"Ignored","floor":29.0,"gold_loss":0.0,"damage_taken":0.0},{"damage_healed":0.0,"max_hp_gain":0.0,"max_hp_loss":0.0,"gold_gain":0.0,"event_name":"Mysterious Sphere","player_choice":"Ignored","floor":37.0,"gold_loss":0.0,"damage_taken":0.0},{"damage_healed":0,"gold_gain":0,"player_choice":"Ignored","damage_taken":0,"max_hp_gain":0,"max_hp_loss":0,"event_name":"Tomb of Lord Red Mask","floor":39,"gold_loss":0}],"is_beta":false,"boss_relics":[{"not_picked":[]},{"not_picked":[]}],"items_purged_floors":[21,38],"is_endless":false,"potions_floor_spawned":[2,5,7,10,16,23,33,36],"killed_by":"Sphere and 2 Shapes","ascension_level":0}