{"gold_per_floor":[109,184,184,197,207,239,255,255,278,298,298,328,390,400,400,400],"floor_reached":16,"playtime":389,"items_purged":[],"score":218,"play_id":"37ed84bb-7a06-46a0-b8cc-4b11914f6050","local_time":"20190825233531","is_ascension_mode":true,"campfire_choices":[{"data":"Clothesline","floor":8,"key":"SMITH"},{"floor":11,"key":"REST"},{"data":"Bludgeon","floor":15,"key":"SMITH"}],"neow_cost":"NONE","seed_source_timestamp":1017365590276300,"circlet_count":0,"master_deck":["AscendersBane","Strike_R","Strike_R","Strike_R","Strike_R","Strike_R","Defend_R","Defend_R","Defend_R","Defend_R","Bash+1","Clothesline+1","Flex","Flex","Second Wind","Body Slam","Bludgeon+1","Heavy Blade","Thunderclap","Infernal Blade"],"relics":["Burning Blood","NeowsBlessing","Bag of Preparation","Vajra","Anchor","Mercury Hourglass"],"potions_floor_usage":[6,7,10,13,16],"damage_taken":[{"damage":0,"enemies":"Jaw Worm","floor":1,"turns":1},{"damage":0,"enemies":"2 Louse","floor":4,"turns":1},{"damage":0,"enemies":"Small Slimes","floor":5,"turns":1},{"damage":56,"enemies":"Lagavulin","floor":6,"turns":8},{"damage":7,"enemies":"2 Fungi Beasts","floor":7,"turns":4},{"damage":5,"enemies":"Blue Slaver","floor":10,"turns":3},{"damage":6,"enemies":"Gremlin Nob","floor":12,"turns":3},{"damage":34,"enemies":"Lagavulin Event","floor":13,"turns":4},{"damage":0,"enemies":"Lots of Slimes","floor":14,"turns":2},{"damage":35,"enemies":"Slime Boss","floor":16,"turns":4}],"seed_played":"5492101533012623000","potions_obtained":[{"floor":4,"key":"Fire Potion"},{"floor":5,"key":"Explosive Potion"},{"floor":7,"key":"Explosive Potion"},{"floor":12,"key":"SteroidPotion"},{"floor":13,"key":"Fire Potion"}],"is_trial":false,"path_per_floor":["M","?","?","M","M","E","M","R","T","M","R","E","?","M","R","B"],"character_chosen":"IRONCLAD","items_purchased":[],"campfire_rested":1,"item_purchase_floors":[],"current_hp_per_floor":[74,63,63,69,75,25,24,24,24,25,47,47,19,25,25,0],"gold":400,"neow_bonus":"THREE_ENEMY_KILL","is_prod":false,"is_daily":false,"chose_seed":false,"campfire_upgraded":2,"win_rate":0,"timestamp":1566768931,"path_taken":["M","?","?","?","M","E","M","R","T","M","R","E","?","M","R","BOSS"],"build_version":"2019-07-17","purchased_purges":0,"victory":false,"max_hp_per_floor":[75,75,75,75,75,75,75,75,75,75,75,75,75,75,75,75],"card_choices":[{"not_picked":["Heavy Blade","Sword Boomerang"],"picked":"Clothesline","floor":1},{"not_picked":["Twin Strike","Uppercut"],"picked":"Flex","floor":4},{"not_picked":["Evolve","Cleave"],"picked":"Flex","floor":5},{"not_picked":["Sword Boomerang","Combust"],"picked":"Second Wind","floor":6},{"not_picked":["Hemokinesis","Perfected Strike"],"picked":"Body Slam","floor":7},{"not_picked":["Rupture","True Grit"],"picked":"Bludgeon","floor":10},{"not_picked":["Clash","Headbutt"],"picked":"Heavy Blade","floor":12},{"not_picked":["Ghostly Armor","Sword Boomerang"],"picked":"Thunderclap","floor":13},{"not_picked":["Pommel Strike","Twin Strike"],"picked":"Infernal Blade","floor":14}],"player_experience":1970794,"relics_obtained":[{"floor":6,"key":"Bag of Preparation"},{"floor":9,"key":"Vajra"},{"floor":12,"key":"Anchor"},{"floor":13,"key":"Mercury Hourglass"}],"event_choices":[{"damage_healed":0,"gold_gain":75,"player_choice":"Gather Gold","damage_taken":11,"max_hp_gain":0,"max_hp_loss":0,"event_name":"World of Goop","floor":2,"gold_loss":0},{"damage_healed":0,"gold_gain":0,"player_choice":"Grow","damage_taken":0,"max_hp_gain":0,"max_hp_loss":0,"event_name":"Living Wall","floor":3,"gold_loss":0,"cards_upgraded":["Bash"]},{"damage_healed":0,"gold_gain":0,"player_choice":"Searched \u00272\u0027 times","damage_taken":0,"max_hp_gain":0,"max_hp_loss":0,"event_name":"Dead Adventurer","floor":13,"gold_loss":0}],"is_beta":false,"boss_relics":[],"items_purged_floors":[],"is_endless":false,"potions_floor_spawned":[4,5,7,12,13],"killed_by":"Slime Boss","ascension_level":19}