{"gold_per_floor":[110,110,110,123,48,89,89,123,183,211,238,250,262,295,307,410,422,459,471],"floor_reached":19,"playtime":683,"items_purged":["Strike_R"],"score":404,"play_id":"f8cde718-40d1-48a1-af3a-d19b38e246e1","local_time":"20190622105757","is_ascension_mode":true,"campfire_choices":[{"data":"Bash","floor":7,"key":"SMITH"},{"data":"Armaments","floor":13,"key":"SMITH"},{"data":"Shockwave","floor":15,"key":"SMITH"}],"neow_cost":"NONE","seed_source_timestamp":115974909719140,"circlet_count":0,"master_deck":["AscendersBane","Strike_R","Defend_R","Defend_R","Defend_R","Defend_R","Bash+1","Clothesline","Sword Boomerang","Shockwave+1","Exhume","Armaments+1","Pommel Strike","Inflame","Dark Embrace","Clothesline+1","Anger+1","Barricade+1","Sword Boomerang"],"relics":["Burning Blood","NeowsBlessing","Golden Idol","Centennial Puzzle","MawBank","Potion Belt","Astrolabe"],"potions_floor_usage":[14,16,19],"damage_taken":[{"damage":0,"enemies":"2 Louse","floor":1,"turns":1},{"damage":0,"enemies":"Jaw Worm","floor":4,"turns":1},{"damage":0,"enemies":"Lagavulin","floor":6,"turns":1},{"damage":48,"enemies":"Gremlin Nob","floor":8,"turns":5},{"damage":0,"enemies":"Cultist","floor":10,"turns":4},{"damage":5,"enemies":"Looter","floor":11,"turns":5},{"damage":13,"enemies":"Large Slime","floor":14,"turns":4},{"damage":24,"enemies":"Hexaghost","floor":16,"turns":9},{"damage":12,"enemies":"Chosen","floor":18,"turns":5},{"damage":55,"enemies":"Masked Bandits","floor":19,"turns":4}],"seed_played":"-3028520718688074315","potions_obtained":[{"floor":1,"key":"SpeedPotion"},{"floor":6,"key":"EssenceOfSteel"},{"floor":8,"key":"Fire Potion"},{"floor":11,"key":"Regen Potion"},{"floor":16,"key":"PowerPotion"}],"is_trial":false,"path_per_floor":["M","?","?","M","$","E","R","E","T","M","M","?","R","M","R","B",null,"M","?"],"character_chosen":"IRONCLAD","items_purchased":[],"campfire_rested":0,"item_purchase_floors":[],"current_hp_per_floor":[74,48,48,54,54,60,60,18,18,24,25,25,25,18,18,15,60,54,0],"gold":471,"neow_bonus":"THREE_ENEMY_KILL","is_prod":false,"is_daily":false,"chose_seed":false,"campfire_upgraded":3,"win_rate":0,"timestamp":1561197477,"path_taken":["M","?","?","?","$","E","R","E","T","M","M","?","R","M","R","BOSS","M","?"],"build_version":"2019-01-23","purchased_purges":1,"victory":false,"max_hp_per_floor":[75,75,75,75,75,75,75,75,75,75,75,75,75,75,75,75,75,75,75],"card_choices":[{"not_picked":["Flex","Thunderclap"],"picked":"Clothesline","floor":1},{"not_picked":["Clothesline","Second Wind"],"picked":"Shockwave","floor":4},{"not_picked":["Burning Pact","Iron Wave"],"picked":"Exhume","floor":6},{"not_picked":["Perfected Strike","Rage","Corruption"],"picked":"SKIP","floor":8},{"not_picked":["Fire Breathing","Intimidate"],"picked":"Armaments","floor":10},{"not_picked":["Thunderclap","Havoc"],"picked":"Pommel Strike","floor":11},{"not_picked":["Rage","Dual Wield"],"picked":"Inflame","floor":14},{"not_picked":["Berserk","Double Tap"],"picked":"Dark Embrace","floor":16},{"not_picked":["Cleave","Fire Breathing"],"picked":"Sword Boomerang","floor":18}],"player_experience":1099465,"relics_obtained":[{"floor":6,"key":"Centennial Puzzle"},{"floor":8,"key":"MawBank"},{"floor":9,"key":"Potion Belt"}],"event_choices":[{"damage_healed":0,"gold_gain":0,"player_choice":"Take Damage","damage_taken":26,"relics_obtained":["Golden Idol"],"max_hp_gain":0,"max_hp_loss":0,"event_name":"Golden Idol","floor":2,"gold_loss":0},{"damage_healed":0,"gold_gain":0,"player_choice":"1 cards matched","damage_taken":0,"max_hp_gain":0,"max_hp_loss":0,"event_name":"Match and Keep!","floor":3,"gold_loss":0,"cards_obtained":["Sword Boomerang"]},{"damage_healed":0,"gold_gain":0,"player_choice":"Ignored","damage_taken":0,"max_hp_gain":0,"max_hp_loss":0,"event_name":"Shining Light","floor":12,"gold_loss":0},{"damage_healed":0,"gold_gain":0,"player_choice":"Fought Bandits","damage_taken":0,"max_hp_gain":0,"max_hp_loss":0,"event_name":"Masked Bandits","floor":19,"gold_loss":0}],"is_beta":false,"boss_relics":[{"not_picked":["Black Blood","Philosopher\u0027s Stone"],"picked":"Astrolabe"}],"items_purged_floors":[5],"is_endless":false,"potions_floor_spawned":[1,6,8,11,16],"killed_by":"Masked Bandits","ascension_level":20}