{"gold_per_floor":[18,32,32,48,123,123,149,5,76,76,1,1,11,42,42,143,143,143],"floor_reached":18,"playtime":671,"items_purged":[],"score":269,"play_id":"7226bc78-a46f-403a-b4a0-13cd7f932295","local_time":"20190928163010","is_ascension_mode":true,"campfire_choices":[{"data":"Whirlwind","floor":6,"key":"SMITH"},{"data":"Havoc","floor":10,"key":"SMITH"},{"data":"Bash","floor":15,"key":"SMITH"}],"neow_cost":"NO_GOLD","seed_source_timestamp":1495387464755349,"circlet_count":0,"master_deck":["AscendersBane","Strike_R","Strike_R","Strike_R","Strike_R","Defend_R","Defend_R","Defend_R","Defend_R","Bash+1","Anger","Havoc+1","Whirlwind+1","Shrug It Off+1","Armaments+1","Shockwave+1","Warcry+1","Feed"],"relics":["Burning Blood","Thread and Needle","Boot","Bag of Preparation","Toxic Egg 2","Happy Flower","Snecko Eye"],"potions_floor_usage":[16],"damage_taken":[{"damage":6,"enemies":"Jaw Worm","floor":1,"turns":5},{"damage":6,"enemies":"Small Slimes","floor":2,"turns":4},{"damage":4,"enemies":"2 Louse","floor":4,"turns":3},{"damage":13,"enemies":"3 Sentries","floor":7,"turns":5},{"damage":4,"enemies":"Blue Slaver","floor":13,"turns":3},{"damage":23,"enemies":"Lagavulin","floor":14,"turns":5},{"damage":30,"enemies":"The Guardian","floor":16,"turns":12},{"damage":0,"enemies":"Spheric Guardian","floor":18,"turns":1}],"seed_played":"1050642322614837458","potions_obtained":[{"floor":2,"key":"SpeedPotion"},{"floor":7,"key":"Fire Potion"},{"floor":14,"key":"AttackPotion"}],"is_trial":false,"path_per_floor":["M","M","?","M","?","R","E","$","T","R","$","?","M","E","R","B",null,"M"],"character_chosen":"IRONCLAD","items_purchased":["Bag of Preparation","Shrug It Off+1","Armaments+1"],"campfire_rested":0,"item_purchase_floors":[8,11,11],"current_hp_per_floor":[72,72,72,74,63,63,56,56,56,56,56,56,58,41,41,17,64,64],"gold":143,"neow_bonus":"ONE_RARE_RELIC","is_prod":false,"is_daily":false,"chose_seed":false,"campfire_upgraded":3,"win_rate":0,"timestamp":1569702610,"path_taken":["M","M","?","M","?","R","E","$","T","R","$","?","M","E","R","BOSS","M"],"build_version":"2019-09-27","purchased_purges":0,"victory":false,"max_hp_per_floor":[80,80,80,80,80,80,80,80,80,80,80,80,80,80,80,80,80,80],"card_choices":[{"not_picked":["Perfected Strike","Body Slam"],"picked":"Anger","floor":1},{"not_picked":["Headbutt","Armaments"],"picked":"Havoc","floor":2},{"not_picked":["Rampage","Armaments"],"picked":"Whirlwind","floor":4},{"not_picked":["Entrench","Flex","Thunderclap"],"picked":"SKIP","floor":7},{"not_picked":["Wild Strike","Spot Weakness+1"],"picked":"Shockwave+1","floor":13},{"not_picked":["Pommel Strike","Heavy Blade"],"picked":"Warcry+1","floor":14},{"not_picked":["Dark Embrace","Brutality"],"picked":"Feed","floor":16}],"player_experience":445919,"relics_obtained":[{"floor":7,"key":"Boot"},{"floor":9,"key":"Toxic Egg 2"},{"floor":14,"key":"Happy Flower"}],"event_choices":[{"cards_removed":["Strike_R"],"damage_healed":0,"gold_gain":0,"player_choice":"Forget","damage_taken":0,"max_hp_gain":0,"max_hp_loss":0,"event_name":"Living Wall","floor":3,"gold_loss":0},{"damage_healed":0,"gold_gain":75,"player_choice":"Gather Gold","damage_taken":11,"max_hp_gain":0,"max_hp_loss":0,"event_name":"World of Goop","floor":5,"gold_loss":0},{"damage_healed":0,"gold_gain":0,"player_choice":"Ignored","damage_taken":0,"max_hp_gain":0,"max_hp_loss":0,"event_name":"Liars Game","floor":12,"gold_loss":0}],"is_beta":true,"boss_relics":[{"not_picked":["Black Star","Pandora\u0027s Box"],"picked":"Snecko Eye"}],"items_purged_floors":[],"is_endless":false,"potions_floor_spawned":[2,7,14],"killed_by":"Spheric Guardian","ascension_level":12}