{"gold_per_floor":[117,128,139,158,173,201,218,228,228,240,252,264,276],"floor_reached":13,"playtime":691,"items_purged":[],"score":89,"play_id":"6fbf9ad9-0ef1-4b69-8ec8-10f3b6a5080b","local_time":"20190905124106","is_ascension_mode":false,"campfire_choices":[{"data":"True Grit","floor":11,"key":"SMITH"}],"neow_cost":"NONE","seed_source_timestamp":500132798378046,"circlet_count":0,"master_deck":["Strike_R","Strike_R","Strike_R","Strike_R","Strike_R","Defend_R","Defend_R","Defend_R","Defend_R","Bash","Immolate","True Grit+1","Corruption","Pommel Strike","Juggernaut"],"relics":["Burning Blood","Dream Catcher","MawBank"],"potions_floor_usage":[6,13],"damage_taken":[{"damage":11,"enemies":"Jaw Worm","floor":1,"turns":2},{"damage":6,"enemies":"Cultist","floor":2,"turns":3},{"damage":5,"enemies":"2 Louse","floor":3,"turns":2},{"damage":0,"enemies":"2 Fungi Beasts","floor":4,"turns":3},{"damage":21,"enemies":"Blue Slaver","floor":5,"turns":4},{"damage":18,"enemies":"3 Sentries","floor":6,"turns":3},{"damage":8,"enemies":"Large Slime","floor":7,"turns":6},{"damage":6,"enemies":"Gremlin Gang","floor":8,"turns":3},{"damage":54,"enemies":"Lagavulin","floor":13,"turns":6}],"seed_played":"1127357867729838263","potions_obtained":[{"floor":3,"key":"Explosive Potion"},{"floor":4,"key":"Dexterity Potion"},{"floor":6,"key":"GamblersBrew"}],"is_trial":false,"path_per_floor":["M","M","M","M","M","E","M","M","T","?","R","$","E"],"character_chosen":"IRONCLAD","items_purchased":[],"campfire_rested":0,"item_purchase_floors":[],"current_hp_per_floor":[75,75,76,80,65,53,51,51,51,51,51,51,0],"gold":276,"neow_bonus":"ONE_RANDOM_RARE_CARD","is_prod":false,"is_daily":false,"chose_seed":false,"campfire_upgraded":1,"win_rate":0,"timestamp":1567701666,"path_taken":["M","M","M","M","M","E","M","M","T","?","R","$","E"],"build_version":"2019-07-17","purchased_purges":0,"victory":false,"max_hp_per_floor":[80,80,80,80,80,80,80,80,80,80,80,80,80],"card_choices":[{"not_picked":["Twin Strike","Heavy Blade","Infernal Blade"],"picked":"SKIP","floor":1},{"not_picked":["Clash","True Grit","Body Slam"],"picked":"SKIP","floor":2},{"not_picked":["Clash","Body Slam"],"picked":"True Grit","floor":2},{"not_picked":["Flame Barrier","Armaments"],"picked":"Corruption","floor":3},{"not_picked":["Sever Soul","Pummel","Thunderclap"],"picked":"SKIP","floor":4},{"not_picked":["Armaments","Shrug It Off"],"picked":"Pommel Strike","floor":5},{"not_picked":["Infernal Blade","Fire Breathing"],"picked":"Juggernaut","floor":6},{"not_picked":["True Grit","Second Wind","Heavy Blade"],"picked":"SKIP","floor":8}],"player_experience":339598,"relics_obtained":[{"floor":6,"key":"Dream Catcher"},{"floor":9,"key":"MawBank"}],"event_choices":[{"damage_healed":0,"gold_gain":0,"player_choice":"Ignored","damage_taken":0,"max_hp_gain":0,"max_hp_loss":0,"event_name":"NoteForYourself","floor":10,"gold_loss":0}],"is_beta":false,"boss_relics":[],"items_purged_floors":[],"is_endless":false,"potions_floor_spawned":[3,4,6],"killed_by":"Lagavulin","ascension_level":0}