{"gold_per_floor":[113,113,113,130,130,130,156,156,156,156,156,180,180,30,30,129,129,144,160,184,184,184],"floor_reached":22,"playtime":563,"items_purged":["Injury"],"score":393,"play_id":"5485cde0-0f80-4a60-a50f-d3fcab807350","local_time":"20190721233140","is_ascension_mode":true,"campfire_choices":[{"data":"Dash","floor":6.0,"key":"SMITH"},{"data":"Flying Knee","floor":11.0,"key":"SMITH"},{"floor":13.0,"key":"REST"},{"data":"Caltrops","floor":15.0,"key":"SMITH"}],"neow_cost":"NONE","seed_source_timestamp":49124446170900,"circlet_count":0,"master_deck":["AscendersBane","Survivor","Neutralize+1","Footwork+1","Dash+1","Flying Knee+1","Caltrops+1","A Thousand Cuts+1","Dash","Backstab","Adrenaline","Bane","Masterful Stab","Night Terror","Adrenaline","Tools of the Trade","All Out Attack","Backflip","Catalyst","Sucker Punch"],"special_seed":0,"relics":["Ring of the Snake","NeowsBlessing","Sundial","Pear","Golden Idol","Pandora\u0027s Box"],"potions_floor_usage":[16,18],"damage_taken":[{"damage":0.0,"enemies":"Jaw Worm","floor":1.0,"turns":1.0},{"damage":0.0,"enemies":"Cultist","floor":4.0,"turns":1.0},{"damage":0.0,"enemies":"Lagavulin","floor":7.0,"turns":1.0},{"damage":0.0,"enemies":"2 Louse","floor":12.0,"turns":3.0},{"damage":41,"enemies":"Slime Boss","floor":16,"turns":16},{"damage":22,"enemies":"2 Thieves","floor":18,"turns":3},{"damage":19,"enemies":"Shell Parasite","floor":19,"turns":4},{"damage":16,"enemies":"Cultist and Chosen","floor":20,"turns":6},{"damage":6,"enemies":"Snake Plant","floor":22,"turns":1}],"seed_played":"-6600472427341369663","potions_obtained":[{"floor":1.0,"key":"AttackPotion"},{"floor":16,"key":"SteroidPotion"},{"floor":20,"key":"LiquidBronze"}],"is_trial":false,"path_per_floor":["M","?","?","M","$","R","E","?","T","?","R","M","R","$","R","B",null,"M","M","M","?","M"],"character_chosen":"THE_SILENT","items_purchased":["Caltrops"],"campfire_rested":1,"item_purchase_floors":[14],"current_hp_per_floor":[59,39,39,39,39,39,39,32,42,42,42,42,64,64,64,23,63,41,22,6,6,0],"gold":184,"neow_bonus":"THREE_ENEMY_KILL","is_prod":false,"is_daily":false,"chose_seed":false,"campfire_upgraded":3,"win_rate":0,"timestamp":1563744700,"path_taken":["M","?","?","?","?","R","E","?","T","?","R","M","R","?","R","BOSS","M","M","M","?","?"],"build_version":"2019-07-17","purchased_purges":1,"victory":false,"max_hp_per_floor":[66,66,66,66,66,66,66,66,76,76,76,76,76,76,76,76,76,76,76,76,76,76],"card_choices":[{"not_picked":["Underhanded Strike","Acrobatics"],"picked":"Footwork","floor":1.0},{"not_picked":["Reflex","Bouncing Flask"],"picked":"Dash","floor":4.0},{"not_picked":["Dagger Spray","Terror"],"picked":"Flying Knee","floor":7.0},{"not_picked":["Bane","Outmaneuver","Prepared"],"picked":"SKIP","floor":12.0},{"not_picked":["Storm of Steel","Venomology"],"picked":"A Thousand Cuts","floor":16},{"not_picked":["Poisoned Stab","PiercingWail"],"picked":"Backflip","floor":18},{"not_picked":["Prepared","Riddle With Holes+1"],"picked":"Catalyst","floor":19},{"not_picked":["Bane","Riddle With Holes"],"picked":"Sucker Punch","floor":20}],"player_experience":1715842,"relics_obtained":[{"floor":7.0,"key":"Sundial"},{"floor":9.0,"key":"Pear"}],"event_choices":[{"damage_healed":0.0,"max_hp_gain":0.0,"max_hp_loss":0.0,"gold_gain":0.0,"event_name":"Shining Light","player_choice":"Entered Light","floor":2.0,"gold_loss":0.0,"damage_taken":20.0,"cards_upgraded":["Defend_G","Neutralize"]},{"damage_healed":0.0,"max_hp_gain":0.0,"max_hp_loss":0.0,"gold_gain":0.0,"event_name":"Accursed Blacksmith","player_choice":"Forge","floor":3.0,"gold_loss":0.0,"damage_taken":0.0,"cards_upgraded":["Footwork"]},{"cards_removed":["Strike_G"],"damage_healed":0.0,"max_hp_gain":0.0,"max_hp_loss":0.0,"gold_gain":0.0,"event_name":"Golden Wing","player_choice":"Card Removal","floor":8.0,"gold_loss":0.0,"damage_taken":7.0},{"damage_healed":0.0,"max_hp_gain":0.0,"max_hp_loss":0.0,"gold_gain":0.0,"event_name":"Golden Idol","player_choice":"Take Wound","floor":10.0,"gold_loss":0.0,"damage_taken":0.0,"relics_obtained":["Golden Idol"],"cards_obtained":["Injury"]},{"damage_healed":0,"gold_gain":0,"player_choice":"Upgraded","damage_taken":0,"max_hp_gain":0,"max_hp_loss":0,"event_name":"Upgrade Shrine","floor":21,"gold_loss":0,"cards_upgraded":["A Thousand Cuts"]}],"is_beta":false,"boss_relics":[{"not_picked":["Runic Dome","Lizard Tail"],"picked":"Pandora\u0027s Box"}],"items_purged_floors":[14],"is_endless":false,"potions_floor_spawned":[1,16,20],"killed_by":"Snake Plant","ascension_level":18}