{"gold_per_floor":[110,122,297,247,258,284,284,310,333,333,333,343,83,95,95,194,194,209,9,9,27,302,302,302],"floor_reached":24,"playtime":617,"items_purged":["Decay"],"score":204,"play_id":"d7390435-1835-4796-b8c5-e05f9a28ba8f","local_time":"20181225153613","is_ascension_mode":false,"campfire_choices":[{"data":"Dual Wield","floor":7,"key":"SMITH"},{"floor":10,"key":"REST"},{"data":"Inflame","floor":15,"key":"SMITH"},{"data":"Mayhem","floor":23,"key":"SMITH"}],"neow_cost":"NONE","seed_source_timestamp":282252435922113,"circlet_count":0,"master_deck":["Strike_R","Strike_R","Strike_R","Strike_R","Strike_R","Defend_R","Defend_R","Defend_R","Defend_R","Bash","Thunderclap","Wild Strike","Battle Trance","Dual Wield+1","Inflame+1","Havoc","Mayhem+1","Carnage","Shrug It Off","Regret"],"relics":["Busted Crown","Oddly Smooth Stone","Vajra","FaceOfCleric"],"potions_floor_usage":[8,14,16,24,24],"damage_taken":[{"damage":0,"enemies":"2 Louse","floor":1,"turns":2},{"damage":0,"enemies":"Small Slimes","floor":2,"turns":2},{"damage":11,"enemies":"Jaw Worm","floor":5,"turns":2},{"damage":25,"enemies":"3 Sentries","floor":6,"turns":8},{"damage":24,"enemies":"Lagavulin","floor":8,"turns":4},{"damage":2,"enemies":"2 Fungi Beasts","floor":12,"turns":2},{"damage":0,"enemies":"Red Slaver","floor":14,"turns":1},{"damage":37,"enemies":"The Guardian","floor":16,"turns":9},{"damage":36,"enemies":"2 Thieves","floor":18,"turns":5},{"damage":4,"enemies":"Chosen","floor":21,"turns":4},{"damage":43,"enemies":"Shelled Parasite and Fungi","floor":24,"turns":5}],"seed_played":"-7571867756187721905","potions_obtained":[{"floor":2,"key":"Energy Potion"},{"floor":5,"key":"SpeedPotion"},{"floor":8,"key":"Fire Potion"},{"floor":12,"key":"AttackPotion"},{"floor":18,"key":"SkillPotion"}],"is_trial":false,"path_per_floor":["M","M","?","?","M","E","R","E","T","R","?","M","$","M","R","B",null,"M","$","?","M","?","R","M"],"character_chosen":"IRONCLAD","items_purchased":["Mayhem","Vajra","Shrug It Off"],"campfire_rested":1,"item_purchase_floors":[13,19,19],"current_hp_per_floor":[80,80,80,80,69,44,44,20,20,44,44,42,42,42,42,5,80,44,44,44,41,41,41,0],"gold":302,"neow_bonus":"BOSS_RELIC","is_prod":false,"is_daily":false,"chose_seed":false,"campfire_upgraded":3,"win_rate":0,"timestamp":1545748573,"path_taken":["M","M","?","?","?","E","R","E","T","R","?","M","$","M","R","BOSS","M","$","?","?","?","R","M"],"build_version":"2018-12-20","purchased_purges":1,"victory":false,"max_hp_per_floor":[80,80,80,80,80,80,80,80,80,80,80,80,80,80,80,80,80,80,80,80,81,81,81,81],"card_choices":[{"not_picked":[],"picked":"Thunderclap","floor":1},{"not_picked":[],"picked":"Wild Strike","floor":2},{"not_picked":[],"picked":"Battle Trance","floor":5},{"not_picked":[],"picked":"Dual Wield","floor":6},{"not_picked":[],"picked":"Inflame","floor":8},{"not_picked":[],"picked":"Havoc","floor":12},{"not_picked":["Second Wind"],"picked":"SKIP","floor":14},{"not_picked":[],"picked":"Carnage","floor":18},{"not_picked":["Headbutt"],"picked":"SKIP","floor":21}],"player_experience":540728,"relics_obtained":[{"floor":6,"key":"Oddly Smooth Stone"}],"event_choices":[{"damage_healed":0,"gold_gain":175,"player_choice":"AGREE","damage_taken":0,"max_hp_gain":0,"max_hp_loss":0,"event_name":"Liars Game","floor":3,"gold_loss":0,"cards_obtained":["Doubt"]},{"cards_removed":["Doubt"],"damage_healed":0,"gold_gain":0,"player_choice":"Card Removal","damage_taken":0,"max_hp_gain":0,"max_hp_loss":0,"event_name":"The Cleric","floor":4,"gold_loss":50},{"damage_healed":0,"gold_gain":0,"player_choice":"Cursed","damage_taken":0,"max_hp_gain":0,"max_hp_loss":0,"event_name":"Wheel of Change","floor":11,"gold_loss":0,"cards_obtained":["Decay"]},{"damage_healed":0,"gold_gain":0,"player_choice":"Trade","damage_taken":0,"relics_obtained":["FaceOfCleric"],"max_hp_gain":0,"max_hp_loss":0,"event_name":"FaceTrader","floor":20,"gold_loss":0},{"damage_healed":0,"gold_gain":275,"player_choice":"Desecrate","damage_taken":0,"max_hp_gain":0,"max_hp_loss":0,"event_name":"Golden Shrine","floor":22,"gold_loss":0,"cards_obtained":["Regret"]}],"is_beta":false,"boss_relics":[{"not_picked":["Lizard Tail","Eternal Feather","Tiny House"]}],"items_purged_floors":[13],"is_endless":false,"potions_floor_spawned":[2,5,8,12,18],"killed_by":"Shelled Parasite and Fungi","ascension_level":0}