{"gold_per_floor":[118,118,135,135,22,22,76,151,151,151,162,162,192,209,209,286,286,304,318,318,328,340,340,340],"floor_reached":24,"playtime":801,"items_purged":[],"score":326,"play_id":"319188d4-77fe-496f-bf6a-f0e29a0d0569","local_time":"20191001235534","is_ascension_mode":true,"campfire_choices":[{"data":"Whirlwind","floor":6.0,"key":"SMITH"},{"data":"True Grit","floor":10.0,"key":"SMITH"},{"data":"Evolve","floor":12.0,"key":"SMITH"},{"data":"Bash","floor":15.0,"key":"SMITH"},{"data":"Disarm","floor":23,"key":"SMITH"}],"neow_cost":"NONE","seed_source_timestamp":62638412781059,"circlet_count":0,"master_deck":["AscendersBane","Strike_R","Strike_R","Strike_R","Defend_R+1","Defend_R","Defend_R+1","Defend_R","Bash+1","True Grit+1","Feel No Pain","Headbutt","Whirlwind+1","Evolve+1","Impervious","Disarm+1","Heavy Blade","Decay","Shrug It Off+1"],"special_seed":0,"relics":["Burning Blood","War Paint","Kunai","Coffee Dripper"],"potions_floor_usage":[18,22],"damage_taken":[{"damage":5.0,"enemies":"Jaw Worm","floor":1.0,"turns":6.0},{"damage":10.0,"enemies":"Cultist","floor":3.0,"turns":5.0},{"damage":0.0,"enemies":"2 Louse","floor":11.0,"turns":1.0},{"damage":3.0,"enemies":"Blue Slaver","floor":14.0,"turns":5.0},{"damage":21.0,"enemies":"Hexaghost","floor":16.0,"turns":8.0},{"damage":23,"enemies":"2 Thieves","floor":18,"turns":4},{"damage":19,"enemies":"Spheric Guardian","floor":19,"turns":4},{"damage":18,"enemies":"Centurion and Healer","floor":21,"turns":8},{"damage":16,"enemies":"Snake Plant","floor":22,"turns":7},{"damage":21,"enemies":"Book of Stabbing","floor":24,"turns":5}],"seed_played":"-4235444286278044117","potions_obtained":[{"floor":11.0,"key":"PowerPotion"},{"floor":14.0,"key":"SneckoOil"},{"floor":21,"key":"Swift Potion"}],"is_trial":false,"path_per_floor":["M","?","M","?","$","R","T","?","T","R","M","R","?","M","R","B",null,"M","M","?","M","M","R","E"],"character_chosen":"IRONCLAD","items_purchased":["Whirlwind","Evolve"],"campfire_rested":0,"item_purchase_floors":[5,5],"current_hp_per_floor":[69,69,65,65,65,65,65,54,54,54,60,60,60,63,63,48,68,51,38,38,26,16,16,0],"gold":340,"neow_bonus":"REMOVE_CARD","is_prod":false,"is_daily":false,"chose_seed":false,"campfire_upgraded":5,"win_rate":0,"timestamp":1569999334,"path_taken":["M","?","?","?","$","R","?","?","T","R","M","R","?","M","R","BOSS","M","M","?","M","?","R","E"],"build_version":"2019-07-17","purchased_purges":0,"victory":false,"max_hp_per_floor":[75,75,75,75,75,75,75,75,75,75,75,75,75,75,75,75,75,75,75,75,75,75,75,75],"card_choices":[{"not_picked":["Perfected Strike","Armaments"],"picked":"True Grit","floor":1.0},{"not_picked":["Iron Wave","Intimidate"],"picked":"Headbutt","floor":3.0},{"not_picked":["Havoc","Hemokinesis","Cleave"],"picked":"SKIP","floor":11.0},{"not_picked":["Pummel","Whirlwind","Body Slam"],"picked":"SKIP","floor":14.0},{"not_picked":["Immolate","Dark Embrace"],"picked":"Impervious","floor":16.0},{"not_picked":["True Grit","Sword Boomerang"],"picked":"Disarm","floor":18},{"not_picked":["Anger","Thunderclap"],"picked":"Heavy Blade","floor":19},{"not_picked":["Twin Strike","Uppercut","Feel No Pain"],"picked":"SKIP","floor":21},{"not_picked":["Cleave","Clash+1"],"picked":"Shrug It Off+1","floor":22}],"player_experience":292617,"relics_obtained":[{"floor":7.0,"key":"War Paint"},{"floor":9.0,"key":"Kunai"}],"event_choices":[{"damage_healed":0.0,"max_hp_gain":0.0,"max_hp_loss":0.0,"gold_gain":0.0,"cards_transformed":["Strike_R"],"event_name":"Transmorgrifier","player_choice":"Transformed","floor":2.0,"gold_loss":0.0,"damage_taken":0.0,"cards_obtained":["Feel No Pain"]},{"damage_healed":0.0,"max_hp_gain":0.0,"max_hp_loss":0.0,"gold_gain":0.0,"event_name":"The Cleric","player_choice":"Leave","floor":4.0,"gold_loss":0.0,"damage_taken":0.0},{"damage_healed":0.0,"max_hp_gain":0.0,"max_hp_loss":0.0,"gold_gain":75.0,"event_name":"World of Goop","player_choice":"Gather Gold","floor":8.0,"gold_loss":0.0,"damage_taken":11.0},{"damage_healed":0.0,"max_hp_gain":0.0,"max_hp_loss":0.0,"gold_gain":30.0,"event_name":"Dead Adventurer","player_choice":"Searched \u00272\u0027 times","floor":13.0,"gold_loss":0.0,"damage_taken":0.0},{"damage_healed":0,"gold_gain":0,"player_choice":"Cursed","damage_taken":0,"max_hp_gain":0,"max_hp_loss":0,"event_name":"Wheel of Change","floor":20,"gold_loss":0,"cards_obtained":["Decay"]}],"is_beta":false,"boss_relics":[{"not_picked":["Orrery","Pandora\u0027s Box"],"picked":"Coffee Dripper"}],"items_purged_floors":[],"is_endless":false,"potions_floor_spawned":[11,14,21],"killed_by":"Book of Stabbing","ascension_level":15}