{"gold_per_floor":[113,113,38,38,54,54,80,80,80,80,96,96,96,96,96,197,197,207,107,119,136,147,247,247,122,122,133,133,149,149,149,149,251,251,269,286,286,310,160,191,211,211,211,211,36,36,53,67,67,67],"floor_reached":50,"playtime":2463,"items_purged":["Strike_R","Strike_R","Strike_R","Strike_R","Defend_R+1"],"score":699,"play_id":"ab34989e-d8bf-4dd2-accf-f636138dcb03","local_time":"20190906110002","is_ascension_mode":true,"campfire_choices":[{"data":"Cleave","floor":6.0,"key":"SMITH"},{"data":"Barricade","floor":8.0,"key":"SMITH"},{"data":"Bash","floor":10.0,"key":"SMITH"},{"data":"Shrug It Off","floor":12.0,"key":"SMITH"},{"data":"Disarm","floor":15.0,"key":"SMITH"},{"data":"Flame Barrier","floor":24.0,"key":"SMITH"},{"data":"Defend_R","floor":28.0,"key":"SMITH"},{"data":"Madness","floor":30.0,"key":"SMITH"},{"data":"Defend_R","floor":32.0,"key":"SMITH"},{"floor":42.0,"key":"REST"},{"floor":44.0,"key":"REST"},{"floor":46.0,"key":"REST"},{"data":"Impervious","floor":49,"key":"SMITH"}],"neow_cost":"NONE","seed_source_timestamp":149630135980692,"circlet_count":0,"master_deck":["Defend_R+1","Defend_R+1","Defend_R+1","Bash+1","Shrug It Off+1","Cleave+1","Barricade+1","Disarm+1","Madness+1","Flame Barrier+1","Reaper+1","Shrug It Off+1","True Grit+1","Impervious+1"],"special_seed":0,"relics":["Burning Blood","Turnip","Molten Egg 2","Sozu","Paper Frog","Black Star","Strawberry","Ornamental Fan","Dream Catcher","StoneCalendar"],"potions_floor_usage":[50],"damage_taken":[{"damage":5.0,"enemies":"2 Louse","floor":1.0,"turns":4.0},{"damage":2.0,"enemies":"Jaw Worm","floor":5.0,"turns":8.0},{"damage":40.0,"enemies":"Gremlin Nob","floor":7.0,"turns":5.0},{"damage":0.0,"enemies":"Small Slimes","floor":11.0,"turns":3.0},{"damage":15.0,"enemies":"The Guardian","floor":16.0,"turns":18.0},{"damage":41.0,"enemies":"3 Byrds","floor":18.0,"turns":7.0},{"damage":0.0,"enemies":"Spheric Guardian","floor":20.0,"turns":6.0},{"damage":3.0,"enemies":"Snecko","floor":21.0,"turns":8.0},{"damage":0.0,"enemies":"Centurion and Healer","floor":22.0,"turns":9.0},{"damage":11.0,"enemies":"Snake Plant","floor":27.0,"turns":6.0},{"damage":1.0,"enemies":"Chosen and Byrds","floor":29.0,"turns":7.0},{"damage":0.0,"enemies":"Slavers","floor":31.0,"turns":1.0},{"damage":0.0,"enemies":"Champ","floor":33.0,"turns":24.0},{"damage":17.0,"enemies":"3 Shapes","floor":35.0,"turns":8.0},{"damage":38.0,"enemies":"3 Darklings","floor":36.0,"turns":9.0},{"damage":4.0,"enemies":"Nemesis","floor":40.0,"turns":17.0},{"damage":22.0,"enemies":"Spire Growth","floor":41.0,"turns":14.0},{"damage":8.0,"enemies":"Sphere and 2 Shapes","floor":47.0,"turns":8.0},{"damage":0.0,"enemies":"Jaw Worm Horde","floor":48.0,"turns":7.0},{"damage":103,"enemies":"Donu and Deca","floor":50,"turns":9}],"seed_played":"-8740094343214583842","potions_obtained":[{"floor":7.0,"key":"SmokeBomb"},{"floor":11.0,"key":"Strength Potion"},{"floor":16.0,"key":"PowerPotion"}],"is_trial":false,"path_per_floor":["M","?","$","?","M","R","E","R","T","R","M","R","?","?","R","B",null,"M","$","M","M","M","?","R","$","T","M","R","M","R","E","R","B",null,"M","M","?","T","$","E","M","R","T","R","$","R","M","M","R","B"],"character_chosen":"IRONCLAD","items_purchased":[],"campfire_rested":3,"item_purchase_floors":[],"current_hp_per_floor":[81,81,81,63,67,67,33,33,33,33,39,39,39,39,39,30,74,39,39,45,48,54,54,54,54,54,49,49,54,54,75,75,86,88,85,68,68,75,75,85,74,91,91,91,91,91,91,91,91,0],"gold":67,"neow_bonus":"TEN_PERCENT_HP_BONUS","is_prod":false,"is_daily":false,"chose_seed":false,"campfire_upgraded":10,"win_rate":0,"timestamp":1567792802,"path_taken":["M","?","$","?","M","R","E","R","T","R","M","R","?","?","R","BOSS","M","$","?","M","M","?","R","$","T","M","R","M","R","E","R","BOSS","M","?","?","?","$","E","?","R","T","R","$","R","M","M","R","BOSS"],"build_version":"2019-07-17","purchased_purges":5,"victory":false,"max_hp_per_floor":[88,88,88,88,88,88,88,88,88,88,88,88,88,88,88,88,88,88,88,88,88,88,88,88,88,88,88,88,88,88,88,88,88,88,88,88,84,91,91,91,91,91,91,91,91,91,91,91,91,91],"card_choices":[{"not_picked":["Sword Boomerang","Clash"],"picked":"Shrug It Off","floor":1.0},{"not_picked":["Warcry","Headbutt"],"picked":"Cleave","floor":5.0},{"not_picked":["Pommel Strike","Fire Breathing"],"picked":"Barricade","floor":7.0},{"not_picked":["Blood for Blood+1","Perfected Strike+1","Pommel Strike+1"],"picked":"SKIP","floor":11.0},{"not_picked":["Blood for Blood+1","Perfected Strike+1","Pommel Strike+1"],"picked":"SKIP","floor":11.0},{"not_picked":["Perfected Strike+1","Pummel+1","Pommel Strike+1"],"picked":"SKIP","floor":18.0},{"not_picked":["Twin Strike+1","Cleave+1","Pommel Strike+1"],"picked":"SKIP","floor":20.0},{"not_picked":["Wild Strike+1","Clothesline+1","Cleave+1"],"picked":"SKIP","floor":21.0},{"not_picked":["Second Wind+1","Wild Strike+1"],"picked":"Flame Barrier","floor":22.0},{"not_picked":["Heavy Blade+1","Second Wind","Havoc+1"],"picked":"SKIP","floor":27.0},{"not_picked":["Wild Strike+1","Burning Pact"],"picked":"Reaper+1","floor":29.0},{"not_picked":["Flex+1","Clothesline+1","Pommel Strike+1"],"picked":"SKIP","floor":35.0},{"not_picked":["Flame Barrier","Power Through"],"picked":"Shrug It Off+1","floor":36.0},{"not_picked":["Heavy Blade+1","Sentinel+1","Anger+1"],"picked":"SKIP","floor":40.0},{"not_picked":["Heavy Blade+1","Sentinel+1","Anger+1"],"picked":"SKIP","floor":40.0},{"not_picked":["Uppercut+1","Rupture+1","Reckless Charge+1"],"picked":"SKIP","floor":41.0},{"not_picked":["Blood for Blood+1","Havoc+1"],"picked":"True Grit+1","floor":44.0},{"not_picked":["Armaments+1","Headbutt+1"],"picked":"Impervious","floor":46.0},{"not_picked":["Thunderclap+1","Armaments+1","Twin Strike+1"],"picked":"SKIP","floor":47.0},{"not_picked":["Burning Pact","Heavy Blade+1","Clash+1"],"picked":"SKIP","floor":48.0}],"player_experience":197525,"relics_obtained":[{"floor":7.0,"key":"Turnip"},{"floor":9.0,"key":"Molten Egg 2"},{"floor":26.0,"key":"Paper Frog"},{"floor":38.0,"key":"Strawberry"},{"floor":40.0,"key":"Ornamental Fan"},{"floor":40.0,"key":"Dream Catcher"},{"floor":43.0,"key":"StoneCalendar"}],"event_choices":[{"damage_healed":0.0,"max_hp_gain":0.0,"max_hp_loss":0.0,"gold_gain":0.0,"event_name":"Liars Game","player_choice":"Ignored","floor":2.0,"gold_loss":0.0,"damage_taken":0.0},{"damage_healed":0.0,"max_hp_gain":0.0,"max_hp_loss":0.0,"gold_gain":0.0,"event_name":"Shining Light","player_choice":"Entered Light","floor":4.0,"gold_loss":0.0,"damage_taken":18.0,"cards_upgraded":["Defend_R","Defend_R"]},{"cards_removed":["Strike_R"],"damage_healed":0.0,"max_hp_gain":0.0,"max_hp_loss":0.0,"gold_gain":0.0,"event_name":"Living Wall","player_choice":"Forget","floor":13.0,"gold_loss":0.0,"damage_taken":0.0},{"damage_healed":0.0,"max_hp_gain":0.0,"max_hp_loss":0.0,"gold_gain":0.0,"event_name":"Match and Keep!","player_choice":"2 cards matched","floor":14.0,"gold_loss":0.0,"damage_taken":0.0,"cards_obtained":["Disarm","Madness"]},{"damage_healed":0.0,"max_hp_gain":0.0,"max_hp_loss":0.0,"gold_gain":100.0,"event_name":"Golden Shrine","player_choice":"Pray","floor":23.0,"gold_loss":0.0,"damage_taken":0.0},{"damage_healed":0.0,"max_hp_gain":0.0,"max_hp_loss":4.0,"gold_gain":0.0,"event_name":"Winding Halls","player_choice":"Max HP","floor":37.0,"gold_loss":0.0,"damage_taken":0.0}],"is_beta":false,"boss_relics":[{"not_picked":["Fusion Hammer","Runic Dome"],"picked":"Sozu"},{"not_picked":["Tiny House","Eternal Feather"],"picked":"Black Star"}],"items_purged_floors":[3,19,25,39,45],"is_endless":false,"potions_floor_spawned":[7,11,16,21,22,31,40,47,48],"killed_by":"Donu and Deca","ascension_level":6}