{"path_per_floor":["M","M","M","M","?","R","?","R","T","R","M","E","M","$","R","B",null,"M","?","?","$","?","R","M","R","T","?","R","$","?","M","R","B",null,"M","?","M","$","M","?","$","M","T","?","R","M","R","?","R"],"character_chosen":"DEFECT","items_purchased":["Mind Blast","Juzu Bracelet","Oddly Smooth Stone","Apotheosis","Storm","Capacitor"],"gold_per_floor":[118,129,146,156,229,229,229,229,229,229,243,268,284,35,35,133,133,148,398,398,174,174,174,184,184,184,274,274,75,75,93,93,188,218,235,235,248,68,86,86,6,23,94,94,94,110,110,110,110,110],"floor_reached":50,"campfire_rested":2,"playtime":4646,"item_purchase_floors":[14,14,21,29,38,41],"current_hp_per_floor":[74,73,73,51,51,51,51,51,51,73,73,85,75,75,75,50,89,88,88,72,72,72,72,68,68,68,44,70,70,70,56,56,34,99,99,99,92,92,77,99,99,71,71,71,71,34,34,87,87,0],"items_purged":["Regret","Defend_B"],"gold":110,"score":463,"play_id":"91615f51-e466-4799-96dd-550c7902b579","local_time":"20180603141935","is_prod":false,"is_daily":false,"chose_seed":false,"is_ascension_mode":false,"campfire_upgraded":9,"win_rate":1,"timestamp":1528031975,"campfire_choices":[{"data":"Tempest","floor":6,"key":"SMITH"},{"data":"Melter","floor":8,"key":"SMITH"},{"floor":10,"key":"REST"},{"data":"Beam Cell","floor":15,"key":"SMITH"},{"data":"Echo Form","floor":23,"key":"SMITH"},{"data":"Mind Blast","floor":25,"key":"SMITH"},{"floor":28,"key":"REST"},{"data":"Apotheosis","floor":32,"key":"SMITH"},{"data":"Electrodynamics","floor":45,"key":"SMITH"},{"data":"Stack","floor":47,"key":"SMITH"},{"data":"Storm","floor":49,"key":"SMITH"}],"path_taken":["M","M","M","?","?","R","?","R","T","R","M","E","M","$","R","BOSS","M","?","?","$","?","R","M","R","T","?","R","$","?","M","R","BOSS","M","?","M","$","M","?","$","M","T","?","R","M","R","?","R","BOSS"],"build_version":"2018-05-31","seed_source_timestamp":346524161511843,"purchased_purges":2,"victory":false,"master_deck":["Strike_B","Strike_B","Strike_B","Defend_B+1","Defend_B","Defend_B","Zap","Dualcast","Melter+1","Coolheaded","Tempest+1","Ball Lightning","Beam Cell+1","Glacier","Auto Shields","Mind Blast+1","Echo Form+1","Loop+1","Necronomicurse","Ball Lightning","Swift Strike","Apotheosis+1","Ball Lightning+1","Electrodynamics+1","Melter+1","Streamline+1","Storm+1","Writhe","Capacitor","Stack+1","Darkness+1"],"max_hp_per_floor":[75,75,75,75,75,75,75,75,75,75,75,89,89,89,89,89,89,89,89,89,89,89,89,89,89,89,89,89,89,89,89,89,94,99,99,99,99,99,99,99,99,99,99,99,99,99,99,87,87,87],"relics":["Cracked Core","Ornamental Fan","Mango","Juzu Bracelet","Nuclear Battery","Necronomicon","Oddly Smooth Stone","Mummified Hand","Tiny House","Shuriken"],"card_choices":[{"not_picked":["Rebound","Loop"],"picked":"Melter","floor":1},{"not_picked":["Gash","Rebound"],"picked":"Coolheaded","floor":2},{"not_picked":["Multi-Cast","Consume"],"picked":"Tempest","floor":3},{"not_picked":["Steam","Compile Driver"],"picked":"Ball Lightning","floor":4},{"not_picked":["Reprogram","Go for the Eyes"],"picked":"Beam Cell","floor":11},{"not_picked":["Steam Power","Barrage"],"picked":"Glacier","floor":12},{"not_picked":["Rebound","Go for the Eyes"],"picked":"Auto Shields","floor":13},{"not_picked":["Reboot","Creative AI"],"picked":"Echo Form","floor":16},{"not_picked":["Cold Snap+1","Double Energy+1"],"picked":"Loop+1","floor":18},{"not_picked":["Rebound","Redo"],"picked":"Ball Lightning","floor":24},{"not_picked":["Cold Snap","Reprogram"],"picked":"Ball Lightning+1","floor":31},{"not_picked":["Buffer","Reboot"],"picked":"Electrodynamics","floor":33},{"not_picked":["Gash","Coolheaded+1"],"picked":"Melter+1","floor":34},{"not_picked":["Leap+1","Barrage+1"],"picked":"Streamline+1","floor":35},{"not_picked":["Madness","Panache"],"picked":"Mind Blast","floor":36},{"not_picked":["Rebound","Blizzard+1","Streamline"],"picked":"SKIP","floor":37},{"not_picked":["Melter","Cold Snap+1","Hello World+1"],"picked":"SKIP","floor":39},{"not_picked":["Chill","Gash"],"picked":"Stack","floor":42},{"not_picked":["Steam+1","Streamline+1"],"picked":"Darkness+1","floor":46}],"player_experience":417372,"potions_floor_usage":[11,33,33,46,50,50,50],"damage_taken":[{"damage":1,"enemies":"Cultist","floor":1,"turns":4},{"damage":1,"enemies":"Jaw Worm","floor":2,"turns":3},{"damage":0,"enemies":"Small Slimes","floor":3,"turns":2},{"damage":22,"enemies":"Gremlin Gang","floor":4,"turns":5},{"damage":0,"enemies":"Large Slime","floor":11,"turns":3},{"damage":2,"enemies":"Gremlin Nob","floor":12,"turns":3},{"damage":10,"enemies":"Looter","floor":13,"turns":2},{"damage":25,"enemies":"Slime Boss","floor":16,"turns":7},{"damage":1,"enemies":"2 Thieves","floor":18,"turns":3},{"damage":4,"enemies":"Shell Parasite","floor":24,"turns":6},{"damage":14,"enemies":"Cultist and Chosen","floor":31,"turns":4},{"damage":42,"enemies":"Champ","floor":33,"turns":9},{"damage":0,"enemies":"3 Shapes","floor":35,"turns":5},{"damage":7,"enemies":"3 Darklings","floor":37,"turns":3},{"damage":15,"enemies":"4 Shapes","floor":39,"turns":6},{"damage":28,"enemies":"Maw","floor":42,"turns":7},{"damage":37,"enemies":"3 Darklings","floor":46,"turns":4},{"damage":93,"enemies":"Awakened One","floor":50,"turns":6}],"relics_obtained":[{"floor":9,"key":"Ornamental Fan"},{"floor":12,"key":"Mango"},{"floor":20,"key":"Necronomicon"},{"floor":26,"key":"Mummified Hand"},{"floor":43,"key":"Shuriken"}],"event_choices":[{"event_name":"Golden Wing","player_choice":"Gained Gold","floor":5,"damage_taken":0},{"event_name":"Living Wall","player_choice":"Forget","floor":7,"damage_taken":0},{"event_name":"Golden Shrine","player_choice":"Desecrate","floor":19,"damage_taken":0},{"event_name":"Cursed Tome","player_choice":"Obtained Book","floor":20,"damage_taken":0},{"event_name":"The Mausoleum","player_choice":"No","floor":22,"damage_taken":0},{"event_name":"Knowing Skull","player_choice":"GOLD CARD ","floor":27,"damage_taken":0},{"event_name":"Addict","player_choice":"Ignored","floor":30,"damage_taken":0},{"event_name":"SensoryStone","player_choice":"Memory 1","floor":36,"damage_taken":0},{"event_name":"Winding Halls","player_choice":"Writhe","floor":40,"damage_taken":0},{"event_name":"The Moai Head","player_choice":"Heal","floor":48,"damage_taken":0}],"boss_relics":[{"not_picked":["Runic Dome","Astrolabe"],"picked":"Nuclear Battery"},{"not_picked":["Velvet Choker","Black Star"],"picked":"Tiny House"}],"items_purged_floors":[21,38],"potions_floor_spawned":[2,12,16,24,31,35,46],"seed_played":"-2135458243072747754","killed_by":"Awakened One","ascension_level":0,"potions_obtained":[{"floor":2,"key":"Swift Potion"},{"floor":12,"key":"Regen Potion"},{"floor":16,"key":"Energy Potion"},{"floor":24,"key":"Poison Potion"},{"floor":31,"key":"Fruit Juice"},{"floor":34,"key":"Ancient Potion"},{"floor":35,"key":"Energy Potion"},{"floor":46,"key":"Swift Potion"}],"is_trial":false}