{"gold_per_floor":[114,38,38,58,233,233,108,122,122,147,164,198,18,28,28,99,99,113,133,133,151,151],"floor_reached":22,"playtime":1546,"items_purged":["Doubt","Strike_G"],"score":323,"play_id":"0a193b59-869d-473e-958e-f70415bcd8dc","local_time":"20190520211040","is_ascension_mode":true,"campfire_choices":[{"data":"Neutralize","floor":6,"key":"SMITH"},{"floor":15,"key":"REST"}],"neow_cost":"NONE","seed_source_timestamp":159210240599754,"circlet_count":0,"master_deck":["AscendersBane","Defend_G","Defend_G","Defend_G","Defend_G","Defend_G","Strike_G","Strike_G","Strike_G","Strike_G","Survivor","Neutralize+1","Skewer+1","Cloak And Dagger","Well Laid Plans","Deadly Poison","Finisher","Terror","Catalyst","Sucker Punch","Footwork+1","Dagger Spray","Adrenaline","Blur","Deadly Poison","Bouncing Flask"],"relics":["Ring of the Snake","Strawberry","Frozen Egg 2","Dream Catcher","White Beast Statue"],"potions_floor_usage":[10,12,12,21,21,22],"damage_taken":[{"damage":1,"enemies":"2 Louse","floor":1,"turns":2},{"damage":0,"enemies":"Cultist","floor":4,"turns":3},{"damage":0,"enemies":"Jaw Worm","floor":8,"turns":4},{"damage":16,"enemies":"Gremlin Nob","floor":10,"turns":4},{"damage":9,"enemies":"Exordium Wildlife","floor":11,"turns":6},{"damage":7,"enemies":"Lagavulin","floor":12,"turns":5},{"damage":10,"enemies":"Looter","floor":14,"turns":4},{"damage":4,"enemies":"The Guardian","floor":16,"turns":10},{"damage":8,"enemies":"Shell Parasite","floor":18,"turns":5},{"damage":29,"enemies":"3 Byrds","floor":19,"turns":5},{"damage":9,"enemies":"Snake Plant","floor":21,"turns":6},{"damage":32,"enemies":"Snecko","floor":22,"turns":5}],"seed_played":"2913760985969715741","potions_obtained":[{"floor":4,"key":"Poison Potion"},{"floor":11,"key":"Swift Potion"},{"floor":18,"key":"SpeedPotion"},{"floor":19,"key":"LiquidBronze"},{"floor":20,"key":"Ancient Potion"},{"floor":21,"key":"Swift Potion"}],"is_trial":false,"path_per_floor":["M","$","?","M","?","R","$","M","T","E","M","E","$","M","R","B",null,"M","M","?","M","M"],"character_chosen":"THE_SILENT","items_purchased":["Well Laid Plans","Fire Potion","Footwork+1"],"campfire_rested":1,"item_purchase_floors":[2,7,13],"current_hp_per_floor":[62,62,62,62,62,62,62,62,69,53,44,37,37,27,50,46,69,61,32,32,23,0],"gold":151,"neow_bonus":"THREE_CARDS","is_prod":false,"is_daily":false,"chose_seed":false,"campfire_upgraded":1,"win_rate":0,"timestamp":1558383040,"path_taken":["M","$","?","?","?","R","$","M","T","E","M","E","?","M","R","BOSS","M","M","?","M","?"],"build_version":"2019-01-23","purchased_purges":2,"victory":false,"max_hp_per_floor":[70,70,70,70,70,70,70,70,77,77,77,77,77,77,77,77,77,77,77,77,77,77],"card_choices":[{"not_picked":["Blur","Deadly Poison"],"picked":"Skewer","floor":0},{"not_picked":["Dodge and Roll","Catalyst"],"picked":"Cloak And Dagger","floor":1},{"not_picked":["Dodge and Roll","Heel Hook"],"picked":"Deadly Poison","floor":4},{"not_picked":["Expertise","Masterful Stab"],"picked":"Finisher","floor":8},{"not_picked":["Prepared","Underhanded Strike"],"picked":"Terror","floor":10},{"not_picked":["Skewer","Prepared"],"picked":"Catalyst","floor":11},{"not_picked":["Setup","Dagger Spray"],"picked":"Sucker Punch","floor":12},{"not_picked":["Deflect","Quick Slash"],"picked":"Dagger Spray","floor":14},{"not_picked":["A Thousand Cuts+1","Tools of the Trade+1"],"picked":"Adrenaline","floor":16},{"not_picked":["Dodge and Roll","Backflip"],"picked":"Blur","floor":18},{"not_picked":["Underhanded Strike","Accuracy+1"],"picked":"Deadly Poison","floor":19},{"not_picked":["Poisoned Stab","Deflect+1"],"picked":"Bouncing Flask","floor":21}],"player_experience":1027391,"relics_obtained":[{"floor":9,"key":"Strawberry"},{"floor":10,"key":"Frozen Egg 2"},{"floor":12,"key":"Dream Catcher"}],"event_choices":[{"damage_healed":0,"gold_gain":0,"player_choice":"Upgraded","damage_taken":0,"max_hp_gain":0,"max_hp_loss":0,"event_name":"Upgrade Shrine","floor":3,"gold_loss":0,"cards_upgraded":["Skewer"]},{"damage_healed":0,"gold_gain":175,"player_choice":"AGREE","damage_taken":0,"max_hp_gain":0,"max_hp_loss":0,"event_name":"Liars Game","floor":5,"gold_loss":0,"cards_obtained":["Doubt"]},{"damage_healed":0,"gold_gain":0,"player_choice":"Got Potions","damage_taken":0,"max_hp_gain":0,"max_hp_loss":0,"event_name":"Lab","floor":20,"gold_loss":0}],"is_beta":false,"boss_relics":[{"not_picked":["Tiny House","Runic Dome"],"picked":"White Beast Statue"}],"items_purged_floors":[7,13],"is_endless":false,"potions_floor_spawned":[4,8,11,18,19,21],"killed_by":"Snecko","ascension_level":13}