{"gold_per_floor":[113,113,126,126,145,145,164,164,164,164,199,46,72,90,90,90],"floor_reached":16,"playtime":542,"items_purged":["Strike_B"],"score":175,"play_id":"ab2e71f4-e963-4ba4-a0b5-1cd6c9a575bc","local_time":"20190518202902","is_ascension_mode":true,"campfire_choices":[{"data":"Zap","floor":6,"key":"SMITH"},{"data":"Fission","floor":8,"key":"SMITH"},{"data":"Chaos","floor":10,"key":"SMITH"},{"data":"Loop","floor":15,"key":"SMITH"}],"neow_cost":"PERCENT_DAMAGE","seed_source_timestamp":422212961517500,"circlet_count":0,"master_deck":["AscendersBane","Strike_B","Strike_B","Defend_B","Defend_B","Defend_B","Defend_B","Zap+1","Dualcast","Chaos+1","Fission+1","Tempest","Conserve Battery","Glacier","Ball Lightning","Defragment","Consume","Loop+1"],"relics":["Cracked Core","Turnip","Gremlin Horn","Ancient Tea Set","Centennial Puzzle","Odd Mushroom"],"potions_floor_usage":[11,13,16],"damage_taken":[{"damage":3,"enemies":"2 Louse","floor":1,"turns":4},{"damage":16,"enemies":"Small Slimes","floor":3,"turns":3},{"damage":1,"enemies":"Cultist","floor":5,"turns":3},{"damage":4,"enemies":"Looter","floor":7,"turns":3},{"damage":4,"enemies":"Lagavulin","floor":11,"turns":8},{"damage":0,"enemies":"The Mushroom Lair","floor":13,"turns":1},{"damage":0,"enemies":"2 Fungi Beasts","floor":14,"turns":3},{"damage":7,"enemies":"Hexaghost","floor":16,"turns":14}],"seed_played":"-4708040272762328066","potions_obtained":[{"floor":1,"key":"PowerPotion"},{"floor":5,"key":"Poison Potion"},{"floor":11,"key":"PowerPotion"},{"floor":14,"key":"Poison Potion"}],"is_trial":false,"path_per_floor":["M","?","M","?","M","R","M","R","T","R","E","$","?","M","R","B"],"character_chosen":"DEFECT","items_purchased":["Defragment"],"campfire_rested":0,"item_purchase_floors":[12],"current_hp_per_floor":[43,43,27,16,15,15,11,11,11,11,7,7,7,7,7,0],"gold":90,"neow_bonus":"ONE_RARE_RELIC","is_prod":false,"is_daily":false,"chose_seed":false,"campfire_upgraded":4,"win_rate":0,"timestamp":1558204142,"path_taken":["M","?","M","?","M","R","M","R","T","R","E","$","?","M","R","BOSS"],"build_version":"2019-01-23","purchased_purges":1,"victory":false,"max_hp_per_floor":[71,71,71,71,71,71,71,71,71,71,71,71,71,71,71,71],"card_choices":[{"not_picked":["Blizzard","Compile Driver"],"picked":"Chaos","floor":1},{"not_picked":["Rebound","Beam Cell"],"picked":"Tempest","floor":3},{"not_picked":["Leap","Gash"],"picked":"Conserve Battery","floor":5},{"not_picked":["Auto Shields","Beam Cell"],"picked":"Glacier","floor":7},{"not_picked":["White Noise","Sweeping Beam"],"picked":"Ball Lightning","floor":11},{"not_picked":["Beam Cell","Skim"],"picked":"Consume","floor":13},{"not_picked":["Coolheaded","BootSequence"],"picked":"Loop","floor":14}],"player_experience":1144174,"relics_obtained":[{"floor":9,"key":"Ancient Tea Set"},{"floor":11,"key":"Centennial Puzzle"},{"floor":13,"key":"Odd Mushroom"}],"event_choices":[{"damage_healed":0,"gold_gain":0,"cards_transformed":["Strike_B"],"player_choice":"Change","damage_taken":0,"max_hp_gain":0,"max_hp_loss":0,"event_name":"Living Wall","floor":2,"gold_loss":0,"cards_obtained":["Fission"]},{"damage_healed":0,"gold_gain":0,"player_choice":"Success","damage_taken":11,"relics_obtained":["Gremlin Horn"],"max_hp_gain":0,"max_hp_loss":0,"event_name":"Scrap Ooze","floor":4,"gold_loss":0},{"damage_healed":0,"gold_gain":0,"player_choice":"Fought Mushrooms","damage_taken":0,"max_hp_gain":0,"max_hp_loss":0,"event_name":"Mushrooms","floor":13,"gold_loss":0}],"is_beta":false,"boss_relics":[],"items_purged_floors":[12],"is_endless":false,"potions_floor_spawned":[1,5,11,14],"killed_by":"Hexaghost","ascension_level":15}