{"path_per_floor":["M","M","M","M","$","M","M","M","T","E","M","?","M","M","R","B",null,"M","$","?","?","$","E","$","M","T","R","M","M","E"],"character_chosen":"IRONCLAD","items_purchased":["Charon\u0027s Ashes","Pummel"],"gold_per_floor":[113,125,141,151,151,163,179,197,224,252,266,266,285,295,295,395,425,442,57,57,57,57,87,12,23,23,23,41,54,87],"floor_reached":31,"campfire_rested":1,"playtime":1526,"current_hp_per_floor":[78,80,80,80,80,80,76,65,65,35,38,31,16,14,38,25,71,56,56,56,56,56,47,47,53,53,53,37,37,14],"items_purged":["Writhe"],"gold":87,"score":368,"play_id":"b0256dec-40f8-45f5-bcac-c7cee4e3b7ec","is_prod":false,"is_daily":false,"is_ascension_mode":true,"campfire_upgraded":1,"path_taken":["M","M","M","M","$","M","M","M","T","E","M","?","?","M","R","BOSS","M","$","?","?","$","E","$","M","T","R","M","M","E","M"],"build_version":"2018-02-12-PROD1","purchased_purges":3,"victory":false,"master_deck":["Strike_R","Strike_R","Strike_R","Strike_R","Strike_R","Defend_R","Defend_R","Defend_R","Bash","Flame Barrier","Twin Strike","Fire Breathing","Whirlwind+1","Twin Strike","Spot Weakness","Sword Boomerang","Disarm+1","Perfected Strike","Iron Wave","Reaper","Perfected Strike","Metallicize","Pummel","Perfected Strike","Pummel+1","Thunderclap","Pummel"],"max_hp_per_floor":[80,80,80,80,80,80,80,80,80,80,80,80,80,80,80,80,85,85,85,85,85,85,85,85,85,85,85,85,85,85],"relics":["Burning Blood","Art of War","Toxic Egg 2","Tiny House","Charon\u0027s Ashes","Gremlin Horn","Shuriken","Regal Pillow","Bronze Scales"],"card_choices":[{"not_picked":["Corruption","Double Tap"],"picked":"Flame Barrier"},{"not_picked":["Infernal Blade","Blood for Blood"],"picked":"Twin Strike"},{"not_picked":["Dual Wield","Clothesline"],"picked":"Fire Breathing"},{"not_picked":["Body Slam","Metallicize"],"picked":"Whirlwind"},{"not_picked":["Pommel Strike","True Grit"],"picked":"Twin Strike"},{"not_picked":["Blood for Blood","Body Slam"],"picked":"Spot Weakness"},{"not_picked":["True Grit","Rupture"],"picked":"Sword Boomerang"},{"not_picked":["Havoc","Juggernaut"],"picked":"Disarm"},{"not_picked":["Iron Wave","True Grit"],"picked":"Perfected Strike"},{"not_picked":["Armaments","Wild Strike"],"picked":"Iron Wave"},{"not_picked":["Fiend Fire","Brutality"],"picked":"Reaper"},{"not_picked":["Fire Breathing","Pommel Strike"],"picked":"Perfected Strike"},{"not_picked":["Cleave","Armaments"],"picked":"Metallicize"},{"not_picked":["Hemokinesis","Reckless Charge"],"picked":"Pummel"},{"not_picked":["Havoc","Bloodletting"],"picked":"Thunderclap"},{"not_picked":["Corruption","Perfected Strike"],"picked":"Pummel"}],"player_experience":202702,"potions_floor_usage":[6,16,16,16,29,30,30],"damage_taken":[{"damage":0,"enemies":"2 Louse","floor":1,"turns":3},{"damage":0,"enemies":"Jaw Worm","floor":2,"turns":4},{"damage":5,"enemies":"Small Slimes","floor":3,"turns":3},{"damage":4,"enemies":"Red Slaver","floor":4,"turns":4},{"damage":6,"enemies":"Looter","floor":6,"turns":3},{"damage":10,"enemies":"2 Fungi Beasts","floor":7,"turns":3},{"damage":17,"enemies":"3 Louse","floor":8,"turns":3},{"damage":36,"enemies":"3 Sentries","floor":10,"turns":5},{"damage":3,"enemies":"Red Slaver","floor":11,"turns":4},{"damage":21,"enemies":"Lots of Slimes","floor":13,"turns":4},{"damage":8,"enemies":"Looter","floor":14,"turns":3},{"damage":34,"enemies":"The Guardian","floor":16,"turns":9},{"damage":21,"enemies":"Spheric Guardian","floor":18,"turns":4},{"damage":27,"enemies":"Gremlin Leader","floor":23,"turns":7},{"damage":0,"enemies":"3 Byrds","floor":25,"turns":3},{"damage":22,"enemies":"3 Cultists","floor":28,"turns":4},{"damage":12,"enemies":"Centurion and Healer","floor":29,"turns":5},{"damage":29,"enemies":"Book of Stabbing","floor":30,"turns":4},{"damage":21,"enemies":"Snake Plant","floor":31,"turns":2}],"event_choices":[{"event_name":"Golden Wing","player_choice":"Card Removal","floor":12,"damage_taken":0},{"event_name":"The Mausoleum","player_choice":"Yes","floor":20,"damage_taken":0},{"event_name":"Duplicator","player_choice":"One dupe","floor":21,"damage_taken":0}],"boss_relics":[{"not_picked":["Runic Pyramid","Question Card"],"picked":"Tiny House"}],"potions_floor_spawned":[1,4,6,7,11,13,16,28,30],"seed_played":"2874940148286325121","killed_by":"Snake Plant","ascension_level":6,"is_trial":false}