{"gold_per_floor":[118,131,149,163,163,163,195,214,214,289,304,30,49,66,66,165,165,184,184,184,36,51,51,61,61,61,61,78,78,95,95,95,195,195,212,37,56,68,168,168,181,181,181,181,193,0,0,0,0,0],"floor_reached":51,"playtime":2665,"items_purged":["Strike_R","Strike_R","Shame"],"score":701,"play_id":"270a0ee0-d4c2-4bf0-bbe5-1ec0860d1a6c","local_time":"20191009210750","is_ascension_mode":false,"campfire_choices":[{"floor":6,"key":"REST"},{"floor":15,"key":"REST"},{"data":"Armaments","floor":23,"key":"SMITH"},{"data":"Offering","floor":27,"key":"SMITH"},{"data":"RitualDagger","floor":29,"key":"SMITH"},{"floor":32,"key":"REST"},{"data":"Feel No Pain","floor":40,"key":"SMITH"},{"floor":42,"key":"REST"},{"data":"Defend_R","floor":44,"key":"PURGE"},{"floor":47,"key":"REST"},{"data":"Injury","floor":49,"key":"PURGE"}],"neow_cost":"","seed_source_timestamp":44853774367000,"circlet_count":0,"master_deck":["Strike_R+1","Defend_R","Defend_R","Defend_R","Bash","Iron Wave","Body Slam","Second Wind","Uppercut+1","Headbutt","Shrug It Off","Power Through","Feel No Pain+1","Anger","Rampage","Infernal Blade","Anger","Offering+1","Flex","RitualDagger+1","Armaments+1","Anger","Battle Trance+1","Second Wind+1","Inflame","Flex","Burning Pact","Barricade","Juggernaut","Shockwave","Metallicize","Body Slam","Headbutt","Disarm+1","Disarm","Rage","True Grit","Clothesline","Feel No Pain"],"relics":["Burning Blood","PreservedInsect","Question Card","Cursed Key","Matryoshka","Runic Pyramid","Peace Pipe","Red Skull","Pocketwatch"],"potions_floor_usage":[4,7,18,24,24,39,41,50],"damage_taken":[{"damage":6,"enemies":"Cultist","floor":1,"turns":3},{"damage":0,"enemies":"Small Slimes","floor":2,"turns":3},{"damage":2,"enemies":"2 Louse","floor":3,"turns":2},{"damage":31,"enemies":"Exordium Thugs","floor":4,"turns":7},{"damage":18,"enemies":"Lagavulin","floor":7,"turns":7},{"damage":4,"enemies":"Blue Slaver","floor":8,"turns":3},{"damage":7,"enemies":"Looter","floor":11,"turns":3},{"damage":8,"enemies":"Red Slaver","floor":13,"turns":2},{"damage":7,"enemies":"Exordium Thugs","floor":14,"turns":5},{"damage":46,"enemies":"The Guardian","floor":16,"turns":11},{"damage":7,"enemies":"3 Byrds","floor":18,"turns":3},{"damage":2,"enemies":"Spheric Guardian","floor":22,"turns":3},{"damage":14,"enemies":"Cultist and Chosen","floor":24,"turns":7},{"damage":7,"enemies":"Sentry and Sphere","floor":28,"turns":6},{"damage":37,"enemies":"Shelled Parasite and Fungi","floor":30,"turns":6},{"damage":36,"enemies":"Champ","floor":33,"turns":12},{"damage":7,"enemies":"3 Shapes","floor":35,"turns":4},{"damage":23,"enemies":"3 Darklings","floor":37,"turns":5},{"damage":6,"enemies":"Writhing Mass","floor":38,"turns":6},{"damage":11,"enemies":"Mind Bloom Boss Battle","floor":39,"turns":6},{"damage":35,"enemies":"4 Shapes","floor":41,"turns":5},{"damage":28,"enemies":"Sphere and 2 Shapes","floor":45,"turns":5},{"damage":44,"enemies":"Awakened One","floor":50,"turns":13}],"seed_played":"-7789747042357905248","potions_obtained":[{"floor":1,"key":"SkillPotion"},{"floor":3,"key":"Weak Potion"},{"floor":14,"key":"FearPotion"},{"floor":16,"key":"Explosive Potion"},{"floor":18,"key":"Swift Potion"},{"floor":22,"key":"GamblersBrew"},{"floor":33,"key":"LiquidBronze"},{"floor":37,"key":"DuplicationPotion"},{"floor":39,"key":"Weak Potion"},{"floor":41,"key":"Fruit Juice"}],"is_trial":false,"path_per_floor":["M","M","M","M","?","R","E","M","T","?","M","$","M","M","R","B",null,"M","?","?","$","M","R","M","$","T","R","M","R","M","?","R","B",null,"M","$","M","M","?","R","M","R","T","R","M","$","R","?","R","B",null],"character_chosen":"IRONCLAD","items_purchased":["Feel No Pain","Anger","Rampage","Anger","Metallicize","Body Slam","Headbutt","Feel No Pain"],"campfire_rested":5,"item_purchase_floors":[12,12,12,21,36,36,36,46],"current_hp_per_floor":[80,80,80,55,39,63,51,53,53,45,44,44,42,41,65,25,80,79,73,73,73,77,77,69,69,69,69,68,68,37,37,61,31,80,79,79,62,62,57,57,33,58,58,58,36,36,61,61,61,23],"gold":0,"neow_bonus":"","is_prod":false,"is_daily":false,"chose_seed":false,"campfire_upgraded":4,"win_rate":0.0,"timestamp":1570648070,"path_taken":["M","?","M","M","?","R","E","M","T","?","M","$","M","?","R","BOSS","M","?","?","$","M","R","M","$","T","R","M","R","M","?","R","BOSS","M","$","M","M","?","R","M","R","T","R","M","$","R","?","R","BOSS"],"build_version":"2019-10-08","purchased_purges":3,"victory":true,"max_hp_per_floor":[80,80,80,80,80,80,80,80,80,80,80,80,80,80,80,80,80,80,80,80,80,80,80,80,80,80,80,80,80,80,80,80,80,80,80,80,80,80,80,80,85,85,85,85,85,85,85,82,82,82],"card_choices":[{"not_picked":["Sever Soul","Pommel Strike"],"picked":"Iron Wave","floor":1},{"not_picked":["Iron Wave","Corruption"],"picked":"Body Slam","floor":2},{"not_picked":["Ghostly Armor","Twin Strike"],"picked":"Second Wind","floor":3},{"not_picked":["Pommel Strike","Iron Wave"],"picked":"Uppercut","floor":4},{"not_picked":["Sword Boomerang","Rage"],"picked":"Headbutt","floor":7},{"not_picked":["Reaper","Clothesline"],"picked":"Shrug It Off","floor":8},{"not_picked":["Perfected Strike","Clash","Dual Wield"],"picked":"Power Through","floor":11},{"not_picked":["Thunderclap","Warcry","Intimidate"],"picked":"Infernal Blade","floor":13},{"not_picked":["Entrench","Clash","Pommel Strike"],"picked":"Anger","floor":14},{"not_picked":["Bludgeon","Juggernaut","Fiend Fire"],"picked":"Offering","floor":16},{"not_picked":["True Grit","Iron Wave+1","Perfected Strike"],"picked":"Flex","floor":18},{"not_picked":["Warcry+1","Disarm+1","Clothesline"],"picked":"Battle Trance+1","floor":22},{"not_picked":["Pummel","Sword Boomerang","Warcry"],"picked":"Second Wind+1","floor":24},{"not_picked":["Sword Boomerang","Pommel Strike+1","Entrench"],"picked":"Inflame","floor":28},{"not_picked":["Sword Boomerang","Pommel Strike","Metallicize"],"picked":"Flex","floor":30},{"not_picked":["Offering","Bludgeon","Dark Embrace"],"picked":"Juggernaut","floor":33},{"not_picked":["Clothesline","Armaments","Iron Wave"],"picked":"Shockwave","floor":35},{"not_picked":["Power Through+1","Shrug It Off+1","True Grit"],"picked":"Disarm+1","floor":37},{"not_picked":["Clothesline","Iron Wave","Body Slam"],"picked":"Disarm","floor":38},{"not_picked":["Blood for Blood+1","Searing Blow+1","Body Slam"],"picked":"Rage","floor":39},{"not_picked":["Iron Wave","Armaments+1","Reaper"],"picked":"True Grit","floor":41},{"not_picked":["Clash","Pommel Strike","Sword Boomerang"],"picked":"Clothesline","floor":45}],"player_experience":0,"relics_obtained":[{"floor":7,"key":"PreservedInsect"},{"floor":9,"key":"Question Card"},{"floor":26,"key":"Matryoshka"},{"floor":39,"key":"Peace Pipe"},{"floor":43,"key":"Red Skull"},{"floor":43,"key":"Pocketwatch"}],"event_choices":[{"damage_healed":0,"gold_gain":0,"player_choice":"Entered Light","damage_taken":16,"max_hp_gain":0,"max_hp_loss":0,"event_name":"Shining Light","floor":5,"gold_loss":0,"cards_upgraded":["Uppercut","Strike_R"]},{"damage_healed":0,"gold_gain":75,"player_choice":"Touch","damage_taken":8,"max_hp_gain":0,"max_hp_loss":0,"event_name":"FaceTrader","floor":10,"gold_loss":0},{"damage_healed":0,"gold_gain":0,"player_choice":"Joined the Cult","damage_taken":6,"max_hp_gain":0,"max_hp_loss":0,"event_name":"Nest","floor":19,"gold_loss":0,"cards_obtained":["RitualDagger"]},{"damage_healed":0,"gold_gain":0,"player_choice":"Read","damage_taken":0,"max_hp_gain":0,"max_hp_loss":0,"event_name":"The Library","floor":20,"gold_loss":0,"cards_obtained":["Armaments"]},{"damage_healed":0,"gold_gain":0,"cards_transformed":["Strike_R","Strike_R"],"player_choice":"Became Test Subject","damage_taken":0,"max_hp_gain":0,"max_hp_loss":0,"event_name":"Drug Dealer","floor":31,"gold_loss":0,"cards_obtained":["Burning Pact","Barricade"]},{"damage_healed":0,"gold_gain":0,"player_choice":"Fight","damage_taken":0,"max_hp_gain":0,"max_hp_loss":0,"event_name":"MindBloom","floor":39,"gold_loss":0},{"cards_removed":["Parasite"],"damage_healed":0,"gold_gain":0,"player_choice":"Purged","damage_taken":0,"max_hp_gain":0,"max_hp_loss":0,"event_name":"Purifier","floor":48,"gold_loss":0}],"is_beta":true,"boss_relics":[{"not_picked":["SacredBark","Velvet Choker"],"picked":"Cursed Key"},{"not_picked":["Fusion Hammer","Black Blood"],"picked":"Runic Pyramid"}],"items_purged_floors":[12,21,46],"is_endless":false,"potions_floor_spawned":[1,3,14,16,18,22,33,37,39,41],"ascension_level":0}