{"gold_per_floor":[114,130,4,20,35,35,53,53,107,107,125,151,151,202,202,299,299,315,515,532,86,102,135,153,153,153,182,182,201,231,245,245,347,347,361,408,62,78,98,98,108,108,108,108,108,108,125,125,125,125],"floor_reached":51,"playtime":4820,"items_purged":["Strike_G","Strike_G"],"score":684,"play_id":"557e7bed-6707-413a-9fa6-ee8a2454f886","local_time":"20190602161222","is_ascension_mode":false,"campfire_choices":[{"data":"Crippling Poison","floor":6,"key":"SMITH"},{"data":"Adrenaline","floor":15,"key":"SMITH"},{"floor":25,"key":"REST"},{"floor":32,"key":"REST"},{"floor":40,"key":"REST"},{"data":"Strike_G","floor":45,"key":"PURGE"},{"data":"Strike_G","floor":49,"key":"PURGE"}],"neow_cost":"NONE","seed_source_timestamp":769626435267304,"circlet_count":0,"master_deck":["Defend_G","Defend_G","Defend_G","Defend_G","Survivor","Neutralize","Die Die Die","Crippling Poison+1","Infinite Blades","Poisoned Stab","Backflip","Adrenaline+1","Venomology","Backflip+1","Bouncing Flask","Envenom","Poisoned Stab","Bouncing Flask","Catalyst","Deflect+1","Adrenaline","Deflect+1","Bane+1","Master of Strategy","Noxious Fumes+1","Bane+1"],"relics":["Ring of the Snake","Boot","Pear","Art of War","Eternal Feather","PreservedInsect","Potion Belt","Peace Pipe","Strawberry","Oddly Smooth Stone","Philosopher\u0027s Stone","Tingsha","Snake Skull","Gambling Chip"],"potions_floor_usage":[12,16,16,16,18,22,23,23,27,27,27,29,29,30,33,33,36,39,41,47,50,50,50,50],"damage_taken":[{"damage":0,"enemies":"2 Louse","floor":1,"turns":1},{"damage":2,"enemies":"Small Slimes","floor":2,"turns":3},{"damage":0,"enemies":"Cultist","floor":4,"turns":4},{"damage":2,"enemies":"Looter","floor":5,"turns":5},{"damage":1,"enemies":"Exordium Wildlife","floor":7,"turns":3},{"damage":5,"enemies":"Blue Slaver","floor":11,"turns":3},{"damage":13,"enemies":"Lagavulin","floor":12,"turns":5},{"damage":44,"enemies":"Slime Boss","floor":16,"turns":18},{"damage":17,"enemies":"Spheric Guardian","floor":18,"turns":7},{"damage":8,"enemies":"Chosen","floor":20,"turns":6},{"damage":3,"enemies":"Centurion and Healer","floor":22,"turns":7},{"damage":17,"enemies":"Book of Stabbing","floor":23,"turns":5},{"damage":6,"enemies":"Snecko","floor":24,"turns":5},{"damage":7,"enemies":"Slavers","floor":27,"turns":3},{"damage":0,"enemies":"Snake Plant","floor":29,"turns":4},{"damage":8,"enemies":"Gremlin Leader","floor":30,"turns":6},{"damage":14,"enemies":"Shelled Parasite and Fungi","floor":31,"turns":5},{"damage":78,"enemies":"Champ","floor":33,"turns":9},{"damage":9,"enemies":"3 Shapes","floor":35,"turns":3},{"damage":50,"enemies":"2 Orb Walkers","floor":36,"turns":6},{"damage":8,"enemies":"3 Darklings","floor":38,"turns":4},{"damage":6,"enemies":"4 Shapes","floor":39,"turns":2},{"damage":23,"enemies":"Jaw Worm Horde","floor":41,"turns":3},{"damage":9,"enemies":"Transient","floor":47,"turns":5},{"damage":75,"enemies":"Awakened One","floor":50,"turns":12}],"seed_played":"-705694751750415096","potions_obtained":[{"floor":2,"key":"Dexterity Potion"},{"floor":4,"key":"Energy Potion"},{"floor":11,"key":"Poison Potion"},{"floor":12,"key":"SpeedPotion"},{"floor":18,"key":"Explosive Potion"},{"floor":20,"key":"SkillPotion"},{"floor":29,"key":"GhostInAJar"},{"floor":38,"key":"Explosive Potion"},{"floor":41,"key":"AttackPotion"},{"floor":47,"key":"SteroidPotion"}],"is_trial":false,"path_per_floor":["M","M","$","M","M","R","M","?","T","?","M","E","?","T","R","B",null,"M","?","M","$","M","E","M","R","T","E","?","M","E","M","R","B",null,"M","?","$","M","M","R","M","?","T","$","R","?","M","?","R","B",null],"character_chosen":"THE_SILENT","items_purchased":["Poisoned Stab","PreservedInsect","Envenom","Poisoned Stab","Snake Skull","Master of Strategy"],"campfire_rested":3,"item_purchase_floors":[3,21,21,21,37,37],"current_hp_per_floor":[70,68,68,68,66,66,65,65,65,65,60,57,57,57,57,13,80,63,63,55,55,52,35,29,65,65,65,65,65,57,43,81,18,87,78,28,28,20,14,55,32,76,76,76,76,76,67,67,76,16],"gold":125,"neow_bonus":"ONE_RANDOM_RARE_CARD","is_prod":false,"is_daily":false,"chose_seed":false,"campfire_upgraded":2,"win_rate":0,"timestamp":1559506342,"path_taken":["M","M","$","M","M","R","M","?","T","?","?","E","?","?","R","BOSS","M","?","M","$","?","E","M","R","T","E","?","?","E","M","R","BOSS","M","?","$","M","M","R","M","?","T","$","R","?","M","?","R","BOSS"],"build_version":"2019-01-23","purchased_purges":2,"victory":true,"max_hp_per_floor":[70,70,70,70,70,70,70,70,70,70,70,80,80,80,80,80,80,80,80,80,80,80,80,80,80,80,87,87,87,87,87,87,87,87,87,87,87,87,87,87,87,76,76,76,76,76,76,76,76,76],"card_choices":[{"not_picked":["Dagger Throw","Acrobatics"],"picked":"Crippling Poison","floor":1},{"not_picked":["Eviscerate","PiercingWail"],"picked":"Infinite Blades","floor":2},{"not_picked":["Dagger Throw","Calculated Gamble","Distraction"],"picked":"SKIP","floor":4},{"not_picked":["Choke","Calculated Gamble","Quick Slash"],"picked":"SKIP","floor":5},{"not_picked":["Cloak And Dagger","Sucker Punch","Flying Knee"],"picked":"SKIP","floor":7},{"not_picked":["Skewer","Deflect"],"picked":"Backflip","floor":11},{"not_picked":["Footwork","Escape Plan"],"picked":"Adrenaline","floor":12},{"not_picked":["Unload","Doppelganger"],"picked":"Venomology","floor":16},{"not_picked":["Poisoned Stab","Caltrops"],"picked":"Backflip+1","floor":18},{"not_picked":["Well Laid Plans+1","Dagger Spray+1"],"picked":"Bouncing Flask","floor":20},{"not_picked":["Escape Plan","Cloak And Dagger","Caltrops"],"picked":"SKIP","floor":22},{"not_picked":["Acrobatics","Dagger Spray"],"picked":"Bouncing Flask","floor":23},{"not_picked":["Choke","Accuracy"],"picked":"Catalyst","floor":24},{"not_picked":["Distraction+1","Blur","Blade Dance"],"picked":"SKIP","floor":27},{"not_picked":["Blur+1","Storm of Steel"],"picked":"Deflect+1","floor":29},{"not_picked":["Blade Dance","Deadly Poison","Dagger Spray"],"picked":"SKIP","floor":30},{"not_picked":["Expertise+1","Sucker Punch","Flying Knee+1"],"picked":"SKIP","floor":31},{"not_picked":["Doppelganger","Malaise"],"picked":"Adrenaline","floor":33},{"not_picked":["Slice","Dagger Spray+1"],"picked":"Deflect+1","floor":35},{"not_picked":["Deflect","Dagger Throw"],"picked":"Bane+1","floor":36},{"not_picked":["Underhanded Strike+1","Backflip"],"picked":"Noxious Fumes+1","floor":38},{"not_picked":["Doppelganger","Quick Slash+1","Heel Hook+1"],"picked":"SKIP","floor":39},{"not_picked":["PiercingWail+1","Heel Hook","Flying Knee"],"picked":"SKIP","floor":41},{"not_picked":["Dagger Spray","Venomology"],"picked":"Bane+1","floor":47}],"player_experience":100920,"relics_obtained":[{"floor":9,"key":"Boot"},{"floor":12,"key":"Pear"},{"floor":14,"key":"Art of War"},{"floor":23,"key":"Potion Belt"},{"floor":26,"key":"Peace Pipe"},{"floor":27,"key":"Strawberry"},{"floor":30,"key":"Oddly Smooth Stone"},{"floor":36,"key":"Tingsha"},{"floor":43,"key":"Gambling Chip"}],"event_choices":[{"damage_healed":0,"gold_gain":0,"player_choice":"Ignored","damage_taken":0,"max_hp_gain":0,"max_hp_loss":0,"event_name":"Liars Game","floor":8,"gold_loss":0},{"cards_removed":["Strike_G"],"damage_healed":0,"gold_gain":0,"player_choice":"Purged","damage_taken":0,"max_hp_gain":0,"max_hp_loss":0,"event_name":"Purifier","floor":10,"gold_loss":0},{"damage_healed":0,"gold_gain":0,"player_choice":"Ignored","damage_taken":0,"max_hp_gain":0,"max_hp_loss":0,"event_name":"Golden Idol","floor":13,"gold_loss":0},{"damage_healed":0,"gold_gain":200,"player_choice":"Gold","damage_taken":0,"max_hp_gain":0,"max_hp_loss":0,"event_name":"Wheel of Change","floor":19,"gold_loss":0},{"damage_healed":0,"gold_gain":0,"player_choice":"Ignored","damage_taken":0,"max_hp_gain":0,"max_hp_loss":0,"event_name":"NoteForYourself","floor":28,"gold_loss":0},{"damage_healed":0,"gold_gain":0,"player_choice":"Fight","damage_taken":0,"max_hp_gain":0,"max_hp_loss":0,"event_name":"Mysterious Sphere","floor":36,"gold_loss":0},{"damage_healed":76,"gold_gain":0,"player_choice":"Heal","damage_taken":0,"max_hp_gain":0,"max_hp_loss":11,"event_name":"The Moai Head","floor":42,"gold_loss":0},{"damage_healed":0,"gold_gain":0,"player_choice":"Memory 1","damage_taken":0,"max_hp_gain":0,"max_hp_loss":0,"event_name":"SensoryStone","floor":46,"gold_loss":0},{"cards_removed":["Defend_G"],"damage_healed":0,"gold_gain":0,"player_choice":"Removed Skill","damage_taken":0,"max_hp_gain":0,"max_hp_loss":0,"event_name":"Falling","floor":48,"gold_loss":0}],"is_beta":false,"boss_relics":[{"not_picked":["Snecko Eye","Velvet Choker"],"picked":"Eternal Feather"},{"not_picked":["Coffee Dripper","White Beast Statue"],"picked":"Philosopher\u0027s Stone"}],"items_purged_floors":[3,21],"is_endless":false,"potions_floor_spawned":[2,4,11,12,18,20,29,38,41,47],"ascension_level":0}