{"gold_per_floor":[114,127,147,158,171,202,202,222,249,249,259,288,288,288,288,288],"floor_reached":16,"playtime":3583,"items_purged":[],"score":257,"play_id":"03a65210-8d33-46d7-9ca4-e7b76cf9a2f2","local_time":"20190711200613","is_ascension_mode":true,"campfire_choices":[{"data":"Zap","floor":7,"key":"SMITH"},{"data":"Buffer","floor":10,"key":"SMITH"},{"data":"Conserve Battery","floor":15,"key":"SMITH"}],"neow_cost":"NONE","seed_source_timestamp":67250173614900,"circlet_count":0,"master_deck":["AscendersBane","Strike_B","Strike_B","Strike_B","Defend_B","Defend_B","Defend_B","Defend_B","Zap+1","Dualcast","Hologram","Glacier","Self Repair","Electrodynamics","Beam Cell","Buffer+1","BootSequence","Conserve Battery+1","FTL","Injury"],"relics":["Cracked Core","Mercury Hourglass","Art of War","PreservedInsect","Golden Idol"],"potions_floor_usage":[4,6,12],"damage_taken":[{"damage":0,"enemies":"Cultist","floor":1,"turns":3},{"damage":2,"enemies":"Jaw Worm","floor":2,"turns":3},{"damage":0,"enemies":"2 Louse","floor":3,"turns":2},{"damage":32,"enemies":"Gremlin Gang","floor":4,"turns":9},{"damage":6,"enemies":"Blue Slaver","floor":5,"turns":5},{"damage":24,"enemies":"Gremlin Nob","floor":6,"turns":4},{"damage":15,"enemies":"Lots of Slimes","floor":8,"turns":2},{"damage":15,"enemies":"Gremlin Gang","floor":11,"turns":4},{"damage":0,"enemies":"Lagavulin","floor":12,"turns":6},{"damage":20,"enemies":"Hexaghost","floor":16,"turns":9}],"seed_played":"-3381821752511131966","potions_obtained":[{"floor":3,"key":"Swift Potion"},{"floor":4,"key":"Swift Potion"},{"floor":11,"key":"Poison Potion"}],"is_trial":false,"path_per_floor":["M","M","M","M","M","E","R","M","T","R","M","E","?","?","R","B"],"character_chosen":"DEFECT","items_purchased":[],"campfire_rested":0,"item_purchase_floors":[],"current_hp_per_floor":[71,69,69,44,45,28,28,20,20,20,12,19,19,19,19,0],"gold":288,"neow_bonus":"TEN_PERCENT_HP_BONUS","is_prod":false,"is_daily":false,"chose_seed":false,"campfire_upgraded":3,"win_rate":0,"timestamp":1562868373,"path_taken":["M","?","M","M","M","E","R","?","T","R","M","E","?","?","R","BOSS"],"build_version":"2019-07-05","purchased_purges":0,"victory":false,"max_hp_per_floor":[78,78,78,78,78,78,78,78,78,78,78,78,78,78,78,78],"card_choices":[{"not_picked":["Steam","Beam Cell"],"picked":"Hologram","floor":1},{"not_picked":["Beam Cell","Hello World"],"picked":"Glacier","floor":2},{"not_picked":["Blizzard","Compile Driver"],"picked":"Self Repair","floor":3},{"not_picked":["Barrage","Redo"],"picked":"Electrodynamics","floor":4},{"not_picked":["Hologram","Heatsinks"],"picked":"Beam Cell","floor":5},{"not_picked":["Thunder Strike","Leap"],"picked":"Buffer","floor":6},{"not_picked":["Blizzard","Stack"],"picked":"BootSequence","floor":8},{"not_picked":["Storm","Cold Snap"],"picked":"Conserve Battery","floor":11},{"not_picked":["Electrodynamics","Recycle"],"picked":"FTL","floor":12}],"player_experience":1639928,"relics_obtained":[{"floor":6,"key":"Mercury Hourglass"},{"floor":9,"key":"Art of War"},{"floor":12,"key":"PreservedInsect"}],"event_choices":[{"damage_healed":0,"gold_gain":0,"player_choice":"Take Wound","damage_taken":0,"relics_obtained":["Golden Idol"],"max_hp_gain":0,"max_hp_loss":0,"event_name":"Golden Idol","floor":13,"gold_loss":0,"cards_obtained":["Injury"]},{"cards_removed":["Strike_B"],"damage_healed":0,"gold_gain":0,"player_choice":"Offered Basic","damage_taken":0,"max_hp_gain":0,"max_hp_loss":0,"event_name":"Bonfire Elementals","floor":14,"gold_loss":0}],"is_beta":false,"boss_relics":[],"items_purged_floors":[],"is_endless":false,"potions_floor_spawned":[3,4,11],"killed_by":"Hexaghost","ascension_level":17}