{"gold_per_floor":[367,15,33,53,71,71,88,88,111,137,161,161,192,192,192,192],"floor_reached":16,"playtime":534,"items_purged":[],"score":193,"play_id":"e02f2c21-ec14-49cc-b68b-8bfca35a67e9","local_time":"20190518203846","is_ascension_mode":true,"campfire_choices":[{"data":"Zap","floor":6,"key":"SMITH"},{"data":"Fusion","floor":8,"key":"SMITH"},{"floor":12,"key":"REST"},{"floor":15,"key":"REST"}],"neow_cost":"PERCENT_DAMAGE","seed_source_timestamp":422806055423400,"circlet_count":0,"master_deck":["AscendersBane","Strike_B","Strike_B","Strike_B","Strike_B","Defend_B","Defend_B","Defend_B","Defend_B","Zap+1","Dualcast","Gash","Compile Driver+1","Conserve Battery","Coolheaded","Conserve Battery","Fusion+1","Capacitor+1","Cold Snap+1","Double Energy"],"relics":["Cracked Core","Gambling Chip","DataDisk","Lantern","Odd Mushroom","Whetstone"],"potions_floor_usage":[10],"damage_taken":[{"damage":0,"enemies":"Cultist","floor":1,"turns":3},{"damage":19,"enemies":"Small Slimes","floor":3,"turns":5},{"damage":0,"enemies":"2 Louse","floor":4,"turns":2},{"damage":7,"enemies":"Exordium Thugs","floor":5,"turns":5},{"damage":0,"enemies":"2 Fungi Beasts","floor":7,"turns":3},{"damage":8,"enemies":"Lagavulin","floor":10,"turns":7},{"damage":7,"enemies":"The Mushroom Lair","floor":11,"turns":5},{"damage":33,"enemies":"Gremlin Nob","floor":13,"turns":6},{"damage":32,"enemies":"Slime Boss","floor":16,"turns":3}],"seed_played":"3881207274764706309","potions_obtained":[{"floor":3,"key":"FairyPotion"},{"floor":5,"key":"Fire Potion"},{"floor":11,"key":"Energy Potion"}],"is_trial":false,"path_per_floor":["M","$","M","M","M","R","M","R","T","E","?","R","E","?","R","B"],"character_chosen":"DEFECT","items_purchased":["Gambling Chip","Compile Driver"],"campfire_rested":2,"item_purchase_floors":[2,2],"current_hp_per_floor":[46,46,27,27,20,20,20,20,20,12,5,26,7,7,28,0],"gold":192,"neow_bonus":"TWO_FIFTY_GOLD","is_prod":false,"is_daily":false,"chose_seed":false,"campfire_upgraded":2,"win_rate":0,"timestamp":1558204726,"path_taken":["M","$","M","M","M","R","?","R","T","E","?","R","E","?","R","BOSS"],"build_version":"2019-01-23","purchased_purges":0,"victory":false,"max_hp_per_floor":[71,71,71,71,71,71,71,71,71,71,71,71,71,71,71,71],"card_choices":[{"not_picked":["Sweeping Beam","Chill"],"picked":"Gash","floor":1},{"not_picked":["Scrape","Ball Lightning"],"picked":"Conserve Battery","floor":3},{"not_picked":["Recycle","Barrage"],"picked":"Coolheaded","floor":4},{"not_picked":["Doom and Gloom","Static Discharge"],"picked":"Conserve Battery","floor":5},{"not_picked":["Leap","Lockon"],"picked":"Fusion","floor":7},{"not_picked":["Conserve Battery","FTL"],"picked":"Capacitor","floor":10},{"not_picked":["Go for the Eyes","Steam"],"picked":"Cold Snap","floor":11},{"not_picked":["Streamline","Steam"],"picked":"Double Energy","floor":13}],"player_experience":1144716,"relics_obtained":[{"floor":9,"key":"DataDisk"},{"floor":10,"key":"Lantern"},{"floor":11,"key":"Odd Mushroom"},{"floor":13,"key":"Whetstone"}],"event_choices":[{"damage_healed":0,"gold_gain":0,"player_choice":"Fought Mushrooms","damage_taken":0,"max_hp_gain":0,"max_hp_loss":0,"event_name":"Mushrooms","floor":11,"gold_loss":0},{"damage_healed":0,"gold_gain":0,"player_choice":"Upgraded","damage_taken":0,"max_hp_gain":0,"max_hp_loss":0,"event_name":"Upgrade Shrine","floor":14,"gold_loss":0,"cards_upgraded":["Capacitor"]}],"is_beta":false,"boss_relics":[],"items_purged_floors":[],"is_endless":false,"potions_floor_spawned":[3,5,11],"killed_by":"Slime Boss","ascension_level":15}