{"gold_per_floor":[219,232,250,175,250,250,250,12,61,116,131,131,147,158,158,158],"floor_reached":16,"playtime":1893,"items_purged":["Strike_R"],"score":189,"play_id":"c74a9fe5-1eeb-49b8-811e-06887ada187e","local_time":"20190703172134","is_ascension_mode":true,"campfire_choices":[{"data":"Shockwave","floor":7,"key":"SMITH"},{"data":"Demon Form","floor":12,"key":"SMITH"},{"floor":15,"key":"REST"}],"neow_cost":"NONE","seed_source_timestamp":1356522106267900,"circlet_count":0,"master_deck":["AscendersBane","Strike_R","Strike_R","Strike_R","Defend_R","Defend_R","Defend_R","Defend_R","Bash+1","Flex","Iron Wave","Shockwave+1","Shrug It Off","Demon Form+1","Feel No Pain","True Grit"],"relics":["Burning Blood","Pen Nib","Strawberry","Tiny Chest"],"potions_floor_usage":[13],"damage_taken":[{"damage":7,"enemies":"Jaw Worm","floor":1,"turns":5},{"damage":10,"enemies":"Small Slimes","floor":2,"turns":4},{"damage":8,"enemies":"2 Louse","floor":3,"turns":2},{"damage":39,"enemies":"Lagavulin","floor":10,"turns":10},{"damage":13,"enemies":"Lots of Slimes","floor":11,"turns":6},{"damage":0,"enemies":"Looter","floor":13,"turns":3},{"damage":5,"enemies":"Blue Slaver","floor":14,"turns":5},{"damage":61,"enemies":"The Guardian","floor":16,"turns":9}],"seed_played":"4940963259289707027","potions_obtained":[{"floor":3,"key":"FearPotion"},{"floor":11,"key":"EssenceOfSteel"},{"floor":13,"key":"Ancient Potion"}],"is_trial":false,"path_per_floor":["M","M","M","?","?","?","R","$","T","E","M","R","M","M","R","B"],"character_chosen":"IRONCLAD","items_purchased":["Pen Nib"],"campfire_rested":1,"item_purchase_floors":[8],"current_hp_per_floor":[67,63,61,61,50,50,50,50,57,24,17,17,23,24,48,0],"gold":158,"neow_bonus":"HUNDRED_GOLD","is_prod":false,"is_daily":false,"chose_seed":false,"campfire_upgraded":2,"win_rate":0,"timestamp":1562167294,"path_taken":["M","M","M","?","?","?","R","$","T","E","M","R","M","?","R","BOSS"],"build_version":"2019-07-01","purchased_purges":1,"victory":false,"max_hp_per_floor":[75,75,75,75,75,75,75,75,82,82,82,82,82,82,82,82],"card_choices":[{"not_picked":["Thunderclap","Rage"],"picked":"Flex","floor":1},{"not_picked":["Warcry","Flex"],"picked":"Iron Wave","floor":2},{"not_picked":["Evolve","Iron Wave"],"picked":"Shockwave","floor":3},{"not_picked":["Bloodletting","Combust"],"picked":"Shrug It Off","floor":10},{"not_picked":["Anger","Pommel Strike"],"picked":"Demon Form","floor":11},{"not_picked":["Headbutt","Clash"],"picked":"Feel No Pain","floor":13},{"not_picked":["Fire Breathing","Burning Pact"],"picked":"True Grit","floor":14}],"player_experience":1562759,"relics_obtained":[{"floor":9,"key":"Strawberry"},{"floor":10,"key":"Tiny Chest"}],"event_choices":[{"cards_removed":["Strike_R"],"damage_healed":0,"gold_gain":0,"player_choice":"Card Removal","damage_taken":0,"max_hp_gain":0,"max_hp_loss":0,"event_name":"The Cleric","floor":4,"gold_loss":75},{"damage_healed":0,"gold_gain":75,"player_choice":"Gather Gold","damage_taken":11,"max_hp_gain":0,"max_hp_loss":0,"event_name":"World of Goop","floor":5,"gold_loss":0},{"damage_healed":0,"gold_gain":0,"player_choice":"Upgraded","damage_taken":0,"max_hp_gain":0,"max_hp_loss":0,"event_name":"Upgrade Shrine","floor":6,"gold_loss":0,"cards_upgraded":["Bash"]}],"is_beta":false,"boss_relics":[],"items_purged_floors":[8],"is_endless":false,"potions_floor_spawned":[3,11,13],"killed_by":"The Guardian","ascension_level":17}