{"gold_per_floor":[114,94,113,113,113,148,148,15,65,65,65,84,84,84,84,161,161,171,191,203,203,203,203],"floor_reached":23,"playtime":693,"items_purged":["Strike_B"],"score":355,"play_id":"2d308967-d9fa-482e-9c4b-2973661d244e","local_time":"20190825142635","is_ascension_mode":true,"campfire_choices":[{"floor":7,"key":"REST"},{"floor":10,"key":"REST"},{"floor":13,"key":"REST"},{"data":"Fusion","floor":15,"key":"SMITH"}],"neow_cost":"PERCENT_DAMAGE","seed_source_timestamp":984122404291100,"circlet_count":0,"master_deck":["AscendersBane","Strike_B","Strike_B","Defend_B","Defend_B","Defend_B","Zap","Dualcast","Fusion+1","Ball Lightning","Doom and Gloom","Gash","Conserve Battery","Machine Learning+1","Go for the Eyes+1","Steam","White Noise"],"relics":["Cracked Core","CultistMask","Bottled Lightning","Centennial Puzzle","Turnip","Frozen Egg 2","Sozu"],"potions_floor_usage":[6],"damage_taken":[{"damage":7,"enemies":"Jaw Worm","floor":1,"turns":3},{"damage":6,"enemies":"Cultist","floor":3,"turns":4},{"damage":32,"enemies":"Gremlin Nob","floor":6,"turns":4},{"damage":5,"enemies":"Small Slimes","floor":12,"turns":3},{"damage":23,"enemies":"Hexaghost","floor":16,"turns":9},{"damage":9,"enemies":"Spheric Guardian","floor":18,"turns":4},{"damage":13,"enemies":"Chosen","floor":19,"turns":4},{"damage":9,"enemies":"Centurion and Healer","floor":20,"turns":4},{"damage":43,"enemies":"Book of Stabbing","floor":23,"turns":5}],"seed_played":"-191352240291927917","potions_obtained":[{"floor":2,"key":"PowerPotion"},{"floor":12,"key":"Energy Potion"}],"is_trial":false,"path_per_floor":["M","?","M","?","$","E","R","$","T","R","?","M","R","T","R","B",null,"M","M","M","?","?","E"],"character_chosen":"DEFECT","items_purchased":["Gash"],"campfire_rested":3,"item_purchase_floors":[8],"current_hp_per_floor":[39,39,33,33,33,1,22,22,22,43,38,33,54,54,54,31,61,52,39,30,44,39,0],"gold":203,"neow_bonus":"REMOVE_TWO","is_prod":false,"is_daily":false,"chose_seed":false,"campfire_upgraded":1,"win_rate":0,"timestamp":1566735995,"path_taken":["M","?","?","?","?","E","R","$","T","R","?","M","R","?","R","BOSS","M","M","M","?","?","E"],"build_version":"2019-07-17","purchased_purges":1,"victory":false,"max_hp_per_floor":[71,71,71,71,71,71,71,71,71,71,71,71,71,71,71,71,71,71,71,71,71,71,71],"card_choices":[{"not_picked":["Sweeping Beam","Streamline"],"picked":"Fusion","floor":1},{"not_picked":["Hologram","Sweeping Beam"],"picked":"Ball Lightning","floor":3},{"not_picked":["Storm","Fusion"],"picked":"Doom and Gloom","floor":6},{"not_picked":["Aggregate","Force Field"],"picked":"Conserve Battery","floor":12},{"not_picked":["Reboot","Amplify"],"picked":"Machine Learning+1","floor":16},{"not_picked":["Stack","Steam"],"picked":"Go for the Eyes+1","floor":18},{"not_picked":["Sweeping Beam","Reprogram"],"picked":"Steam","floor":19},{"not_picked":["Go for the Eyes","Recycle"],"picked":"White Noise","floor":20}],"player_experience":1966190,"relics_obtained":[{"floor":6,"key":"Bottled Lightning"},{"floor":9,"key":"Centennial Puzzle"},{"floor":14,"key":"Frozen Egg 2"}],"event_choices":[{"damage_healed":0,"gold_gain":0,"player_choice":"Bought 1 Potion","damage_taken":0,"max_hp_gain":0,"max_hp_loss":0,"event_name":"The Woman in Blue","floor":2,"gold_loss":0},{"damage_healed":0,"gold_gain":0,"player_choice":"Trade","damage_taken":0,"relics_obtained":["CultistMask"],"max_hp_gain":0,"max_hp_loss":0,"event_name":"FaceTrader","floor":4,"gold_loss":0},{"damage_healed":0,"gold_gain":0,"player_choice":"Success","damage_taken":5,"relics_obtained":["Turnip"],"max_hp_gain":0,"max_hp_loss":0,"event_name":"Scrap Ooze","floor":11,"gold_loss":0},{"damage_healed":14,"gold_gain":0,"player_choice":"Heal","damage_taken":0,"max_hp_gain":0,"max_hp_loss":0,"event_name":"The Library","floor":21,"gold_loss":0},{"damage_healed":0,"gold_gain":0,"player_choice":"Punched","damage_taken":5,"max_hp_gain":0,"max_hp_loss":0,"event_name":"Designer","floor":22,"gold_loss":0}],"is_beta":false,"boss_relics":[{"not_picked":["Snecko Eye","Nuclear Battery"],"picked":"Sozu"}],"items_purged_floors":[8],"is_endless":false,"potions_floor_spawned":[12,18,19],"killed_by":"Book of Stabbing","ascension_level":18}