{"gold_per_floor":[109,121,131,151,151,176,176,195,222,242,242,259,285,210,210,210],"floor_reached":16,"playtime":569,"items_purged":["Strike_R"],"score":211,"play_id":"68db3546-704e-4a7c-a1c6-e82a18336456","local_time":"20190702201209","is_ascension_mode":true,"campfire_choices":[{"data":"Armaments","floor":7,"key":"SMITH"},{"data":"Bludgeon","floor":11,"key":"SMITH"},{"floor":15,"key":"REST"}],"neow_cost":"NONE","seed_source_timestamp":1281683281559100,"circlet_count":0,"master_deck":["AscendersBane","Strike_R","Strike_R","Strike_R","Defend_R","Defend_R","Defend_R","Defend_R","Bash","Bludgeon+1","Armaments+1","Seeing Red","Shrug It Off","True Grit","Body Slam","Seeing Red","Spot Weakness"],"relics":["Burning Blood","Blue Candle","PreservedInsect","Art of War"],"potions_floor_usage":[6,6,12],"damage_taken":[{"damage":1,"enemies":"Cultist","floor":1,"turns":3},{"damage":3,"enemies":"2 Louse","floor":2,"turns":3},{"damage":2,"enemies":"Jaw Worm","floor":3,"turns":3},{"damage":9,"enemies":"2 Fungi Beasts","floor":4,"turns":4},{"damage":50,"enemies":"Gremlin Nob","floor":6,"turns":5},{"damage":0,"enemies":"Exordium Wildlife","floor":8,"turns":6},{"damage":2,"enemies":"Looter","floor":10,"turns":4},{"damage":13,"enemies":"2 Fungi Beasts","floor":12,"turns":5},{"damage":22,"enemies":"3 Sentries","floor":13,"turns":7},{"damage":39,"enemies":"Slime Boss","floor":16,"turns":7}],"seed_played":"-801117365534454109","potions_obtained":[{"floor":1,"key":"Swift Potion"},{"floor":4,"key":"GamblersBrew"},{"floor":10,"key":"Weak Potion"}],"is_trial":false,"path_per_floor":["M","M","M","M","?","E","R","M","T","M","R","M","E","$","R","B"],"character_chosen":"IRONCLAD","items_purchased":[],"campfire_rested":1,"item_purchase_floors":[],"current_hp_per_floor":[73,75,75,72,72,28,28,34,34,38,38,31,15,15,37,0],"gold":210,"neow_bonus":"ONE_RANDOM_RARE_CARD","is_prod":false,"is_daily":false,"chose_seed":false,"campfire_upgraded":2,"win_rate":0,"timestamp":1562091129,"path_taken":["M","M","M","?","?","E","R","M","T","M","R","M","E","$","R","BOSS"],"build_version":"2019-07-01","purchased_purges":1,"victory":false,"max_hp_per_floor":[75,75,75,75,75,75,75,75,75,75,75,75,75,75,75,75],"card_choices":[{"not_picked":["Corruption","Ghostly Armor"],"picked":"Armaments","floor":1},{"not_picked":["Clothesline","Sword Boomerang"],"picked":"Seeing Red","floor":2},{"not_picked":["Sword Boomerang","Evolve"],"picked":"Shrug It Off","floor":3},{"not_picked":["Blood for Blood","Pummel"],"picked":"True Grit","floor":4},{"not_picked":["Wild Strike","Thunderclap","Twin Strike"],"picked":"SKIP","floor":6},{"not_picked":["Armaments","Thunderclap","Pummel"],"picked":"SKIP","floor":8},{"not_picked":["Pummel","Sentinel"],"picked":"Body Slam","floor":10},{"not_picked":["Cleave","True Grit"],"picked":"Seeing Red","floor":12},{"not_picked":["Pummel","Evolve"],"picked":"Spot Weakness","floor":13}],"player_experience":1549098,"relics_obtained":[{"floor":6,"key":"Blue Candle"},{"floor":9,"key":"PreservedInsect"},{"floor":13,"key":"Art of War"}],"event_choices":[{"cards_removed":["Strike_R"],"damage_healed":0,"gold_gain":0,"player_choice":"Forget","damage_taken":0,"max_hp_gain":0,"max_hp_loss":0,"event_name":"Living Wall","floor":5,"gold_loss":0}],"is_beta":false,"boss_relics":[],"items_purged_floors":[14],"is_endless":false,"potions_floor_spawned":[1,4,10],"killed_by":"Slime Boss","ascension_level":17}