{"gold_per_floor":[368,380,380,21,39,39,69,79,79,91,91,108,108,108,108,208,208,193,292,292,34,54,54],"floor_reached":23,"playtime":1077,"items_purged":["Strike_R","Shame"],"score":191,"play_id":"34f41453-5087-4e78-b537-90429d36e7dc","local_time":"20190707233553","is_ascension_mode":false,"campfire_choices":[{"data":"Corruption","floor":6,"key":"SMITH"},{"data":"Juggernaut","floor":11,"key":"SMITH"},{"data":"True Grit","floor":13,"key":"SMITH"},{"data":"Rampage","floor":15,"key":"SMITH"}],"neow_cost":"TEN_PERCENT_HP_LOSS","seed_source_timestamp":957957731406786,"circlet_count":0,"master_deck":["Strike_R","Strike_R","Strike_R","Defend_R","Defend_R+1","Defend_R+1","Defend_R","Bash","Metallicize","Corruption+1","Juggernaut+1","Rampage+1","Sentinel","True Grit+1","Dark Embrace","Decay","Regret","Burning Pact+1","Flame Barrier+1","Adrenaline"],"relics":["Burning Blood","Membership Card","PreservedInsect","Question Card","Mercury Hourglass","Calling Bell","Strawberry","Singing Bowl","WingedGreaves","PrismaticShard","War Paint"],"potions_floor_usage":[10,18,22],"damage_taken":[{"damage":7,"enemies":"Small Slimes","floor":1,"turns":5},{"damage":3,"enemies":"2 Louse","floor":2,"turns":4},{"damage":7,"enemies":"Cultist","floor":5,"turns":4},{"damage":15,"enemies":"Gremlin Nob","floor":7,"turns":5},{"damage":17,"enemies":"Blue Slaver","floor":8,"turns":4},{"damage":0,"enemies":"Gremlin Gang","floor":10,"turns":2},{"damage":0,"enemies":"3 Louse","floor":12,"turns":3},{"damage":11,"enemies":"The Guardian","floor":16,"turns":9},{"damage":33,"enemies":"2 Thieves","floor":18,"turns":5},{"damage":2,"enemies":"3 Byrds","floor":22,"turns":4},{"damage":56,"enemies":"Gremlin Leader","floor":23,"turns":4}],"seed_played":"80599682129172512","potions_obtained":[{"floor":2,"key":"Explosive Potion"},{"floor":10,"key":"EssenceOfSteel"},{"floor":18,"key":"AttackPotion"}],"is_trial":false,"path_per_floor":["M","M","?","$","M","R","E","M","T","M","R","M","R","?","R","B",null,"M","?","?","$","M","E"],"character_chosen":"IRONCLAD","items_purchased":["Membership Card","PreservedInsect","Corruption","Flame Barrier","PrismaticShard","War Paint"],"campfire_rested":0,"item_purchase_floors":[4,4,4,21,21,21],"current_hp_per_floor":[71,72,58,58,57,57,48,37,37,43,43,49,49,49,49,44,79,52,52,52,52,56,0],"gold":54,"neow_bonus":"TWO_FIFTY_GOLD","is_prod":false,"is_daily":false,"chose_seed":false,"campfire_upgraded":4,"win_rate":0,"timestamp":1562556953,"path_taken":["M","M","?","$","M","R","E","M","T","M","R","M","R","?","R","BOSS","M","?","?","$","M","E"],"build_version":"2019-07-05","purchased_purges":2,"victory":false,"max_hp_per_floor":[72,72,72,72,72,72,72,72,72,72,72,72,72,72,72,72,79,79,79,79,79,79,79],"card_choices":[{"not_picked":["Flex","Warcry"],"picked":"Metallicize","floor":1},{"not_picked":["Entrench","Flex","Wild Strike"],"picked":"SKIP","floor":2},{"not_picked":["Clothesline","Entrench"],"picked":"Juggernaut","floor":5},{"not_picked":["Anger","Reckless Charge"],"picked":"Rampage","floor":7},{"not_picked":["Infernal Blade","Twin Strike","Dual Wield"],"picked":"Sentinel","floor":8},{"not_picked":["Flex","Cleave","Anger","Thunderclap"],"picked":"SKIP","floor":10},{"not_picked":["Cleave","Shrug It Off","Anger"],"picked":"True Grit","floor":12},{"not_picked":["Brutality","Impervious","Exhume"],"picked":"Dark Embrace","floor":16},{"not_picked":["Armaments+1","Havoc","Anger"],"picked":"Burning Pact","floor":18},{"not_picked":["Power Through","Rip and Tear+1","Underhanded Strike"],"picked":"Adrenaline","floor":22}],"player_experience":269160,"relics_obtained":[{"floor":7,"key":"Question Card"},{"floor":9,"key":"Mercury Hourglass"},{"floor":17,"key":"Strawberry"},{"floor":17,"key":"Singing Bowl"},{"floor":17,"key":"WingedGreaves"}],"event_choices":[{"damage_healed":0,"gold_gain":0,"player_choice":"Entered Light","damage_taken":14,"max_hp_gain":0,"max_hp_loss":0,"event_name":"Shining Light","floor":3,"gold_loss":0,"cards_upgraded":["Defend_R","Defend_R"]},{"cards_removed":["Strike_R"],"damage_healed":0,"gold_gain":0,"player_choice":"Card Removal","damage_taken":0,"max_hp_gain":0,"max_hp_loss":0,"event_name":"Wheel of Change","floor":14,"gold_loss":0},{"damage_healed":0,"gold_gain":99,"player_choice":"Stole From Cult","damage_taken":0,"max_hp_gain":0,"max_hp_loss":0,"event_name":"Nest","floor":19,"gold_loss":0},{"damage_healed":0,"gold_gain":0,"player_choice":"Bought 0 Potions","damage_taken":0,"max_hp_gain":0,"max_hp_loss":0,"event_name":"The Woman in Blue","floor":20,"gold_loss":0}],"is_beta":false,"boss_relics":[{"not_picked":["Coffee Dripper","Runic Dome"],"picked":"Calling Bell"}],"items_purged_floors":[4,21],"is_endless":false,"potions_floor_spawned":[2,10,18],"killed_by":"Gremlin Leader","ascension_level":0}