{"gold_per_floor":[116,266,281,300,317,317,349,349,349,349,81,95,95,109,109,202,202,215,215],"floor_reached":19,"playtime":645,"items_purged":["Doubt"],"score":313,"play_id":"7515b1d1-6e2b-47f7-8cb0-09065f3cfad8","local_time":"20190722021100","is_ascension_mode":true,"campfire_choices":[{"data":"Zap","floor":6,"key":"SMITH"},{"data":"Darkness","floor":8,"key":"SMITH"},{"data":"Darkness","floor":13,"key":"SMITH"},{"floor":15,"key":"REST"}],"neow_cost":"NONE","seed_source_timestamp":58755736245600,"circlet_count":0,"master_deck":["AscendersBane","Strike_B","Strike_B","Strike_B","Defend_B","Defend_B","Defend_B","Defend_B","Zap+1","Dualcast","Steam","Leap","Darkness+1","Auto Shields","Force Field","Storm","Injury","Loop","Madness","Darkness+1","Compile Driver","Buffer","Tempest+1"],"relics":["Cracked Core","Shuriken","Bottled Lightning","Golden Idol","Eternal Feather"],"potions_floor_usage":[4,12,14],"damage_taken":[{"damage":0,"enemies":"2 Louse","floor":1,"turns":4},{"damage":5,"enemies":"Small Slimes","floor":3,"turns":5},{"damage":7,"enemies":"Jaw Worm","floor":4,"turns":4},{"damage":5,"enemies":"2 Fungi Beasts","floor":5,"turns":5},{"damage":10,"enemies":"Lagavulin","floor":7,"turns":7},{"damage":1,"enemies":"3 Louse","floor":12,"turns":3},{"damage":3,"enemies":"Exordium Wildlife","floor":14,"turns":6},{"damage":41,"enemies":"The Guardian","floor":16,"turns":9},{"damage":30,"enemies":"Chosen","floor":18,"turns":7},{"damage":27,"enemies":"3 Byrds","floor":19,"turns":2}],"seed_played":"-3774073948731445237","potions_obtained":[{"floor":3,"key":"FocusPotion"},{"floor":5,"key":"SteroidPotion"},{"floor":7,"key":"SkillPotion"},{"floor":12,"key":"PowerPotion"}],"is_trial":false,"path_per_floor":["M","?","M","M","M","R","E","R","T","?","$","M","R","M","R","B",null,"M","M"],"character_chosen":"DEFECT","items_purchased":["Loop","Madness"],"campfire_rested":1,"item_purchase_floors":[11,11],"current_hp_per_floor":[64,64,59,52,47,47,37,37,37,37,37,36,36,33,54,13,57,27,0],"gold":215,"neow_bonus":"TRANSFORM_CARD","is_prod":false,"is_daily":false,"chose_seed":false,"campfire_upgraded":3,"win_rate":0,"timestamp":1563754260,"path_taken":["M","?","M","M","M","R","E","R","T","?","$","M","R","M","R","BOSS","M","M"],"build_version":"2019-07-17","purchased_purges":1,"victory":false,"max_hp_per_floor":[71,71,71,71,71,71,71,71,71,71,71,71,71,71,71,71,71,71,71],"card_choices":[{"not_picked":["Streamline","Steam"],"picked":"Leap","floor":1},{"not_picked":["Aggregate","Turbo"],"picked":"Darkness","floor":3},{"not_picked":["Rebound","Self Repair"],"picked":"Auto Shields","floor":4},{"not_picked":["Barrage","Rebound"],"picked":"Force Field","floor":5},{"not_picked":["Hello World","Redo"],"picked":"Storm","floor":7},{"not_picked":["Rip and Tear","Ball Lightning"],"picked":"Darkness","floor":12},{"not_picked":["Sweeping Beam","Loop"],"picked":"Compile Driver","floor":14},{"not_picked":["Hyperbeam","Electrodynamics"],"picked":"Buffer","floor":16},{"not_picked":["Stack","Ball Lightning"],"picked":"Tempest+1","floor":18}],"player_experience":1724948,"relics_obtained":[{"floor":7,"key":"Shuriken"},{"floor":9,"key":"Bottled Lightning"}],"event_choices":[{"damage_healed":0,"gold_gain":150,"player_choice":"AGREE","damage_taken":0,"max_hp_gain":0,"max_hp_loss":0,"event_name":"Liars Game","floor":2,"gold_loss":0,"cards_obtained":["Doubt"]},{"damage_healed":0,"gold_gain":0,"player_choice":"Take Wound","damage_taken":0,"relics_obtained":["Golden Idol"],"max_hp_gain":0,"max_hp_loss":0,"event_name":"Golden Idol","floor":10,"gold_loss":0,"cards_obtained":["Injury"]}],"is_beta":false,"boss_relics":[{"not_picked":["Snecko Eye","Orrery"],"picked":"Eternal Feather"}],"items_purged_floors":[11],"is_endless":false,"potions_floor_spawned":[3,5,7,12],"killed_by":"3 Byrds","ascension_level":17}