{"gold_per_floor":[317,63,74,86,100,100,115,115,115,143,143,173,19,54,54,128,128,142,142],"floor_reached":19,"playtime":1091,"items_purged":["Strike_R"],"score":386,"play_id":"3195dfea-877a-4de1-a5a8-fba41b7a3915","local_time":"20180907144014","is_ascension_mode":true,"campfire_choices":[{"data":"Bash","floor":6,"key":"SMITH"},{"data":"Clothesline","floor":8,"key":"SMITH"},{"data":"Uppercut","floor":11,"key":"SMITH"},{"floor":15,"key":"REST"}],"neow_cost":"NO_GOLD","seed_source_timestamp":1741208227101696,"circlet_count":0,"master_deck":["Strike_R","Defend_R","Defend_R","Defend_R","Defend_R","Bash+1","AscendersBane","Clothesline+1","Evolve","True Grit","Ghostly Armor","Cleave","Pummel","Twin Strike","Uppercut+1","Whirlwind","Demon Form","Bloodletting+1","Berserk+1","Limit Break+1","Anger"],"relics":["Burning Blood","Old Coin","Sundial","The Courier","Membership Card","Bag of Preparation","Astrolabe"],"potions_floor_usage":[7,16,16],"damage_taken":[{"damage":1,"enemies":"Cultist","floor":1,"turns":3},{"damage":8,"enemies":"Small Slimes","floor":3,"turns":4},{"damage":0,"enemies":"2 Louse","floor":4,"turns":3},{"damage":8,"enemies":"2 Fungi Beasts","floor":5,"turns":4},{"damage":13,"enemies":"Exordium Wildlife","floor":7,"turns":5},{"damage":33,"enemies":"3 Sentries","floor":10,"turns":8},{"damage":35,"enemies":"Lagavulin","floor":14,"turns":7},{"damage":0,"enemies":"Slime Boss","floor":16,"turns":7},{"damage":45,"enemies":"Chosen","floor":18,"turns":7},{"damage":29,"enemies":"Colosseum Slavers","floor":19,"turns":2}],"seed_played":"8130492115909953190","potions_obtained":[{"floor":7,"key":"Swift Potion"},{"floor":14,"key":"SteroidPotion"}],"is_trial":false,"path_per_floor":["M","$","M","M","M","R","M","R","T","E","R","?","$","E","R","B",null,"M"],"character_chosen":"IRONCLAD","items_purchased":["Fire Potion","Fire Potion","Evolve","True Grit","Membership Card"],"campfire_rested":1,"item_purchase_floors":[2,2,2,2,13],"current_hp_per_floor":[73,73,71,75,73,73,66,66,66,39,39,39,39,10,32,38,66,27,0],"gold":142,"neow_bonus":"ONE_RARE_RELIC","is_prod":false,"is_daily":false,"chose_seed":false,"campfire_upgraded":3,"win_rate":0,"timestamp":1536327614,"path_taken":["M","$","M","M","M","R","M","R","T","E","R","?","$","E","R","BOSS","M","?"],"build_version":"2018-09-06","purchased_purges":1,"victory":false,"max_hp_per_floor":[75,75,75,75,75,75,75,75,75,75,75,75,75,75,75,75,75,75,75],"card_choices":[{"not_picked":["Wild Strike","Infernal Blade"],"picked":"Clothesline","floor":1},{"not_picked":["Burning Pact","Heavy Blade"],"picked":"Ghostly Armor","floor":3},{"not_picked":["Havoc","Warcry"],"picked":"Cleave","floor":4},{"not_picked":["Clash","Flex"],"picked":"Pummel","floor":5},{"not_picked":["Warcry","Perfected Strike"],"picked":"Twin Strike","floor":7},{"not_picked":["Anger","Shockwave"],"picked":"Uppercut","floor":10},{"not_picked":["Battle Trance","Flex"],"picked":"Whirlwind","floor":14},{"not_picked":["Impervious","Double Tap"],"picked":"Demon Form","floor":16},{"not_picked":["Havoc","Heavy Blade"],"picked":"Anger","floor":18}],"player_experience":655403,"relics_obtained":[{"floor":9,"key":"Sundial"},{"floor":10,"key":"The Courier"},{"floor":14,"key":"Bag of Preparation"}],"event_choices":[{"event_name":"Dead Adventurer","player_choice":"Searched \u00272\u0027 times","floor":12,"damage_taken":0},{"event_name":"Colosseum","player_choice":"Fight","floor":19,"damage_taken":0}],"is_beta":false,"boss_relics":[{"not_picked":["Black Star","Coffee Dripper"],"picked":"Astrolabe"}],"items_purged_floors":[2],"is_endless":false,"potions_floor_spawned":[3,5,7,14],"killed_by":"Colosseum Slavers","ascension_level":14}