{"gold_per_floor":[109,109,109,134,134,204,228,241,241,241,15,54,54,88,88,184,184,199,220,55,55,55],"floor_reached":22,"playtime":715,"items_purged":["Injury"],"score":512,"play_id":"63c2dc7b-864a-443e-88c3-3f7d70f70ccf","local_time":"20190808191153","is_ascension_mode":true,"campfire_choices":[{"data":"White Noise","floor":10,"key":"SMITH"},{"data":"Apotheosis","floor":13,"key":"SMITH"},{"floor":15,"key":"REST"}],"neow_cost":"NONE","seed_source_timestamp":526357604384999,"circlet_count":0,"master_deck":["AscendersBane","Zap+1","Dualcast","White Noise+1","Conserve Battery","Static Discharge","Storm","Ball Lightning","Apotheosis+1","Stack","Steam","Reinforced Body","Leap","Echo Form","Storm","Creative AI","Creative AI","Consume","Capacitor","Chill","Reprogram","Rainbow","Barrage","Cold Snap","Conserve Battery","Glacier"],"relics":["Cracked Core","NeowsBlessing","Golden Idol","Tiny Chest","The Courier","WingedGreaves","Bottled Flame","Pandora\u0027s Box","Enchiridion"],"potions_floor_usage":[8,16,16],"damage_taken":[{"damage":0,"enemies":"2 Louse","floor":1,"turns":1},{"damage":0,"enemies":"Small Slimes","floor":4,"turns":1},{"damage":0,"enemies":"Gremlin Nob","floor":6,"turns":1},{"damage":5,"enemies":"Cultist","floor":7,"turns":4},{"damage":25,"enemies":"Lots of Slimes","floor":8,"turns":2},{"damage":5,"enemies":"Lagavulin","floor":12,"turns":7},{"damage":20,"enemies":"3 Sentries","floor":14,"turns":5},{"damage":0,"enemies":"The Guardian","floor":16,"turns":14},{"damage":27,"enemies":"Shell Parasite","floor":18,"turns":5},{"damage":7,"enemies":"Chosen","floor":19,"turns":4},{"damage":16,"enemies":"Snake Plant","floor":22,"turns":1}],"seed_played":"2121472251834839531","potions_obtained":[{"floor":1,"key":"FearPotion"},{"floor":4,"key":"Poison Potion"},{"floor":12,"key":"Strength Potion"},{"floor":18,"key":"GamblersBrew"},{"floor":19,"key":"LiquidBronze"}],"is_trial":false,"path_per_floor":["M","?","?","M","?","E","M","M","T","R","$","E","R","E","R","B",null,"M","M","$","?","M"],"character_chosen":"DEFECT","items_purchased":["Apotheosis","Stack","Steam","Conserve Battery","Glacier"],"campfire_rested":1,"item_purchase_floors":[11,11,11,20,20],"current_hp_per_floor":[64,64,69,69,69,69,64,39,39,39,39,34,34,14,36,36,66,39,32,32,11,0],"gold":55,"neow_bonus":"THREE_ENEMY_KILL","is_prod":false,"is_daily":false,"chose_seed":false,"campfire_upgraded":2,"win_rate":0,"timestamp":1565284313,"path_taken":["M","?","?","M","?","E","M","?","T","R","?","E","R","E","R","BOSS","M","?","$","?","M"],"build_version":"2019-07-17","purchased_purges":1,"victory":false,"max_hp_per_floor":[71,71,76,76,76,76,76,76,76,76,76,76,76,76,76,76,76,76,76,76,76,76],"card_choices":[{"not_picked":["Force Field","Streamline"],"picked":"White Noise","floor":1},{"not_picked":["Hologram","Gash"],"picked":"Conserve Battery","floor":4},{"not_picked":["Cold Snap","Leap"],"picked":"Static Discharge","floor":6},{"not_picked":["Redo","Streamline"],"picked":"Storm","floor":7},{"not_picked":["Consume","Skim"],"picked":"Ball Lightning","floor":8},{"not_picked":["Stack","Steam"],"picked":"Reinforced Body","floor":12},{"not_picked":["Reboot","Redo"],"picked":"Leap","floor":14},{"not_picked":["Reboot","Hyperbeam"],"picked":"Echo Form","floor":16},{"not_picked":["Gash","Ball Lightning+1"],"picked":"Barrage","floor":18},{"not_picked":["Auto Shields+1","Storm"],"picked":"Cold Snap","floor":19}],"player_experience":1830410,"relics_obtained":[{"floor":6,"key":"Tiny Chest"},{"floor":9,"key":"The Courier"},{"floor":12,"key":"WingedGreaves"},{"floor":14,"key":"Bottled Flame"},{"floor":21,"key":"Enchiridion"}],"event_choices":[{"damage_healed":0,"gold_gain":0,"player_choice":"Take Wound","damage_taken":0,"relics_obtained":["Golden Idol"],"max_hp_gain":0,"max_hp_loss":0,"event_name":"Golden Idol","floor":2,"gold_loss":0,"cards_obtained":["Injury"]},{"damage_healed":0,"gold_gain":0,"player_choice":"Donut","damage_taken":0,"max_hp_gain":5,"max_hp_loss":0,"event_name":"Big Fish","floor":3,"gold_loss":0},{"damage_healed":0,"gold_gain":0,"player_choice":"Forge","damage_taken":0,"max_hp_gain":0,"max_hp_loss":0,"event_name":"Accursed Blacksmith","floor":5,"gold_loss":0,"cards_upgraded":["Zap"]},{"damage_healed":0,"gold_gain":0,"player_choice":"Obtained Book","damage_taken":21,"max_hp_gain":0,"max_hp_loss":0,"event_name":"Cursed Tome","floor":21,"gold_loss":0}],"is_beta":false,"boss_relics":[{"not_picked":["Runic Dome","Ectoplasm"],"picked":"Pandora\u0027s Box"}],"items_purged_floors":[20],"is_endless":false,"potions_floor_spawned":[1,4,12,18,19],"killed_by":"Snake Plant","ascension_level":17}