{"gold_per_floor":[369,369,369,17,37,37,56,68,120,90,90,101,101,135,135,214,264,281,90,103,103,118,118,118,118,118,118,18,49,59,77,77,154,154,168,168,43,43,63,63,63,74,74,86,100,28,28,28,28,28],"floor_reached":50,"playtime":2161,"items_purged":["Defend_G","Strike_G","Strike_G"],"score":800,"play_id":"bc2f52f3-33cc-44f9-bff6-8fc597ef6955","local_time":"20190306211436","is_ascension_mode":true,"campfire_choices":[{"data":"Neutralize","floor":6,"key":"SMITH"},{"data":"Dagger Spray","floor":11,"key":"SMITH"},{"data":"Finisher","floor":13,"key":"SMITH"},{"floor":15,"key":"REST"},{"data":"Skewer","floor":23,"key":"SMITH"},{"data":"Well Laid Plans","floor":25,"key":"SMITH"},{"data":"Riddle With Holes","floor":27,"key":"SMITH"},{"data":"Noxious Fumes","floor":32,"key":"SMITH"},{"data":"Chrysalis","floor":40,"key":"SMITH"},{"floor":49,"key":"REST"}],"neow_cost":"PERCENT_DAMAGE","seed_source_timestamp":57177212973600,"circlet_count":0,"master_deck":["AscendersBane","Defend_G+1","Defend_G+1","Defend_G","Strike_G","Strike_G","Survivor","Neutralize+1","Dagger Spray+1","PiercingWail","Blur","Backflip","Finisher+1","Bullet Time+1","Backflip","Riddle With Holes+1","Well Laid Plans+1","Escape Plan","Cloak And Dagger","Skewer+1","Leg Sweep+1","Blade Dance","Noxious Fumes+1","Phantasmal Killer","Dash+1","The Bomb","Chrysalis+1","Deadly Poison","Flechettes+1","Parasite","Noxious Fumes+1","PiercingWail","Writhe"],"relics":["Ring of the Snake","Blood Vial","Kunai","Pen Nib","Boot","Tiny House","Enchiridion","Thread and Needle","Art of War","Cursed Key","Bottled Lightning"],"potions_floor_usage":[4,22,29,29,33,35,44,50,50],"damage_taken":[{"damage":2,"enemies":"Jaw Worm","floor":1,"turns":6},{"damage":0,"enemies":"2 Louse","floor":5,"turns":3},{"damage":0,"enemies":"Cultist","floor":7,"turns":4},{"damage":4,"enemies":"2 Fungi Beasts","floor":8,"turns":4},{"damage":0,"enemies":"Looter","floor":10,"turns":4},{"damage":0,"enemies":"Exordium Thugs","floor":12,"turns":6},{"damage":6,"enemies":"3 Sentries","floor":14,"turns":6},{"damage":17,"enemies":"The Guardian","floor":16,"turns":20},{"damage":0,"enemies":"3 Byrds","floor":18,"turns":5},{"damage":0,"enemies":"Spheric Guardian","floor":20,"turns":1},{"damage":0,"enemies":"Snecko","floor":22,"turns":7},{"damage":0,"enemies":"Slavers","floor":29,"turns":2},{"damage":0,"enemies":"Sentry and Sphere","floor":30,"turns":4},{"damage":0,"enemies":"Centurion and Healer","floor":31,"turns":6},{"damage":30,"enemies":"Automaton","floor":33,"turns":12},{"damage":13,"enemies":"3 Shapes","floor":35,"turns":3},{"damage":6,"enemies":"3 Darklings","floor":39,"turns":5},{"damage":11,"enemies":"Jaw Worm Horde","floor":42,"turns":3},{"damage":30,"enemies":"Transient","floor":44,"turns":5},{"damage":0,"enemies":"4 Shapes","floor":45,"turns":4},{"damage":82,"enemies":"Time Eater","floor":50,"turns":6}],"seed_played":"5490559655521888686","potions_obtained":[{"floor":12,"key":"Ancient Potion"},{"floor":14,"key":"Ancient Potion"},{"floor":17,"key":"SkillPotion"},{"floor":22,"key":"LiquidBronze"},{"floor":29,"key":"GamblersBrew"},{"floor":33,"key":"FearPotion"},{"floor":42,"key":"AttackPotion"},{"floor":44,"key":"LiquidBronze"}],"is_trial":false,"path_per_floor":["M","?","?","$","M","R","M","M","T","M","R","M","R","E","R","B",null,"M","$","M","?","M","R","?","R","T","R","$","E","M","M","R","B",null,"M","?","$","?","M","R","?","M","T","M","M","$","?","?","R","B"],"character_chosen":"THE_SILENT","items_purchased":["Fruit Juice","Kunai","Well Laid Plans","Escape Plan","Regen Potion"],"campfire_rested":2,"item_purchase_floors":[4,4,19,19,46],"current_hp_per_floor":[43,29,29,34,36,36,38,36,36,38,38,40,40,36,58,43,72,74,74,76,76,78,78,62,62,62,62,62,64,66,68,68,40,70,59,59,59,54,50,50,50,41,41,13,15,15,35,35,59,0],"gold":28,"neow_bonus":"TWO_FIFTY_GOLD","is_prod":false,"is_daily":false,"chose_seed":false,"campfire_upgraded":8,"win_rate":0,"timestamp":1551903276,"path_taken":["M","?","?","$","M","R","M","?","T","M","R","M","R","E","R","BOSS","M","$","M","?","M","R","?","R","T","R","$","E","?","M","R","BOSS","M","?","$","?","M","R","?","?","T","M","M","$","?","?","R","BOSS"],"build_version":"2019-01-23","purchased_purges":3,"victory":false,"max_hp_per_floor":[70,70,70,75,75,75,75,75,75,75,75,75,75,75,75,75,80,80,80,80,80,80,80,80,80,80,80,80,80,80,80,80,80,80,80,80,80,80,80,80,80,80,80,80,80,80,80,80,80,80],"card_choices":[{"not_picked":["Deadly Poison","Bane"],"picked":"Cloak And Dagger","floor":1},{"not_picked":["Poisoned Stab","Sucker Punch"],"picked":"Dagger Spray","floor":5},{"not_picked":["Catalyst","Acrobatics"],"picked":"PiercingWail","floor":7},{"not_picked":["Heel Hook","Prepared"],"picked":"Blur","floor":8},{"not_picked":["Underhanded Strike","All Out Attack"],"picked":"Backflip","floor":10},{"not_picked":["Slice","Distraction"],"picked":"Finisher","floor":12},{"not_picked":["PiercingWail","Dagger Spray","Bane"],"picked":"SKIP","floor":14},{"not_picked":["Doppelganger","Malaise"],"picked":"Bullet Time","floor":16},{"not_picked":["Dagger Spray","Noxious Fumes"],"picked":"Backflip","floor":17},{"not_picked":["Dagger Throw","Concentrate+1"],"picked":"Riddle With Holes","floor":18},{"not_picked":["Dagger Throw","Dodge and Roll"],"picked":"Cloak And Dagger","floor":20},{"not_picked":["Setup","Storm of Steel","Underhanded Strike+1"],"picked":"SKIP","floor":22},{"not_picked":["Noxious Fumes","Dodge and Roll"],"picked":"Leg Sweep","floor":29},{"not_picked":["Escape Plan","Backstab"],"picked":"Blade Dance","floor":30},{"not_picked":["Skewer","Tactician"],"picked":"Noxious Fumes","floor":31},{"not_picked":["Glass Knife","Tools of the Trade"],"picked":"Phantasmal Killer","floor":33},{"not_picked":["Escape Plan","Acrobatics+1"],"picked":"Dash+1","floor":35},{"not_picked":["PanicButton","Dramatic Entrance"],"picked":"The Bomb","floor":38},{"not_picked":["Swift Strike","Purity"],"picked":"Chrysalis","floor":38},{"not_picked":["Sucker Punch","PiercingWail"],"picked":"Deadly Poison","floor":39},{"not_picked":["Dodge and Roll","Bane+1"],"picked":"Flechettes+1","floor":42},{"not_picked":["Well Laid Plans","Underhanded Strike"],"picked":"Noxious Fumes+1","floor":44},{"not_picked":["Bane","Dagger Throw"],"picked":"PiercingWail","floor":45}],"player_experience":950949,"relics_obtained":[{"floor":9,"key":"Pen Nib"},{"floor":14,"key":"Boot"},{"floor":24,"key":"Enchiridion"},{"floor":26,"key":"Thread and Needle"},{"floor":29,"key":"Art of War"},{"floor":43,"key":"Bottled Lightning"}],"event_choices":[{"damage_healed":0,"gold_gain":0,"player_choice":"Entered Light","damage_taken":14,"max_hp_gain":0,"max_hp_loss":0,"event_name":"Shining Light","floor":2,"gold_loss":0,"cards_upgraded":["Defend_G","Defend_G"]},{"cards_removed":["Cloak And Dagger"],"damage_healed":0,"gold_gain":0,"player_choice":"Gave Card","damage_taken":0,"relics_obtained":["Blood Vial"],"max_hp_gain":0,"max_hp_loss":0,"event_name":"WeMeetAgain","floor":3,"gold_loss":0},{"damage_healed":0,"gold_gain":0,"cards_transformed":["Defend_G","Strike_G"],"player_choice":"Became Test Subject","damage_taken":0,"max_hp_gain":0,"max_hp_loss":0,"event_name":"Drug Dealer","floor":21,"gold_loss":0,"cards_obtained":["Skewer","Catalyst"]},{"damage_healed":0,"gold_gain":0,"player_choice":"Obtained Book","damage_taken":16,"max_hp_gain":0,"max_hp_loss":0,"event_name":"Cursed Tome","floor":24,"gold_loss":0},{"damage_healed":0,"gold_gain":0,"player_choice":"Ignored","damage_taken":0,"max_hp_gain":0,"max_hp_loss":0,"event_name":"Tomb of Lord Red Mask","floor":36,"gold_loss":0},{"damage_healed":0,"gold_gain":0,"player_choice":"Memory 2","damage_taken":5,"max_hp_gain":0,"max_hp_loss":0,"event_name":"SensoryStone","floor":38,"gold_loss":0},{"damage_healed":0,"gold_gain":0,"player_choice":"Forge","damage_taken":0,"max_hp_gain":0,"max_hp_loss":0,"event_name":"Accursed Blacksmith","floor":41,"gold_loss":0,"cards_upgraded":["Leg Sweep"]},{"damage_healed":20,"gold_gain":0,"player_choice":"Writhe","damage_taken":0,"max_hp_gain":0,"max_hp_loss":0,"event_name":"Winding Halls","floor":47,"gold_loss":0,"cards_obtained":["Writhe"]},{"cards_removed":["Catalyst"],"damage_healed":0,"gold_gain":0,"player_choice":"Removed Skill","damage_taken":0,"max_hp_gain":0,"max_hp_loss":0,"event_name":"Falling","floor":48,"gold_loss":0}],"is_beta":false,"boss_relics":[{"not_picked":["Sozu","Fusion Hammer"],"picked":"Tiny House"},{"not_picked":["White Beast Statue","Velvet Choker"],"picked":"Cursed Key"}],"items_purged_floors":[19,28,37],"is_endless":false,"potions_floor_spawned":[12,14,22,29,33,42,44],"killed_by":"Time Eater","ascension_level":13}