{"gold_per_floor":[110,110,110,110,24,24,49,49,49,124,124,144,144,109,109,109],"floor_reached":16,"playtime":596,"items_purged":[],"score":184,"play_id":"61157a5d-0aa5-4d97-ba8a-3bfcab9f8b87","local_time":"20190619220315","is_ascension_mode":true,"campfire_choices":[{"data":"Shockwave","floor":6,"key":"SMITH"},{"data":"Bash","floor":11,"key":"SMITH"},{"floor":13,"key":"REST"},{"data":"Body Slam","floor":15,"key":"SMITH"}],"neow_cost":"NONE","seed_source_timestamp":237404935323885,"circlet_count":0,"master_deck":["AscendersBane","Strike_R","Strike_R","Strike_R","Strike_R","Defend_R","Defend_R","Defend_R","Defend_R","Bash+1","Shockwave+1","Second Wind","Feel No Pain","Battle Trance","Body Slam+1"],"relics":["Burning Blood","Juzu Bracelet","Centennial Puzzle","Singing Bowl","Odd Mushroom"],"potions_floor_usage":[1,16],"damage_taken":[{"damage":11,"enemies":"Jaw Worm","floor":1,"turns":5},{"damage":31,"enemies":"3 Sentries","floor":7,"turns":19},{"damage":26,"enemies":"The Mushroom Lair","floor":12,"turns":6},{"damage":70,"enemies":"Slime Boss","floor":16,"turns":9}],"seed_played":"-1652691119731692169","potions_obtained":[{"floor":1,"key":"Fruit Juice"},{"floor":12,"key":"SkillPotion"}],"is_trial":false,"path_per_floor":["M","?","$","?","$","R","E","$","T","?","R","?","R","?","R","B"],"character_chosen":"IRONCLAD","items_purchased":["Feel No Pain"],"campfire_rested":1,"item_purchase_floors":[5],"current_hp_per_floor":[68,68,68,73,73,73,48,48,48,37,37,17,42,63,63,0],"gold":109,"neow_bonus":"RANDOM_COMMON_RELIC","is_prod":false,"is_daily":false,"chose_seed":false,"campfire_upgraded":3,"win_rate":0,"timestamp":1560978195,"path_taken":["M","?","$","?","$","R","E","?","T","?","R","?","R","?","R","BOSS"],"build_version":"2019-01-23","purchased_purges":0,"victory":false,"max_hp_per_floor":[80,80,80,85,85,85,85,85,85,85,85,85,85,85,85,85],"card_choices":[{"not_picked":["Wild Strike","Iron Wave"],"picked":"Shockwave","floor":1},{"not_picked":["Flex","Hemokinesis"],"picked":"Battle Trance","floor":7},{"not_picked":["Thunderclap","Pummel"],"picked":"Body Slam","floor":12}],"player_experience":1093051,"relics_obtained":[{"floor":7,"key":"Centennial Puzzle"},{"floor":9,"key":"Singing Bowl"},{"floor":12,"key":"Odd Mushroom"}],"event_choices":[{"damage_healed":0,"gold_gain":0,"cards_transformed":["Strike_R"],"player_choice":"Change","damage_taken":0,"max_hp_gain":0,"max_hp_loss":0,"event_name":"Living Wall","floor":2,"gold_loss":0,"cards_obtained":["Second Wind"]},{"damage_healed":0,"gold_gain":0,"player_choice":"Donut","damage_taken":0,"max_hp_gain":5,"max_hp_loss":0,"event_name":"Big Fish","floor":4,"gold_loss":0},{"damage_healed":0,"gold_gain":75,"player_choice":"Gather Gold","damage_taken":11,"max_hp_gain":0,"max_hp_loss":0,"event_name":"World of Goop","floor":10,"gold_loss":0},{"damage_healed":0,"gold_gain":0,"player_choice":"Fought Mushrooms","damage_taken":0,"max_hp_gain":0,"max_hp_loss":0,"event_name":"Mushrooms","floor":12,"gold_loss":0},{"damage_healed":21,"gold_gain":0,"player_choice":"Healed","damage_taken":0,"max_hp_gain":0,"max_hp_loss":0,"event_name":"The Cleric","floor":14,"gold_loss":35}],"is_beta":false,"boss_relics":[],"items_purged_floors":[],"is_endless":false,"potions_floor_spawned":[1,12],"killed_by":"Slime Boss","ascension_level":20}