{"path_per_floor":["M","$","M","?","M","E","M","E","T","R","$","E","?","?","R","B",null,"M","?","M","M","?","R"],"character_chosen":"IRONCLAD","items_purchased":["Toolbox"],"gold_per_floor":[109,109,120,120,135,160,178,211,258,258,1,35,35,35,35,130,130,140,140,157,172,172,172],"floor_reached":24,"campfire_rested":1,"playtime":865,"current_hp_per_floor":[78,78,80,80,80,60,38,26,26,26,26,26,26,26,50,10,63,48,48,38,11,37,37],"items_purged":[],"gold":172,"score":289,"play_id":"274a9dd0-77b7-487d-aec8-e23476da1799","is_prod":false,"is_daily":false,"is_ascension_mode":true,"campfire_upgraded":2,"path_taken":["M","$","M","?","?","E","M","E","T","R","$","E","?","?","R","BOSS","M","?","M","M","?","R","E"],"build_version":"2018-02-15-PROD1","purchased_purges":0,"victory":false,"master_deck":["Strike_R","Strike_R","Strike_R","Strike_R","Defend_R","Defend_R","Defend_R","Bash","Twin Strike","Pommel Strike","Limit Break+1","Shockwave","Perfected Strike","Warcry","Corruption","Intimidate+1","Juggernaut","Reaper","Twin Strike+1","Inflame+1","Iron Wave"],"max_hp_per_floor":[80,80,80,80,80,80,80,80,80,80,80,80,80,80,80,80,80,80,80,80,80,80,80],"relics":["Burning Blood","NeowsBlessing","Prayer Wheel","Vajra","Orichalcum","Toolbox","Ginger","Black Star"],"card_choices":[{"not_picked":["True Grit","Carnage"],"picked":"Twin Strike"},{"not_picked":["Sever Soul","Sentinel"],"picked":"Pommel Strike"},{"not_picked":["True Grit","Battle Trance"],"picked":"Shockwave"},{"not_picked":["Spot Weakness","Sentinel"],"picked":"Perfected Strike"},{"not_picked":["Reckless Charge","Exhume"],"picked":"Warcry"},{"not_picked":["Havoc","Headbutt"],"picked":"Corruption"},{"not_picked":["Sword Boomerang","Twin Strike"],"picked":"Intimidate"},{"not_picked":["Clothesline","Warcry"],"picked":"Juggernaut"},{"not_picked":["Bludgeon","Barricade"],"picked":"Reaper"},{"not_picked":["Burning Pact","Heavy Blade"],"picked":"Twin Strike"},{"not_picked":["Dual Wield","Heavy Blade"],"picked":"Inflame"},{"not_picked":["True Grit","Clash"],"picked":"Iron Wave"}],"player_experience":224312,"potions_floor_usage":[8,8,8,16,16,16,21],"damage_taken":[{"damage":0,"enemies":"Small Slimes","floor":1,"turns":1},{"damage":0,"enemies":"2 Louse","floor":3,"turns":1},{"damage":0,"enemies":"Jaw Worm","floor":5,"turns":1},{"damage":26,"enemies":"Gremlin Nob","floor":6,"turns":4},{"damage":28,"enemies":"Red Slaver","floor":7,"turns":5},{"damage":18,"enemies":"3 Sentries","floor":8,"turns":4},{"damage":6,"enemies":"Gremlin Nob","floor":12,"turns":3},{"damage":46,"enemies":"Slime Boss","floor":16,"turns":10},{"damage":21,"enemies":"Spheric Guardian","floor":18,"turns":4},{"damage":16,"enemies":"2 Thieves","floor":20,"turns":4},{"damage":34,"enemies":"Snake Plant","floor":21,"turns":4},{"damage":71,"enemies":"Gremlin Leader","floor":24,"turns":6}],"event_choices":[{"event_name":"Living Wall","player_choice":"Change","floor":4,"damage_taken":0},{"event_name":"The Lab","player_choice":"Got Potions","floor":13,"damage_taken":0},{"event_name":"Purifier","player_choice":"One Purge","floor":14,"damage_taken":0},{"event_name":"Match and Keep!","player_choice":"0 cards matched","floor":19,"damage_taken":0},{"event_name":"The Library","player_choice":"Heal","floor":22,"damage_taken":0}],"boss_relics":[{"not_picked":["Eternal Feather","Snecko Eye"],"picked":"Black Star"}],"potions_floor_spawned":[3,5,7,16,18,20],"seed_played":"4070569418402947869","killed_by":"Gremlin Leader","ascension_level":7,"is_trial":false}