{"gold_per_floor":[18,38,54,71,83,118,118,148,160,16,16,16,16],"floor_reached":13,"playtime":469,"items_purged":["Strike_R"],"score":95,"play_id":"f04f1dce-8b9e-4140-beb2-9bf624308d90","local_time":"20190608172635","is_ascension_mode":false,"campfire_choices":[{"floor":7,"key":"REST"}],"neow_cost":"NO_GOLD","seed_source_timestamp":1296912372971277,"circlet_count":0,"master_deck":["Strike_R","Strike_R","Strike_R","Defend_R","Defend_R","Defend_R","Defend_R","Bash","Demon Form","Pommel Strike","Feed","Whirlwind+1"],"relics":["Burning Blood","Molten Egg 2","MawBank","Self Forming Clay","Singing Bowl"],"potions_floor_usage":[6,6,13],"damage_taken":[{"damage":6,"enemies":"Cultist","floor":1,"turns":3},{"damage":9,"enemies":"Small Slimes","floor":2,"turns":3},{"damage":6,"enemies":"Jaw Worm","floor":3,"turns":4},{"damage":11,"enemies":"Blue Slaver","floor":4,"turns":4},{"damage":11,"enemies":"2 Fungi Beasts","floor":5,"turns":4},{"damage":31,"enemies":"3 Sentries","floor":6,"turns":7},{"damage":36,"enemies":"Gremlin Nob","floor":8,"turns":5},{"damage":12,"enemies":"Exordium Thugs","floor":13,"turns":2}],"seed_played":"-237845139319986885","potions_obtained":[{"floor":2,"key":"Strength Potion"},{"floor":5,"key":"Block Potion"},{"floor":6,"key":"Swift Potion"}],"is_trial":false,"path_per_floor":["M","M","M","M","M","E","R","E","T","$","?","?","M"],"character_chosen":"IRONCLAD","items_purchased":["Whirlwind+1"],"campfire_rested":1,"item_purchase_floors":[10],"current_hp_per_floor":[80,77,77,72,67,45,69,39,39,39,39,6,0],"gold":16,"neow_bonus":"THREE_RARE_CARDS","is_prod":false,"is_daily":false,"chose_seed":false,"campfire_upgraded":0,"win_rate":0,"timestamp":1560029195,"path_taken":["M","M","M","M","?","E","R","E","T","$","?","?","?"],"build_version":"2019-01-23","purchased_purges":1,"victory":false,"max_hp_per_floor":[80,80,80,80,80,83,83,83,83,83,83,83,83],"card_choices":[{"not_picked":["Berserk","Barricade"],"picked":"Demon Form","floor":0},{"not_picked":["Sword Boomerang","Wild Strike"],"picked":"Pommel Strike","floor":1},{"not_picked":["Rampage","Sword Boomerang","Body Slam"],"picked":"SKIP","floor":2},{"not_picked":["Flex","Burning Pact","Havoc"],"picked":"SKIP","floor":3},{"not_picked":["Metallicize","Sentinel","Flex"],"picked":"SKIP","floor":4},{"not_picked":["Entrench","True Grit"],"picked":"Feed","floor":5},{"not_picked":["Power Through","Metallicize","Seeing Red"],"picked":"SKIP","floor":6},{"not_picked":["Dropkick+1","Twin Strike+1","Iron Wave+1"],"picked":"SKIP","floor":8}],"player_experience":156832,"relics_obtained":[{"floor":6,"key":"Molten Egg 2"},{"floor":8,"key":"MawBank"},{"floor":9,"key":"Self Forming Clay"}],"event_choices":[{"cards_removed":["Strike_R"],"damage_healed":0,"gold_gain":0,"player_choice":"Forget","damage_taken":0,"max_hp_gain":0,"max_hp_loss":0,"event_name":"Living Wall","floor":11,"gold_loss":0},{"damage_healed":0,"gold_gain":0,"player_choice":"Success","damage_taken":33,"relics_obtained":["Singing Bowl"],"max_hp_gain":0,"max_hp_loss":0,"event_name":"Scrap Ooze","floor":12,"gold_loss":0}],"is_beta":false,"boss_relics":[],"items_purged_floors":[10],"is_endless":false,"potions_floor_spawned":[2,5,6],"killed_by":"Exordium Thugs","ascension_level":0}