{"gold_per_floor":[110,129,139,314,120,155,155,55,137,147,158,158,158,171,171,262,262,287,38,38,54,54,54,69,69,146,146,162,162,176,176],"floor_reached":31,"playtime":1209,"items_purged":["Doubt","Strike_B","Strike_B"],"score":403,"play_id":"7e42b447-2d25-4a65-801c-f45ae3b3f76d","local_time":"20190420152933","is_ascension_mode":true,"campfire_choices":[{"data":"Zap","floor":7.0,"key":"SMITH"},{"floor":12.0,"key":"REST"},{"floor":15.0,"key":"REST"},{"floor":23,"key":"REST"},{"floor":25,"key":"REST"},{"data":"Chaos","floor":27,"key":"SMITH"},{"floor":29,"key":"REST"}],"neow_cost":"NONE","seed_source_timestamp":0,"circlet_count":0,"master_deck":["AscendersBane","Strike_B","Strike_B","Defend_B","Defend_B","Defend_B","Defend_B","Zap+1","Dualcast","Machine Learning","Ball Lightning","Redo","Streamline","Deep Breath","Leap","Glacier","Conserve Battery","Gash","Injury","Fusion","All For One","Sweeping Beam","Gash","Scrape","Chaos+1","Loop+1","Conserve Battery","Aggregate+1"],"special_seed":0,"relics":["Cracked Core","Bag of Preparation","Mummified Hand","Golden Idol","Lizard Tail","Bottled Lightning"],"potions_floor_usage":[20,31],"damage_taken":[{"damage":0.0,"enemies":"2 Louse","floor":1.0,"turns":3.0},{"damage":7.0,"enemies":"Jaw Worm","floor":2.0,"turns":3.0},{"damage":1.0,"enemies":"Cultist","floor":3.0,"turns":4.0},{"damage":36.0,"enemies":"3 Sentries","floor":6.0,"turns":6.0},{"damage":7.0,"enemies":"Blue Slaver","floor":10.0,"turns":4.0},{"damage":8.0,"enemies":"3 Louse","floor":11.0,"turns":3.0},{"damage":0.0,"enemies":"2 Fungi Beasts","floor":14.0,"turns":4.0},{"damage":9.0,"enemies":"The Guardian","floor":16.0,"turns":13.0},{"damage":27,"enemies":"3 Byrds","floor":18,"turns":6},{"damage":31,"enemies":"Colosseum Slavers","floor":20,"turns":6},{"damage":0,"enemies":"Spheric Guardian","floor":21,"turns":3},{"damage":39,"enemies":"Snake Plant","floor":24,"turns":7},{"damage":33,"enemies":"Sentry and Sphere","floor":28,"turns":4},{"damage":33,"enemies":"Centurion and Healer","floor":30,"turns":6},{"damage":3,"enemies":"Snecko","floor":31,"turns":4}],"seed_played":"-4271547177736611964","potions_obtained":[{"floor":3.0,"key":"GamblersBrew"},{"floor":6.0,"key":"SteroidPotion"},{"floor":14.0,"key":"FearPotion"},{"floor":18,"key":"Energy Potion"},{"floor":30,"key":"Block Potion"}],"is_trial":false,"path_per_floor":["M","M","M","?","$","E","R","$","T","M","M","R","?","M","R","B",null,"M","$","?","M","?","R","M","R","T","R","M","R","M","M"],"character_chosen":"DEFECT","items_purchased":["Deep Breath","Leap","Gash","Scrape"],"campfire_rested":5,"item_purchase_floors":[5,5,19,19],"current_hp_per_floor":[64,57,56,56,56,20,20,20,20,13,5,26,26,26,47,38,63,36,36,5,5,5,26,27,48,48,48,15,36,3,0],"gold":176,"neow_bonus":"ONE_RANDOM_RARE_CARD","is_prod":false,"is_daily":false,"chose_seed":false,"campfire_upgraded":2,"win_rate":0,"timestamp":1555766973,"path_taken":["M","M","M","?","?","E","R","$","T","?","M","R","?","M","R","BOSS","M","$","?","M","?","R","M","R","T","R","M","R","M","M"],"build_version":"2019-01-23","purchased_purges":3,"victory":false,"max_hp_per_floor":[71,71,71,71,71,71,71,71,71,71,71,71,71,71,71,71,71,71,71,71,71,71,71,71,71,71,71,71,71,71,71],"card_choices":[{"not_picked":["Turbo","Hologram"],"picked":"Ball Lightning","floor":1.0},{"not_picked":["Ball Lightning","Barrage"],"picked":"Redo","floor":2.0},{"not_picked":["Turbo","Heatsinks"],"picked":"Streamline","floor":3.0},{"not_picked":["Ball Lightning","Creative AI"],"picked":"Glacier","floor":6.0},{"not_picked":["Compile Driver","Steam"],"picked":"Conserve Battery","floor":10.0},{"not_picked":["Steam Power","Rip and Tear"],"picked":"Gash","floor":11.0},{"not_picked":["Stack","Coolheaded"],"picked":"Fusion","floor":14.0},{"not_picked":["Electrodynamics","Core Surge"],"picked":"All For One","floor":16.0},{"not_picked":["Glacier","Ball Lightning"],"picked":"Sweeping Beam","floor":18},{"not_picked":["Doom and Gloom","Leap"],"picked":"Chaos","floor":21},{"not_picked":["Static Discharge","Streamline"],"picked":"Loop+1","floor":24},{"not_picked":["Steam Power","Chaos"],"picked":"Conserve Battery","floor":28},{"not_picked":["Conserve Battery","Chaos"],"picked":"Aggregate+1","floor":30}],"player_experience":1039161,"relics_obtained":[{"floor":6.0,"key":"Bag of Preparation"},{"floor":9.0,"key":"Mummified Hand"},{"floor":26,"key":"Bottled Lightning"}],"event_choices":[{"damage_healed":0.0,"max_hp_gain":0.0,"max_hp_loss":0.0,"gold_gain":175.0,"event_name":"Liars Game","player_choice":"AGREE","floor":4.0,"gold_loss":0.0,"damage_taken":0.0,"cards_obtained":["Doubt"]},{"damage_healed":0.0,"max_hp_gain":0.0,"max_hp_loss":0.0,"gold_gain":0.0,"event_name":"Golden Idol","player_choice":"Take Wound","floor":13.0,"gold_loss":0.0,"damage_taken":0.0,"relics_obtained":["Golden Idol"],"cards_obtained":["Injury"]},{"damage_healed":0,"gold_gain":0,"player_choice":"Fight","damage_taken":0,"max_hp_gain":0,"max_hp_loss":0,"event_name":"Colosseum","floor":20,"gold_loss":0},{"damage_healed":0,"gold_gain":0,"player_choice":"Fled From Nobs","damage_taken":0,"max_hp_gain":0,"max_hp_loss":0,"event_name":"Colosseum","floor":20,"gold_loss":0},{"damage_healed":0,"gold_gain":0,"player_choice":"Ignored","damage_taken":0,"max_hp_gain":0,"max_hp_loss":0,"event_name":"Cursed Tome","floor":22,"gold_loss":0}],"is_beta":false,"boss_relics":[{"not_picked":["Runic Dome","Fusion Hammer"],"picked":"Lizard Tail"}],"items_purged_floors":[5,8,19],"is_endless":false,"potions_floor_spawned":[3,6,14,18,30],"killed_by":"Snecko","ascension_level":14}