{"gold_per_floor":[118,43,118,134,134,134,168,180,180,180,180,193,193,19,19,97,97,112,112,112,125,135,135,161,161,214,227,227,6,6,24,24,24],"floor_reached":33,"playtime":713,"items_purged":["Strike_R","Strike_R"],"score":500,"play_id":"6bda3017-3a2a-4ce8-a72c-ec760949a1b8","local_time":"20190228174136","is_ascension_mode":true,"campfire_choices":[{"data":"Bash","floor":6.0,"key":"SMITH"},{"data":"Spot Weakness","floor":13,"key":"SMITH"},{"data":"Flex","floor":15,"key":"SMITH"},{"data":"Searing Blow+1","floor":23,"key":"SMITH"},{"data":"Searing Blow+2","floor":25,"key":"SMITH"},{"data":"Searing Blow+3","floor":28,"key":"SMITH"},{"floor":32,"key":"REST"}],"neow_cost":"NONE","seed_source_timestamp":741412695551500,"circlet_count":0,"master_deck":["AscendersBane","Defend_R+1","Defend_R","Defend_R","Defend_R","Bash+1","Clothesline+1","Flex+1","Spot Weakness+1","Anger","Carnage+1","Twin Strike+1","Bludgeon+1","Feed+1","Headbutt+1","Heavy Blade+1","Necronomicurse","Uppercut+1","Searing Blow+4","Offering","Flame Barrier","Metallicize+1"],"special_seed":0,"relics":["Burning Blood","NeowsBlessing","Bottled Flame","Molten Egg 2","Empty Cage","Necronomicon","Mercury Hourglass","Potion Belt"],"potions_floor_usage":[16,16,24,31,33],"damage_taken":[{"damage":0.0,"enemies":"2 Louse","floor":1.0,"turns":1.0},{"damage":0.0,"enemies":"Jaw Worm","floor":4.0,"turns":1.0},{"damage":0.0,"enemies":"Lagavulin","floor":7.0,"turns":1.0},{"damage":0,"enemies":"Small Slimes","floor":8,"turns":3},{"damage":0,"enemies":"2 Fungi Beasts","floor":12,"turns":3},{"damage":23,"enemies":"The Guardian","floor":16,"turns":7},{"damage":11,"enemies":"Spheric Guardian","floor":18,"turns":3},{"damage":7,"enemies":"Chosen","floor":21,"turns":2},{"damage":9,"enemies":"Centurion and Healer","floor":22,"turns":3},{"damage":36,"enemies":"Book of Stabbing","floor":24,"turns":4},{"damage":7,"enemies":"Cultist and Chosen","floor":27,"turns":3},{"damage":19,"enemies":"Snake Plant","floor":31,"turns":2},{"damage":91,"enemies":"Automaton","floor":33,"turns":6}],"seed_played":"-174897149214957143","potions_obtained":[{"floor":1.0,"key":"PowerPotion"},{"floor":8,"key":"Energy Potion"},{"floor":16,"key":"Dexterity Potion"},{"floor":18,"key":"Fire Potion"},{"floor":22,"key":"Strength Potion"},{"floor":31,"key":"Fruit Juice"}],"is_trial":false,"path_per_floor":["M","$","?","M","?","R","E","M","T","?","?","M","R","$","R","B",null,"M","?","?","M","M","R","E","R","T","M","R","$","$","M","R","B"],"character_chosen":"IRONCLAD","items_purchased":["Bludgeon+1","Offering","Flame Barrier"],"campfire_rested":1,"item_purchase_floors":[14,29,29],"current_hp_per_floor":[78,78,67,73,78,78,84,85,85,85,68,74,74,74,74,57,78,77,77,61,60,61,61,31,31,31,34,34,34,34,26,56,0],"gold":24,"neow_bonus":"THREE_ENEMY_KILL","is_prod":false,"is_daily":false,"chose_seed":false,"campfire_upgraded":6,"win_rate":0,"timestamp":1551372096,"path_taken":["M","$","?","M","?","R","E","M","T","?","?","?","R","?","R","BOSS","M","?","?","M","M","R","E","R","T","M","R","?","$","M","R","BOSS"],"build_version":"2019-01-23","purchased_purges":2,"victory":false,"max_hp_per_floor":[80,80,80,80,85,85,85,85,85,85,85,85,85,85,85,85,85,89,89,89,89,93,93,93,93,93,97,97,97,97,102,102,102],"card_choices":[{"not_picked":["Dropkick","Flex"],"picked":"Clothesline","floor":1.0},{"not_picked":["Heavy Blade","Body Slam"],"picked":"Flex","floor":4.0},{"not_picked":["Feel No Pain","Brutality"],"picked":"Spot Weakness","floor":7},{"not_picked":["Clash","Clothesline"],"picked":"Anger","floor":8},{"not_picked":["Dual Wield","Armaments"],"picked":"Twin Strike+1","floor":12},{"not_picked":["Exhume","Bludgeon+1"],"picked":"Feed+1","floor":16},{"not_picked":["Disarm","Shrug It Off"],"picked":"Headbutt+1","floor":18},{"not_picked":["Headbutt+1","True Grit"],"picked":"Uppercut+1","floor":21},{"not_picked":["Burning Pact","Feel No Pain"],"picked":"Searing Blow+1","floor":22},{"not_picked":["Wild Strike+1","Clothesline+1","Combust"],"picked":"SKIP","floor":24},{"not_picked":["Cleave+1","Power Through","Evolve+1"],"picked":"SKIP","floor":27},{"not_picked":["Flex","Second Wind"],"picked":"Metallicize+1","floor":31}],"player_experience":880741,"relics_obtained":[{"floor":7,"key":"Bottled Flame"},{"floor":9,"key":"Molten Egg 2"},{"floor":20,"key":"Necronomicon"},{"floor":24,"key":"Mercury Hourglass"},{"floor":26,"key":"Potion Belt"}],"event_choices":[{"damage_healed":0.0,"max_hp_gain":0.0,"max_hp_loss":0.0,"gold_gain":75.0,"event_name":"World of Goop","player_choice":"Gather Gold","floor":3.0,"gold_loss":0.0,"damage_taken":11.0},{"damage_healed":0.0,"max_hp_gain":5.0,"max_hp_loss":0.0,"gold_gain":0.0,"event_name":"Big Fish","player_choice":"Donut","floor":5.0,"gold_loss":0.0,"damage_taken":0.0},{"damage_healed":0,"gold_gain":0,"cards_transformed":["Strike_R"],"player_choice":"Change","damage_taken":0,"max_hp_gain":0,"max_hp_loss":0,"event_name":"Living Wall","floor":10,"gold_loss":0,"cards_obtained":["Carnage"]},{"damage_healed":0,"gold_gain":0,"player_choice":"Entered Light","damage_taken":17,"max_hp_gain":0,"max_hp_loss":0,"event_name":"Shining Light","floor":11,"gold_loss":0,"cards_upgraded":["Defend_R","Clothesline"]},{"damage_healed":0,"gold_gain":0,"player_choice":"Read","damage_taken":0,"max_hp_gain":0,"max_hp_loss":0,"event_name":"The Library","floor":19,"gold_loss":0,"cards_obtained":["Heavy Blade"]},{"damage_healed":0,"gold_gain":0,"player_choice":"Obtained Book","damage_taken":16,"max_hp_gain":0,"max_hp_loss":0,"event_name":"Cursed Tome","floor":20,"gold_loss":0}],"is_beta":false,"boss_relics":[{"not_picked":["Coffee Dripper","Runic Cube"],"picked":"Empty Cage"}],"items_purged_floors":[2,14],"is_endless":false,"potions_floor_spawned":[1,8,12,16,18,22,31],"killed_by":"Automaton","ascension_level":13}