{"gold_per_floor":[10,10,28,28,28,59,75,88,88,88,101,26,53,113,113,185,185,205,205,60,77,96,96,127,127,150,150,25,25],"floor_reached":29,"playtime":1131,"items_purged":["Strike_R","Strike_R","Strike_R"],"score":439,"play_id":"971fc99d-d68c-45db-8352-b59ac72c48ba","local_time":"20190516040357","is_ascension_mode":true,"campfire_choices":[{"floor":10,"key":"REST"},{"data":"Shockwave","floor":15,"key":"SMITH"},{"data":"Armaments","floor":23,"key":"SMITH"},{"data":"Limit Break","floor":25,"key":"SMITH"},{"data":"Bludgeon","floor":27,"key":"SMITH"}],"neow_cost":"NO_GOLD","seed_source_timestamp":189711622787600,"circlet_count":0,"master_deck":["AscendersBane","Strike_R","Defend_R","Defend_R","Defend_R","Defend_R","Bash","Rampage","Spot Weakness","Feel No Pain","Ghostly Armor","Shockwave+1","Bludgeon+1","Disarm","Limit Break+1","Second Wind","Shockwave+1","Heavy Blade","Armaments+1","Demon Form","Battle Trance"],"relics":["Burning Blood","PreservedInsect","Magic Flower","Mercury Hourglass","Regal Pillow","Pantograph","Mark of Pain","Anchor","Omamori"],"potions_floor_usage":[6,8,21,22,29],"damage_taken":[{"damage":16,"enemies":"Small Slimes","floor":1,"turns":4},{"damage":12,"enemies":"Jaw Worm","floor":3,"turns":2},{"damage":35,"enemies":"3 Sentries","floor":6,"turns":7},{"damage":3,"enemies":"Cultist","floor":7,"turns":4},{"damage":1,"enemies":"Looter","floor":8,"turns":3},{"damage":3,"enemies":"2 Fungi Beasts","floor":11,"turns":3},{"damage":22,"enemies":"Lagavulin","floor":13,"turns":6},{"damage":10,"enemies":"Gremlin Nob","floor":14,"turns":4},{"damage":41,"enemies":"Hexaghost","floor":16,"turns":9},{"damage":12,"enemies":"Shell Parasite","floor":18,"turns":5},{"damage":10,"enemies":"Spheric Guardian","floor":21,"turns":4},{"damage":18,"enemies":"Centurion and Healer","floor":22,"turns":7},{"damage":46,"enemies":"Slavers","floor":24,"turns":8},{"damage":52,"enemies":"Gremlin Leader","floor":29,"turns":7}],"seed_played":"513988387382863244","potions_obtained":[{"floor":1,"key":"GamblersBrew"},{"floor":6,"key":"Energy Potion"},{"floor":13,"key":"Regen Potion"},{"floor":16,"key":"Poison Potion"},{"floor":21,"key":"Poison Potion"},{"floor":24,"key":"Fire Potion"}],"is_trial":false,"path_per_floor":["M","?","M","?","$","E","M","M","T","R","M","$","E","?","R","B",null,"M","?","$","M","M","R","E","R","T","R","$","E"],"character_chosen":"IRONCLAD","items_purchased":["Heavy Blade"],"campfire_rested":1,"item_purchase_floors":[20],"current_hp_per_floor":[72,54,48,41,41,12,18,26,26,52,58,58,45,44,44,50,79,76,76,76,75,85,85,48,48,48,48,48,0],"gold":25,"neow_bonus":"TWENTY_PERCENT_HP_BONUS","is_prod":false,"is_daily":false,"chose_seed":false,"campfire_upgraded":4,"win_rate":0,"timestamp":1557972237,"path_taken":["M","?","M","?","?","E","M","?","T","R","M","$","E","?","R","BOSS","M","?","$","?","M","R","E","R","T","R","$","E"],"build_version":"2019-01-23","purchased_purges":3,"victory":false,"max_hp_per_floor":[89,89,89,89,89,89,89,89,89,89,89,89,89,89,89,89,89,89,89,89,89,89,89,89,89,89,89,89,89],"card_choices":[{"not_picked":["Flex","Thunderclap"],"picked":"Rampage","floor":1},{"not_picked":["Perfected Strike","Corruption"],"picked":"Spot Weakness","floor":3},{"not_picked":["Flex","Bloodletting"],"picked":"Feel No Pain","floor":6},{"not_picked":["Seeing Red","Pommel Strike"],"picked":"Ghostly Armor","floor":7},{"not_picked":["Combust","Feel No Pain"],"picked":"Shockwave","floor":8},{"not_picked":["Anger","Feel No Pain"],"picked":"Bludgeon","floor":11},{"not_picked":["Blood for Blood","Inflame"],"picked":"Disarm","floor":13},{"not_picked":["Barricade","Offering"],"picked":"Limit Break","floor":16},{"not_picked":["Iron Wave","Thunderclap"],"picked":"Second Wind","floor":18},{"not_picked":["True Grit","Infernal Blade+1"],"picked":"Armaments","floor":21},{"not_picked":["Thunderclap","Uppercut"],"picked":"Demon Form","floor":22},{"not_picked":["Fire Breathing","Iron Wave"],"picked":"Battle Trance","floor":24}],"player_experience":1110347,"relics_obtained":[{"floor":6,"key":"Magic Flower"},{"floor":9,"key":"Mercury Hourglass"},{"floor":13,"key":"Regal Pillow"},{"floor":14,"key":"Pantograph"},{"floor":24,"key":"Anchor"},{"floor":26,"key":"Omamori"}],"event_choices":[{"damage_healed":0,"gold_gain":0,"player_choice":"Success","damage_taken":18,"relics_obtained":["PreservedInsect"],"max_hp_gain":0,"max_hp_loss":0,"event_name":"Scrap Ooze","floor":2,"gold_loss":0},{"cards_removed":["Strike_R"],"damage_healed":0,"gold_gain":0,"player_choice":"Card Removal","damage_taken":7,"max_hp_gain":0,"max_hp_loss":0,"event_name":"Golden Wing","floor":4,"gold_loss":0},{"damage_healed":0,"gold_gain":0,"player_choice":"Searched \u00271\u0027 times","damage_taken":0,"max_hp_gain":0,"max_hp_loss":0,"event_name":"Dead Adventurer","floor":14,"gold_loss":0},{"damage_healed":0,"gold_gain":0,"player_choice":"Copied","damage_taken":0,"max_hp_gain":0,"max_hp_loss":0,"event_name":"Duplicator","floor":19,"gold_loss":0,"cards_obtained":["Shockwave"]}],"is_beta":false,"boss_relics":[{"not_picked":["Black Blood","Snecko Eye"],"picked":"Mark of Pain"}],"items_purged_floors":[12,20,28],"is_endless":false,"potions_floor_spawned":[1,6,13,16,21,24],"killed_by":"Gremlin Leader","ascension_level":15}