{"gold_per_floor":[115,133,210,226,272,306,306,341,367,367,394,226,226,226,226,304,304,321,321,334,352,402,402,30,30,30,30,30,59,73,85,85,157,157,171,226,243,243],"floor_reached":38,"playtime":1297,"items_purged":[],"score":820,"play_id":"04ae6619-367c-4d28-adbc-0451ac3cf09d","local_time":"20190110002642","is_ascension_mode":true,"campfire_choices":[{"floor":7.0,"key":"REST"},{"floor":10.0,"key":"REST"},{"floor":13.0,"key":"REST"},{"data":"Armaments","floor":15.0,"key":"SMITH"},{"data":"Body Slam","floor":23.0,"key":"SMITH"},{"data":"1","floor":25.0,"key":"LIFT"},{"data":"2","floor":27.0,"key":"LIFT"},{"data":"Demon Form","floor":32.0,"key":"SMITH"}],"neow_cost":"NONE","seed_source_timestamp":19872957269848,"circlet_count":0,"master_deck":["AscendersBane","Strike_R","Defend_R","Defend_R","Defend_R","Defend_R","Bash","Armaments+1","Clothesline","Shrug It Off","Dropkick","Anger","Body Slam+1","Impervious","Shrug It Off+1","Ghostly Armor","True Grit+1","Shrug It Off","Injury","Immolate","Uppercut","Sword Boomerang","Demon Form+1","Limit Break","Feel No Pain","Pummel","Sentinel+1"],"special_seed":0,"relics":["Burning Blood","NeowsBlessing","Ancient Tea Set","Darkstone Periapt","Dodecahedron","Blood Vial","Letter Opener","Bronze Scales","Cursed Key","Girya","Omamori","Boot","Mark of Pain","Shovel"],"potions_floor_usage":[38],"damage_taken":[{"damage":0.0,"enemies":"Cultist","floor":1.0,"turns":1.0},{"damage":0.0,"enemies":"Jaw Worm","floor":2.0,"turns":1.0},{"damage":0.0,"enemies":"Small Slimes","floor":4.0,"turns":1.0},{"damage":51.0,"enemies":"3 Sentries","floor":6.0,"turns":12.0},{"damage":44.0,"enemies":"Lagavulin","floor":8.0,"turns":8.0},{"damage":17.0,"enemies":"3 Sentries","floor":11.0,"turns":11.0},{"damage":46.0,"enemies":"Hexaghost","floor":16.0,"turns":11.0},{"damage":1.0,"enemies":"Spheric Guardian","floor":18.0,"turns":3.0},{"damage":7.0,"enemies":"3 Byrds","floor":20.0,"turns":3.0},{"damage":11.0,"enemies":"Snake Plant","floor":21.0,"turns":3.0},{"damage":1.0,"enemies":"Book of Stabbing","floor":29.0,"turns":5.0},{"damage":24.0,"enemies":"Shelled Parasite and Fungi","floor":30.0,"turns":4.0},{"damage":0.0,"enemies":"Snecko","floor":31.0,"turns":4.0},{"damage":64.0,"enemies":"Champ","floor":33.0,"turns":11.0},{"damage":0.0,"enemies":"3 Shapes","floor":35.0,"turns":5.0},{"damage":44.0,"enemies":"2 Orb Walkers","floor":36.0,"turns":5.0},{"damage":6.0,"enemies":"3 Darklings","floor":37.0,"turns":3.0},{"damage":41,"enemies":"Transient","floor":38,"turns":5}],"seed_played":"5562581350149596947","potions_obtained":[{"floor":1.0,"key":"SneckoOil"},{"floor":6.0,"key":"FearPotion"},{"floor":8.0,"key":"Block Potion"},{"floor":16.0,"key":"EssenceOfSteel"},{"floor":29.0,"key":"PowerPotion"},{"floor":30.0,"key":"Swift Potion"},{"floor":35.0,"key":"Strength Potion"},{"floor":37.0,"key":"Weak Potion"}],"is_trial":false,"path_per_floor":["M","M","?","M","T","E","R","E","T","R","E","$","R","?","R","B",null,"M","?","M","M","?","R","$","R","T","R","?","E","M","M","R","B",null,"M","?","M","M"],"character_chosen":"IRONCLAD","items_purchased":["Bronze Scales","Girya","Shrug It Off"],"campfire_rested":3,"item_purchase_floors":[12,24,24],"current_hp_per_floor":[74,75,75,75,75,30,52,14,14,36,27,27,49,49,49,11,59,66,66,67,64,64,64,64,64,70,70,70,77,61,69,69,13,64,72,36,38,0],"gold":243,"neow_bonus":"THREE_ENEMY_KILL","is_prod":false,"is_daily":false,"chose_seed":false,"campfire_upgraded":3,"win_rate":0,"timestamp":1547076402,"path_taken":["M","M","?","M","?","E","R","E","T","R","E","?","R","?","R","BOSS","M","?","M","?","?","R","?","R","T","R","?","E","M","M","R","BOSS","M","?","M","M"],"build_version":"2019-01-03v4","purchased_purges":0,"victory":false,"max_hp_per_floor":[75,75,75,75,75,75,75,75,75,75,75,75,75,75,75,75,75,75,75,75,75,75,75,75,75,81,81,81,81,81,81,81,81,81,81,81,81,81],"card_choices":[{"not_picked":["Intimidate","Rage"],"picked":"Armaments","floor":1.0},{"not_picked":["Pummel","Body Slam"],"picked":"Clothesline","floor":2.0},{"not_picked":["Body Slam","Fire Breathing"],"picked":"Shrug It Off","floor":4.0},{"not_picked":["Armaments","Rage"],"picked":"Dropkick","floor":6.0},{"not_picked":["Heavy Blade","Flex"],"picked":"Anger","floor":8.0},{"not_picked":["Rupture","Dual Wield"],"picked":"Body Slam","floor":11.0},{"not_picked":["Berserk","Exhume"],"picked":"Impervious","floor":16.0},{"not_picked":["Warcry","Twin Strike"],"picked":"Shrug It Off+1","floor":18.0},{"not_picked":["Heavy Blade","Clash"],"picked":"Ghostly Armor","floor":20.0},{"not_picked":["Warcry","Reaper"],"picked":"True Grit+1","floor":21.0},{"not_picked":["Dropkick","Burning Pact"],"picked":"Sword Boomerang","floor":29.0},{"not_picked":["True Grit","Thunderclap","Clothesline"],"picked":"SKIP","floor":30.0},{"not_picked":["Armaments","Heavy Blade"],"picked":"Demon Form","floor":31.0},{"not_picked":["Immolate","Juggernaut"],"picked":"Limit Break","floor":33.0},{"not_picked":["Thunderclap","Rage"],"picked":"Feel No Pain","floor":35.0},{"not_picked":["Warcry","Infernal Blade+1"],"picked":"Pummel","floor":36.0},{"not_picked":["Twin Strike","Thunderclap+1"],"picked":"Sentinel+1","floor":37.0}],"player_experience":591868,"relics_obtained":[{"floor":5.0,"key":"Ancient Tea Set"},{"floor":6.0,"key":"Darkstone Periapt"},{"floor":8.0,"key":"Dodecahedron"},{"floor":9.0,"key":"Blood Vial"},{"floor":11.0,"key":"Letter Opener"},{"floor":26.0,"key":"Omamori"},{"floor":29.0,"key":"Boot"},{"floor":36.0,"key":"Shovel"}],"event_choices":[{"damage_healed":0.0,"max_hp_gain":0.0,"max_hp_loss":0.0,"gold_gain":77.0,"event_name":"Golden Wing","player_choice":"Gained Gold","floor":3.0,"gold_loss":0.0,"damage_taken":0.0},{"cards_removed":["Strike_R"],"damage_healed":0.0,"max_hp_gain":0.0,"max_hp_loss":0.0,"gold_gain":0.0,"event_name":"Living Wall","player_choice":"Forget","floor":14.0,"gold_loss":0.0,"damage_taken":0.0},{"cards_removed":["Strike_R"],"damage_healed":0.0,"max_hp_gain":0.0,"max_hp_loss":0.0,"gold_gain":0.0,"event_name":"Purifier","player_choice":"Purged","floor":19.0,"gold_loss":0.0,"damage_taken":0.0},{"damage_healed":0.0,"max_hp_gain":0.0,"max_hp_loss":0.0,"gold_gain":100.0,"event_name":"The Joust","player_choice":"Bet on Murderer","floor":22.0,"gold_loss":50.0,"damage_taken":0.0},{"damage_healed":0.0,"max_hp_gain":0.0,"max_hp_loss":0.0,"gold_gain":0.0,"cards_transformed":["Strike_R","Strike_R"],"event_name":"Drug Dealer","player_choice":"Became Test Subject","floor":28.0,"gold_loss":0.0,"damage_taken":0.0,"cards_obtained":["Immolate","Uppercut"]},{"damage_healed":0.0,"max_hp_gain":0.0,"max_hp_loss":0.0,"gold_gain":0.0,"event_name":"Mysterious Sphere","player_choice":"Fight","floor":36.0,"gold_loss":0.0,"damage_taken":0.0}],"is_beta":false,"boss_relics":[{"not_picked":["Astrolabe","Lizard Tail"],"picked":"Cursed Key"},{"not_picked":["Runic Cube","Calling Bell"],"picked":"Mark of Pain"}],"items_purged_floors":[],"is_endless":false,"potions_floor_spawned":[1,6,8,16,29,30,31,35,37],"killed_by":"Transient","ascension_level":20}