{"gold_per_floor":[117,133,152,53,66,99,111,133,219,266,278,290,302,314,326,435,447,479,241,251,286,286,286,286,306,306,24,24,38,58,72,72,72],"floor_reached":33,"playtime":1855,"items_purged":["Strike_B","Strike_B","Defend_B"],"score":321,"play_id":"54deac95-7cac-448d-8403-9719d8bda5e7","local_time":"20180804084455","is_ascension_mode":true,"campfire_choices":[{"data":"Zap","floor":7,"key":"SMITH"},{"data":"Consume","floor":11,"key":"SMITH"},{"floor":13,"key":"REST"},{"floor":15,"key":"DIG"},{"data":"Capacitor","floor":23,"key":"SMITH"},{"floor":32,"key":"REST"}],"neow_cost":"NONE","seed_source_timestamp":1121261132805312,"circlet_count":0,"master_deck":["Strike_B","Strike_B","Defend_B","Defend_B","Defend_B","Zap+1","Dualcast+1","Cold Snap","Sweeping Beam","Consume+1","Leap","Conserve Battery","Ball Lightning","Leap","Biased Cognition","Capacitor+1","Sweeping Beam+1","Barrage+1","Seek","Compile Driver+1","Beam Cell+1","Echo Form","Defragment","Defragment+1"],"relics":["Cracked Core","Potion Belt","MawBank","Smiling Mask","Shovel","Oddly Smooth Stone","Molten Egg 2","Orrery","Red Mask","Strawberry","ClockworkSouvenir"],"potions_floor_usage":[6,18,21,21,31,33],"damage_taken":[{"damage":0,"enemies":"Small Slimes","floor":1,"turns":3},{"damage":0,"enemies":"Jaw Worm","floor":2,"turns":3},{"damage":0,"enemies":"Cultist","floor":3,"turns":2},{"damage":5,"enemies":"3 Louse","floor":5,"turns":3},{"damage":7,"enemies":"3 Sentries","floor":6,"turns":9},{"damage":1,"enemies":"2 Fungi Beasts","floor":8,"turns":3},{"damage":20,"enemies":"Gremlin Nob","floor":10,"turns":4},{"damage":28,"enemies":"Slime Boss","floor":16,"turns":7},{"damage":7,"enemies":"3 Byrds","floor":18,"turns":3},{"damage":0,"enemies":"Spheric Guardian","floor":20,"turns":3},{"damage":0,"floor":21,"turns":4},{"damage":0,"enemies":"Centurion and Healer","floor":25,"turns":6},{"damage":10,"enemies":"Chosen and Byrds","floor":29,"turns":4},{"damage":6,"enemies":"Cultist and Chosen","floor":30,"turns":5},{"damage":15,"enemies":"Snake Plant","floor":31,"turns":5},{"damage":64,"enemies":"Collector","floor":33,"turns":6}],"seed_played":"-4554016529442512574","potions_obtained":[{"floor":2,"key":"GamblersBrew"},{"floor":3,"key":"SkillPotion"},{"floor":20,"key":"Ancient Potion"},{"floor":29,"key":"Strength Potion"}],"is_trial":false,"path_per_floor":["M","M","M","$","M","E","R","M","T","E","R","?","R","?","R","B",null,"M","$","M","?","?","R","?","M","T","$","?","M","M","M","R"],"character_chosen":"DEFECT","items_purchased":["Leap","Compile Driver+1","Fire Potion","Swift Potion","SkillPotion","ClockworkSouvenir","Defragment"],"campfire_rested":2,"item_purchase_floors":[4,19,19,19,19,27,27],"current_hp_per_floor":[75,75,75,75,70,63,63,62,62,42,42,35,57,57,57,29,64,57,57,57,57,57,57,57,57,64,64,64,54,48,33,57,0],"gold":72,"neow_bonus":"RANDOM_COMMON_RELIC","is_prod":false,"is_daily":false,"chose_seed":false,"campfire_upgraded":3,"win_rate":0,"timestamp":1533368695,"path_taken":["M","M","M","$","M","E","R","M","T","E","R","?","R","?","R","BOSS","M","$","M","?","?","R","?","M","T","$","?","?","M","M","R","BOSS"],"build_version":"2018-08-02","purchased_purges":3,"victory":false,"max_hp_per_floor":[75,75,75,75,75,75,75,75,75,75,75,75,75,75,75,75,75,75,75,75,75,75,75,75,75,82,82,82,82,82,82,82,82],"card_choices":[{"not_picked":["Leap","Go for the Eyes"],"picked":"Cold Snap","floor":1},{"not_picked":["Gash","Turbo"],"picked":"Sweeping Beam","floor":2},{"not_picked":["Gash","Streamline"],"picked":"Consume","floor":3},{"not_picked":["Barrage","Compile Driver"],"picked":"Conserve Battery","floor":5},{"not_picked":["Beam Cell","Storm"],"picked":"Ball Lightning","floor":6},{"not_picked":["Conserve Battery","Blizzard","Cold Snap"],"picked":"SKIP","floor":8},{"not_picked":["Steam","Consume"],"picked":"Leap","floor":10},{"not_picked":["Amplify","Machine Learning"],"picked":"Biased Cognition","floor":16},{"not_picked":["Loop","Go for the Eyes+1"],"picked":"Capacitor","floor":17},{"not_picked":["FTL+1","Steam"],"picked":"Sweeping Beam+1","floor":17},{"not_picked":["Self Repair","Storm"],"picked":"Barrage+1","floor":17},{"not_picked":["Doom and Gloom+1","Barrage+1"],"picked":"Seek","floor":18},{"not_picked":["Coolheaded+1","Streamline+1"],"picked":"Beam Cell+1","floor":20},{"not_picked":["Glacier+1","Recycle"],"picked":"Echo Form","floor":25},{"not_picked":["Steam","Chill","Barrage+1"],"picked":"SKIP","floor":29},{"not_picked":["Compile Driver+1","Heatsinks+1","Ball Lightning+1"],"picked":"SKIP","floor":30},{"not_picked":["Loop","Compile Driver+1"],"picked":"Defragment+1","floor":31}],"player_experience":527244,"relics_obtained":[{"floor":6,"key":"MawBank"},{"floor":9,"key":"Smiling Mask"},{"floor":10,"key":"Shovel"},{"floor":15,"key":"Molten Egg 2"},{"floor":21,"key":"Red Mask"},{"floor":26,"key":"Strawberry"}],"event_choices":[{"event_name":"Scrap Ooze","player_choice":"success","floor":12,"damage_taken":7},{"event_name":"Upgrade Shrine","player_choice":"Upgraded","floor":14,"damage_taken":0},{"event_name":"Masked Bandits","player_choice":"Fought over 251 gold","floor":21,"damage_taken":0},{"event_name":"The Woman in Blue","player_choice":"Bought 0 Potions","floor":22,"damage_taken":0},{"event_name":"Drug Dealer","player_choice":"Ignored","floor":24,"damage_taken":0},{"event_name":"Beggar","player_choice":"Ignored","floor":28,"damage_taken":0}],"is_beta":false,"boss_relics":[{"not_picked":["Fusion Hammer","Sozu"],"picked":"Orrery"}],"items_purged_floors":[4,19,27],"is_endless":false,"potions_floor_spawned":[2,3,20,29],"killed_by":"Collector","ascension_level":5}