{"gold_per_floor":[119,134,144,144,144,162,187,187,187,187,201,201,232,246,246,320,320,330,330,2,2,2,32,32,61,115,115,146,41,41,41,41,112,112,125,25,25,39,51,51,151,151,151,180,192,211,211,230,230,230],"floor_reached":51,"playtime":2377,"items_purged":["Strike_B","Defend_B"],"score":1519,"play_id":"9e416c26-d7d1-4162-9466-17b786c7addc","local_time":"20190630213302","is_ascension_mode":true,"campfire_choices":[{"data":"Consume","floor":8,"key":"SMITH"},{"data":"Double Energy","floor":10,"key":"SMITH"},{"data":"Chaos","floor":12,"key":"SMITH"},{"data":"Leap","floor":15,"key":"SMITH"},{"data":"Darkness","floor":24,"key":"SMITH"},{"data":"Defragment","floor":27,"key":"SMITH"},{"floor":30,"key":"REST"},{"data":"Capacitor","floor":32,"key":"SMITH"},{"data":"Fission","floor":40,"key":"SMITH"},{"data":"Defragment","floor":42,"key":"SMITH"},{"data":"Defragment","floor":47,"key":"SMITH"},{"floor":49,"key":"REST"}],"neow_cost":"PERCENT_DAMAGE","seed_source_timestamp":1111912082559200,"circlet_count":0,"master_deck":["AscendersBane","Defend_B","Zap+1","Dualcast","Consume+1","FTL","Double Energy+1","Leap+1","Chaos+1","Glacier+1","Sweeping Beam","Auto Shields","Electrodynamics","Gash","Defragment+1","Echo Form","Reinforced Body","Darkness+1","Chill","Defragment+1","Gash","Capacitor+1","Redo","Fission+1","Go for the Eyes","Madness","Madness+1","Defragment+1","Barrage+1","Darkness+1"],"relics":["Cracked Core","Letter Opener","Mummified Hand","Cables","Busted Crown","Gambling Chip","Ginger","Juzu Bracelet","Meat on the Bone","Runic Pyramid","Calipers","War Paint","Anchor"],"potions_floor_usage":[6,7,23,44,44,50],"damage_taken":[{"damage":2,"enemies":"Jaw Worm","floor":1,"turns":4},{"damage":0,"enemies":"Cultist","floor":2,"turns":3},{"damage":0,"enemies":"Small Slimes","floor":3,"turns":3},{"damage":13,"enemies":"Blue Slaver","floor":6,"turns":3},{"damage":2,"enemies":"Lagavulin","floor":7,"turns":5},{"damage":6,"enemies":"3 Louse","floor":11,"turns":3},{"damage":0,"enemies":"3 Sentries","floor":13,"turns":5},{"damage":1,"enemies":"Looter","floor":14,"turns":3},{"damage":0,"enemies":"The Guardian","floor":16,"turns":13},{"damage":1,"enemies":"Spheric Guardian","floor":18,"turns":4},{"damage":15,"enemies":"Colosseum Slavers","floor":21,"turns":2},{"damage":0,"enemies":"Gremlin Leader","floor":23,"turns":6},{"damage":7,"enemies":"Book of Stabbing","floor":25,"turns":6},{"damage":8,"enemies":"Gremlin Leader","floor":28,"turns":4},{"damage":5,"enemies":"Collector","floor":33,"turns":8},{"damage":11,"enemies":"Orb Walker","floor":35,"turns":4},{"damage":13,"enemies":"3 Darklings","floor":38,"turns":5},{"damage":1,"enemies":"Sphere and 2 Shapes","floor":39,"turns":5},{"damage":12,"enemies":"Mind Bloom Boss Battle","floor":41,"turns":7},{"damage":0,"enemies":"Reptomancer","floor":44,"turns":4},{"damage":21,"enemies":"Transient","floor":45,"turns":5},{"damage":0,"enemies":"Spire Growth","floor":46,"turns":5},{"damage":8,"enemies":"4 Shapes","floor":48,"turns":3},{"damage":2,"enemies":"Donu and Deca","floor":50,"turns":7}],"seed_played":"8682743235951139288","potions_obtained":[{"floor":3,"key":"Regen Potion"},{"floor":6,"key":"Fire Potion"},{"floor":11,"key":"Fire Potion"},{"floor":14,"key":"Fire Potion"},{"floor":23,"key":"PowerPotion"},{"floor":45,"key":"Energy Potion"},{"floor":46,"key":"Block Potion"}],"is_trial":false,"path_per_floor":["M","M","M","?","?","M","E","R","T","R","M","R","E","M","R","B",null,"M","?","$","?","?","E","R","E","T","R","E","$","R","?","R","B",null,"M","$","?","M","M","R","?","R","T","E","M","M","R","M","R","B",null],"character_chosen":"DEFECT","items_purchased":["Echo Form","Reinforced Body","Capacitor","Redo"],"campfire_rested":2,"item_purchase_floors":[20,20,29,29],"current_hp_per_floor":[44,44,44,37,37,33,31,31,31,31,25,25,25,24,24,24,59,58,58,58,43,43,43,43,36,36,36,28,28,49,49,49,44,64,53,53,40,39,38,38,38,38,38,38,29,41,41,45,66,64],"gold":230,"neow_bonus":"REMOVE_TWO","is_prod":false,"is_daily":false,"chose_seed":false,"campfire_upgraded":10,"win_rate":0,"timestamp":1561923182,"path_taken":["M","M","M","?","?","M","E","R","T","R","?","R","E","M","R","BOSS","M","?","$","?","?","E","R","E","T","R","E","?","R","?","R","BOSS","M","$","?","M","M","R","?","R","T","E","M","M","R","M","R","BOSS"],"build_version":"2019-01-23","purchased_purges":2,"victory":true,"max_hp_per_floor":[71,71,71,71,71,71,71,71,71,71,71,71,71,71,71,71,71,71,71,71,71,71,71,71,71,71,71,71,71,71,71,71,71,71,71,71,71,71,71,71,71,71,71,71,71,71,71,71,71,71],"card_choices":[{"not_picked":["Streamline","Beam Cell"],"picked":"Consume","floor":1},{"not_picked":["Steam","Stack"],"picked":"FTL","floor":2},{"not_picked":["Rebound","Aggregate"],"picked":"Double Energy","floor":3},{"not_picked":["BootSequence","Gash"],"picked":"Leap","floor":6},{"not_picked":["Machine Learning","Melter"],"picked":"Chaos","floor":7},{"not_picked":["Beam Cell","Barrage"],"picked":"Glacier","floor":11},{"not_picked":["Rebound","Cold Snap"],"picked":"Sweeping Beam","floor":13},{"not_picked":["Steam","Redo"],"picked":"Auto Shields","floor":14},{"not_picked":["Multi-Cast","Seek"],"picked":"Electrodynamics","floor":16},{"not_picked":[],"picked":"Gash","floor":18},{"not_picked":[],"picked":"Defragment","floor":23},{"not_picked":["Leap"],"picked":"SKIP","floor":25},{"not_picked":[],"picked":"Gash","floor":28},{"not_picked":[],"picked":"Fission","floor":33},{"not_picked":[],"picked":"Go for the Eyes","floor":35},{"not_picked":["Go for the Eyes"],"picked":"SKIP","floor":38},{"not_picked":["FTL"],"picked":"SKIP","floor":39},{"not_picked":[],"picked":"Defragment","floor":41},{"not_picked":["Consume"],"picked":"SKIP","floor":44},{"not_picked":[],"picked":"Barrage+1","floor":45},{"not_picked":[],"picked":"Darkness+1","floor":46},{"not_picked":["Auto Shields"],"picked":"SKIP","floor":48}],"player_experience":1525561,"relics_obtained":[{"floor":7,"key":"Letter Opener"},{"floor":9,"key":"Mummified Hand"},{"floor":13,"key":"Cables"},{"floor":23,"key":"Gambling Chip"},{"floor":25,"key":"Ginger"},{"floor":26,"key":"Juzu Bracelet"},{"floor":28,"key":"Meat on the Bone"},{"floor":41,"key":"Calipers"},{"floor":43,"key":"War Paint"},{"floor":44,"key":"Anchor"}],"event_choices":[{"cards_removed":["Strike_B"],"damage_healed":0,"gold_gain":0,"player_choice":"Card Removal","damage_taken":7,"max_hp_gain":0,"max_hp_loss":0,"event_name":"Golden Wing","floor":4,"gold_loss":0},{"damage_healed":0,"gold_gain":0,"player_choice":"Forge","damage_taken":0,"max_hp_gain":0,"max_hp_loss":0,"event_name":"Accursed Blacksmith","floor":5,"gold_loss":0,"cards_upgraded":["Zap"]},{"damage_healed":0,"gold_gain":0,"player_choice":"Read","damage_taken":0,"max_hp_gain":0,"max_hp_loss":0,"event_name":"The Library","floor":19,"gold_loss":0,"cards_obtained":["Defragment"]},{"damage_healed":0,"gold_gain":0,"player_choice":"Fight","damage_taken":0,"max_hp_gain":0,"max_hp_loss":0,"event_name":"Colosseum","floor":21,"gold_loss":0},{"damage_healed":0,"gold_gain":0,"player_choice":"Fled From Nobs","damage_taken":0,"max_hp_gain":0,"max_hp_loss":0,"event_name":"Colosseum","floor":21,"gold_loss":0},{"damage_healed":0,"gold_gain":0,"cards_transformed":["Defend_B","Defend_B"],"player_choice":"Became Test Subject","damage_taken":0,"max_hp_gain":0,"max_hp_loss":0,"event_name":"Drug Dealer","floor":22,"gold_loss":0,"cards_obtained":["Darkness","Chill"]},{"damage_healed":0,"gold_gain":0,"player_choice":"Ignored","damage_taken":0,"max_hp_gain":0,"max_hp_loss":0,"event_name":"Beggar","floor":31,"gold_loss":0},{"damage_healed":0,"gold_gain":0,"player_choice":"Embrace Madness","damage_taken":13,"max_hp_gain":0,"max_hp_loss":0,"event_name":"Winding Halls","floor":37,"gold_loss":0,"cards_obtained":["Madness","Madness"]},{"damage_healed":0,"gold_gain":0,"player_choice":"Fight","damage_taken":0,"max_hp_gain":0,"max_hp_loss":0,"event_name":"MindBloom","floor":41,"gold_loss":0}],"is_beta":false,"boss_relics":[{"not_picked":["Fusion Hammer","White Beast Statue"],"picked":"Busted Crown"},{"not_picked":["Cursed Key","Orrery"],"picked":"Runic Pyramid"}],"items_purged_floors":[20,36],"is_endless":false,"potions_floor_spawned":[3,6,11,14,18,21,23,35,45,46,48],"ascension_level":16}