{"gold_per_floor":[119,44,91,33,46,80,5,5,5,5,21,21,36,186,186,186],"floor_reached":16,"playtime":325,"items_purged":["Strike_R"],"score":221,"play_id":"2df46d46-7699-4121-ba2b-aba912c8867b","local_time":"20190608211034","is_ascension_mode":true,"campfire_choices":[{"data":"Bash","floor":8,"key":"SMITH"},{"data":"Shockwave","floor":10,"key":"SMITH"},{"data":"Clothesline","floor":12,"key":"SMITH"},{"data":"Shrug It Off","floor":15,"key":"SMITH"}],"neow_cost":"NONE","seed_source_timestamp":146192233279100,"circlet_count":0,"master_deck":["AscendersBane","Strike_R","Strike_R","Strike_R","Defend_R","Defend_R","Defend_R","Defend_R","Bash+1","Shockwave+1","Second Wind","Shrug It Off+1","Clothesline+1","Rupture","Doubt"],"relics":["Burning Blood","NeowsBlessing","Pen Nib","Self Forming Clay","Bag of Marbles","Matryoshka"],"potions_floor_usage":[16,16],"damage_taken":[{"damage":0,"enemies":"Cultist","floor":1,"turns":1},{"damage":0,"enemies":"Jaw Worm","floor":5,"turns":1},{"damage":0,"enemies":"Lagavulin","floor":6,"turns":1},{"damage":8,"enemies":"Small Slimes","floor":11,"turns":4},{"damage":7,"enemies":"Exordium Thugs","floor":13,"turns":5},{"damage":89,"enemies":"Slime Boss","floor":16,"turns":9}],"seed_played":"1063989711194705356","potions_obtained":[{"floor":6,"key":"LiquidBronze"},{"floor":11,"key":"Weak Potion"}],"is_trial":false,"path_per_floor":["M","?","T","?","M","E","$","R","T","R","M","R","M","?","R","B"],"character_chosen":"IRONCLAD","items_purchased":[],"campfire_rested":0,"item_purchase_floors":[],"current_hp_per_floor":[74,74,74,74,75,75,75,75,75,75,73,73,72,72,72,0],"gold":186,"neow_bonus":"THREE_ENEMY_KILL","is_prod":false,"is_daily":false,"chose_seed":false,"campfire_upgraded":4,"win_rate":0,"timestamp":1560021034,"path_taken":["M","?","?","?","?","E","$","R","T","R","M","R","M","?","R","BOSS"],"build_version":"2019-01-23","purchased_purges":1,"victory":false,"max_hp_per_floor":[75,75,75,75,75,75,75,75,75,75,75,75,75,75,75,75],"card_choices":[{"not_picked":["Armaments","Thunderclap"],"picked":"Shockwave","floor":1},{"not_picked":["Twin Strike","Wild Strike"],"picked":"Second Wind","floor":5},{"not_picked":["Blood for Blood","Heavy Blade"],"picked":"Shrug It Off","floor":6},{"not_picked":["Pommel Strike","Warcry"],"picked":"Clothesline","floor":11},{"not_picked":["Wild Strike","Havoc"],"picked":"Rupture","floor":13}],"player_experience":1236372,"relics_obtained":[{"floor":3,"key":"Pen Nib"},{"floor":6,"key":"Bag of Marbles"},{"floor":9,"key":"Matryoshka"}],"event_choices":[{"cards_removed":["Strike_R"],"damage_healed":0,"gold_gain":0,"player_choice":"Card Removal","damage_taken":0,"max_hp_gain":0,"max_hp_loss":0,"event_name":"The Cleric","floor":2,"gold_loss":75},{"damage_healed":0,"gold_gain":0,"player_choice":"Paid Gold","damage_taken":0,"relics_obtained":["Self Forming Clay"],"max_hp_gain":0,"max_hp_loss":0,"event_name":"WeMeetAgain","floor":4,"gold_loss":58},{"damage_healed":0,"gold_gain":150,"player_choice":"AGREE","damage_taken":0,"max_hp_gain":0,"max_hp_loss":0,"event_name":"Liars Game","floor":14,"gold_loss":0,"cards_obtained":["Doubt"]}],"is_beta":false,"boss_relics":[],"items_purged_floors":[7],"is_endless":false,"potions_floor_spawned":[6,11,13],"killed_by":"Slime Boss","ascension_level":16}