{"gold_per_floor":[113,131,131,141,153,153,165,165,195,195,218,231,257,216,216,216],"floor_reached":16,"playtime":3570,"items_purged":[],"score":192,"play_id":"35fb2670-38e1-4385-8368-938174fd1db3","local_time":"20190706170501","is_ascension_mode":true,"campfire_choices":[{"data":"Bash","floor":6,"key":"SMITH"},{"data":"Barricade","floor":8,"key":"SMITH"},{"data":"Flex","floor":10,"key":"SMITH"},{"data":"Flame Barrier","floor":15,"key":"SMITH"}],"neow_cost":"NONE","seed_source_timestamp":24359801008600,"circlet_count":0,"master_deck":["AscendersBane","Strike_R","Strike_R","Strike_R","Strike_R","Strike_R","Defend_R","Defend_R","Defend_R","Defend_R","Bash+1","Power Through","Cleave","Flame Barrier+1","Flex+1","Barricade+1","Shrug It Off","Seeing Red","Warcry","Shrug It Off"],"relics":["Burning Blood","Lantern","Tiny Chest","Odd Mushroom","Smiling Mask"],"potions_floor_usage":[4,11,12,14],"damage_taken":[{"damage":3,"enemies":"Small Slimes","floor":1,"turns":4},{"damage":5,"enemies":"2 Louse","floor":2,"turns":4},{"damage":7,"enemies":"Jaw Worm","floor":4,"turns":3},{"damage":11,"enemies":"Blue Slaver","floor":5,"turns":5},{"damage":20,"enemies":"3 Louse","floor":7,"turns":4},{"damage":16,"enemies":"The Mushroom Lair","floor":11,"turns":6},{"damage":14,"enemies":"Large Slime","floor":12,"turns":8},{"damage":18,"enemies":"Gremlin Nob","floor":13,"turns":4},{"damage":7,"enemies":"Exordium Thugs","floor":14,"turns":5},{"damage":26,"enemies":"Slime Boss","floor":16,"turns":10}],"seed_played":"1565757144830886082","potions_obtained":[{"floor":2,"key":"FearPotion"},{"floor":7,"key":"Block Potion"},{"floor":11,"key":"AttackPotion"},{"floor":12,"key":"Fire Potion"}],"is_trial":false,"path_per_floor":["M","M","?","M","M","R","M","R","T","R","?","M","E","M","R","B"],"character_chosen":"IRONCLAD","items_purchased":[],"campfire_rested":0,"item_purchase_floors":[],"current_hp_per_floor":[71,72,77,76,71,71,57,57,57,57,47,39,27,26,26,0],"gold":216,"neow_bonus":"RANDOM_COMMON_RELIC","is_prod":false,"is_daily":false,"chose_seed":false,"campfire_upgraded":4,"win_rate":0,"timestamp":1562425501,"path_taken":["M","M","?","M","M","R","M","R","T","R","?","M","E","M","R","BOSS"],"build_version":"2019-07-05","purchased_purges":0,"victory":false,"max_hp_per_floor":[75,75,80,80,80,80,80,80,80,80,80,80,80,80,80,80],"card_choices":[{"not_picked":["Twin Strike","Dropkick"],"picked":"Power Through","floor":1},{"not_picked":["Rage","Thunderclap"],"picked":"Cleave","floor":2},{"not_picked":["Body Slam","Wild Strike"],"picked":"Flame Barrier","floor":4},{"not_picked":["Warcry","Clash"],"picked":"Flex","floor":5},{"not_picked":["Sword Boomerang","Sever Soul"],"picked":"Barricade","floor":7},{"not_picked":["Havoc","Combust"],"picked":"Shrug It Off","floor":11},{"not_picked":["Disarm","Pummel"],"picked":"Seeing Red","floor":12},{"not_picked":["Bloodletting","Power Through"],"picked":"Warcry","floor":13},{"not_picked":["Cleave","Dual Wield"],"picked":"Shrug It Off","floor":14}],"player_experience":1624256,"relics_obtained":[{"floor":9,"key":"Tiny Chest"},{"floor":11,"key":"Odd Mushroom"},{"floor":13,"key":"Smiling Mask"}],"event_choices":[{"damage_healed":0,"gold_gain":0,"player_choice":"Donut","damage_taken":0,"max_hp_gain":5,"max_hp_loss":0,"event_name":"Big Fish","floor":3,"gold_loss":0},{"damage_healed":0,"gold_gain":0,"player_choice":"Fought Mushrooms","damage_taken":0,"max_hp_gain":0,"max_hp_loss":0,"event_name":"Mushrooms","floor":11,"gold_loss":0}],"is_beta":false,"boss_relics":[],"items_purged_floors":[],"is_endless":false,"potions_floor_spawned":[2,7,11,12],"killed_by":"Slime Boss","ascension_level":17}