{"gold_per_floor":[113,113,131,131,148,148,2,2,2,18,18,32,32,32,32,32],"floor_reached":16,"playtime":444,"items_purged":["Strike_B"],"score":90,"play_id":"53504f84-42b8-40ce-97c8-b36ae6b84934","local_time":"20191008133707","is_ascension_mode":false,"campfire_choices":[{"data":"Hologram","floor":6,"key":"SMITH"},{"data":"Seek","floor":8,"key":"SMITH"},{"data":"Gash","floor":13,"key":"SMITH"},{"data":"Zap","floor":15,"key":"SMITH"}],"neow_cost":"NONE","seed_source_timestamp":228257206503316,"circlet_count":0,"master_deck":["Strike_B","Defend_B+1","Defend_B","Defend_B+1","Defend_B","Zap+1","Dualcast","Gash+1","Hologram+1","Seek+1"],"relics":["Runic Dome","Sundial"],"potions_floor_usage":[16,16],"damage_taken":[{"damage":2,"enemies":"Small Slimes","floor":1,"turns":5},{"damage":1,"enemies":"Cultist","floor":3,"turns":3},{"damage":2,"enemies":"2 Louse","floor":5,"turns":2},{"damage":11,"enemies":"Exordium Thugs","floor":10,"turns":5},{"damage":0,"enemies":"Large Slime","floor":12,"turns":5},{"damage":38,"enemies":"Hexaghost","floor":16,"turns":12}],"seed_played":"-1569755136552465573","potions_obtained":[{"floor":1,"key":"Swift Potion"},{"floor":10,"key":"SpeedPotion"},{"floor":12,"key":"Dexterity Potion"}],"is_trial":false,"path_per_floor":["M","?","M","?","M","R","$","R","T","M","$","M","R","?","R","B"],"character_chosen":"DEFECT","items_purchased":["Seek"],"campfire_rested":0,"item_purchase_floors":[7],"current_hp_per_floor":[73,73,72,57,55,55,55,55,55,44,44,44,44,37,37,0],"gold":32,"neow_bonus":"BOSS_RELIC","is_prod":false,"is_daily":false,"chose_seed":false,"campfire_upgraded":4,"win_rate":0,"timestamp":1570567027,"path_taken":["M","?","?","?","M","R","?","R","T","M","$","M","R","?","R","BOSS"],"build_version":"2019-07-17","purchased_purges":1,"victory":false,"max_hp_per_floor":[75,75,75,75,75,75,75,75,75,75,75,75,75,75,75,75],"card_choices":[{"not_picked":["White Noise","Stack","Cold Snap"],"picked":"SKIP","floor":1},{"not_picked":["Stack","Steam"],"picked":"Gash","floor":3},{"not_picked":["Leap","Force Field"],"picked":"Hologram","floor":5},{"not_picked":["Melter","Heatsinks","Hello World"],"picked":"SKIP","floor":10},{"not_picked":["Hello World","Recycle","Chill"],"picked":"SKIP","floor":12},{"not_picked":["Hello World","Recycle","Chill"],"picked":"SKIP","floor":12}],"player_experience":365944,"relics_obtained":[{"floor":9,"key":"Sundial"}],"event_choices":[{"cards_removed":["Strike_B"],"damage_healed":0,"gold_gain":0,"player_choice":"Offered Basic","damage_taken":0,"max_hp_gain":0,"max_hp_loss":0,"event_name":"Bonfire Elementals","floor":2,"gold_loss":0},{"damage_healed":0,"gold_gain":0,"player_choice":"Entered Light","damage_taken":15,"max_hp_gain":0,"max_hp_loss":0,"event_name":"Shining Light","floor":4,"gold_loss":0,"cards_upgraded":["Defend_B","Defend_B"]},{"cards_removed":["Strike_B"],"damage_healed":0,"gold_gain":0,"player_choice":"Card Removal","damage_taken":7,"max_hp_gain":0,"max_hp_loss":0,"event_name":"Golden Wing","floor":14,"gold_loss":0}],"is_beta":false,"boss_relics":[],"items_purged_floors":[7],"is_endless":false,"potions_floor_spawned":[1,10,12],"killed_by":"Hexaghost","ascension_level":0}