{"gold_per_floor":[115,115,128,143,68,68,68,68,92,92,115,159,159,180,180,310,310,286,299,299,76,76,76,96,96,96,96,96,17,33,33,33,156,156,181,181,202,223,244,244,244,244,268,295,309,309,328,57,57,57],"floor_reached":50,"playtime":3123,"items_purged":["Regret","Normality","Doubt"],"score":465,"play_id":"196ab4ab-f441-4c3e-907c-66d52bf04275","local_time":"20190609001723","is_ascension_mode":false,"campfire_choices":[{"floor":6,"key":"REST"},{"floor":15,"key":"REST"},{"data":"Envenom","floor":23,"key":"SMITH"},{"floor":25,"key":"REST"},{"floor":28,"key":"REST"},{"floor":32,"key":"REST"},{"floor":40,"key":"REST"},{"floor":46,"key":"REST"},{"floor":49,"key":"RECALL"}],"neow_cost":"CURSE","seed_source_timestamp":1318903977272878,"circlet_count":0,"master_deck":["Defend_G","Defend_G","Defend_G","Defend_G","Defend_G","Strike_G","Strike_G","Strike_G","Strike_G","Survivor","Neutralize","Noxious Fumes","Deflect","Backflip","Leg Sweep","Envenom+1","Parasite","Deadly Poison","Noxious Fumes","Poisoned Stab","Backstab","Die Die Die","Well Laid Plans+1","Infinite Blades+1","Parasite","Poisoned Stab+1","Panacea","Poisoned Stab+1","Distraction"],"relics":["Ring of the Snake","FossilizedHelix","Golden Idol","Ancient Tea Set","Lantern","Calling Bell","Happy Flower","Ninja Scroll","Tough Bandages","Meat on the Bone","Philosopher\u0027s Stone","Snake Skull","Pen Nib","Bag of Preparation"],"potions_floor_usage":[12,12,12,16,19,24,33,33,50,50],"damage_taken":[{"damage":0,"enemies":"Small Slimes","floor":1,"turns":6},{"damage":9,"enemies":"Jaw Worm","floor":3,"turns":8},{"damage":0,"enemies":"2 Louse","floor":4,"turns":3},{"damage":0,"enemies":"Gremlin Gang","floor":11,"turns":6},{"damage":19,"enemies":"Lagavulin","floor":12,"turns":11},{"damage":0,"enemies":"2 Fungi Beasts","floor":14,"turns":4},{"damage":59,"enemies":"Slime Boss","floor":16,"turns":17},{"damage":12,"enemies":"2 Thieves","floor":18,"turns":5},{"damage":0,"enemies":"Chosen","floor":19,"turns":6},{"damage":53,"enemies":"3 Cultists","floor":24,"turns":7},{"damage":11,"enemies":"Snecko","floor":30,"turns":5},{"damage":42,"enemies":"Champ","floor":33,"turns":16},{"damage":0,"enemies":"3 Shapes","floor":35,"turns":5},{"damage":29,"enemies":"3 Darklings","floor":37,"turns":8},{"damage":18,"enemies":"Writhing Mass","floor":38,"turns":7},{"damage":26,"enemies":"Sphere and 2 Shapes","floor":39,"turns":6},{"damage":0,"enemies":"4 Shapes","floor":45,"turns":7},{"damage":31,"enemies":"Transient","floor":47,"turns":5},{"damage":72,"enemies":"Donu and Deca","floor":50,"turns":5}],"seed_played":"8012642099062324337","potions_obtained":[{"floor":3,"key":"FearPotion"},{"floor":4,"key":"Energy Potion"},{"floor":11,"key":"SteroidPotion"},{"floor":12,"key":"Strength Potion"},{"floor":16,"key":"Explosive Potion"},{"floor":18,"key":"SteroidPotion"},{"floor":24,"key":"Strength Potion"},{"floor":30,"key":"Dexterity Potion"},{"floor":37,"key":"FairyPotion"},{"floor":39,"key":"Energy Potion"},{"floor":45,"key":"Dexterity Potion"}],"is_trial":false,"path_per_floor":["M","?","M","M","$","R","T","?","T","$","M","E","?","M","R","B",null,"M","M","?","$","?","R","M","R","T","$","R","$","M","?","R","B",null,"M","?","M","M","M","R","?","?","T","T","M","R","M","$","R","B"],"character_chosen":"THE_SILENT","items_purchased":["Noxious Fumes","Poisoned Stab","Backstab","Bag of Preparation"],"campfire_rested":7,"item_purchase_floors":[21,21,29,48],"current_hp_per_floor":[70,53,44,44,44,65,65,65,65,65,65,46,46,46,67,8,70,58,58,58,58,58,58,5,26,26,26,47,47,36,59,70,40,70,70,70,41,35,21,42,42,42,42,42,42,61,42,42,42,0],"gold":57,"neow_bonus":"ONE_RARE_RELIC","is_prod":false,"is_daily":false,"chose_seed":false,"campfire_upgraded":1,"win_rate":0,"timestamp":1560053843,"path_taken":["M","?","M","M","$","R","?","?","T","$","?","E","?","M","R","BOSS","M","M","?","$","?","R","?","R","T","$","R","$","M","?","R","BOSS","M","?","?","M","M","R","?","?","T","?","M","R","?","?","R","BOSS"],"build_version":"2019-01-23","purchased_purges":3,"victory":false,"max_hp_per_floor":[70,70,70,70,70,70,70,70,70,70,70,70,70,70,70,70,70,70,70,70,70,70,70,70,70,70,70,70,70,70,70,70,70,70,70,70,70,70,70,70,70,66,66,66,66,66,66,66,66,66],"card_choices":[{"not_picked":["PiercingWail","Eviscerate","Underhanded Strike"],"picked":"SKIP","floor":1},{"not_picked":["Caltrops","Quick Slash"],"picked":"Noxious Fumes","floor":3},{"not_picked":["Flying Knee","Calculated Gamble"],"picked":"Deflect","floor":4},{"not_picked":["Blade Dance","Cloak And Dagger","Dodge and Roll"],"picked":"SKIP","floor":11},{"not_picked":["Setup","Dagger Throw"],"picked":"Backflip","floor":12},{"not_picked":["Storm of Steel","Outmaneuver"],"picked":"Leg Sweep","floor":14},{"not_picked":["Doppelganger","Burst"],"picked":"Envenom","floor":16},{"not_picked":["Flechettes","Cloak And Dagger","Dodge and Roll+1"],"picked":"SKIP","floor":18},{"not_picked":["Infinite Blades+1","Finisher"],"picked":"Deadly Poison","floor":19},{"not_picked":["Sucker Punch+1","Calculated Gamble+1","Cloak And Dagger"],"picked":"SKIP","floor":24},{"not_picked":["Flying Knee","Infinite Blades","Endless Agony"],"picked":"SKIP","floor":30},{"not_picked":["Bullet Time","Storm of Steel"],"picked":"Die Die Die","floor":33},{"not_picked":["Dagger Spray+1","Concentrate"],"picked":"Well Laid Plans+1","floor":35},{"not_picked":["Prepared+1","Endless Agony+1"],"picked":"Infinite Blades+1","floor":37},{"not_picked":["Blade Dance+1","Glass Knife"],"picked":"Poisoned Stab+1","floor":38},{"not_picked":["Skewer+1","Underhanded Strike+1","Predator"],"picked":"SKIP","floor":39},{"not_picked":["Violence","Enlightenment"],"picked":"Panacea","floor":41},{"not_picked":["Outmaneuver","Backstab"],"picked":"Poisoned Stab+1","floor":45},{"not_picked":["Expertise","Deflect+1"],"picked":"Distraction","floor":47}],"player_experience":175230,"relics_obtained":[{"floor":7,"key":"Ancient Tea Set"},{"floor":12,"key":"Lantern"},{"floor":17,"key":"Happy Flower"},{"floor":17,"key":"Ninja Scroll"},{"floor":17,"key":"Tough Bandages"},{"floor":26,"key":"Meat on the Bone"},{"floor":43,"key":"Snake Skull"},{"floor":44,"key":"Pen Nib"}],"event_choices":[{"damage_healed":0,"gold_gain":0,"player_choice":"Take Damage","damage_taken":17,"relics_obtained":["Golden Idol"],"max_hp_gain":0,"max_hp_loss":0,"event_name":"Golden Idol","floor":2,"gold_loss":0},{"damage_healed":0,"gold_gain":0,"player_choice":"Bought 0 Potions","damage_taken":0,"max_hp_gain":0,"max_hp_loss":0,"event_name":"The Woman in Blue","floor":8,"gold_loss":0},{"damage_healed":0,"gold_gain":0,"player_choice":"Ignored","damage_taken":0,"max_hp_gain":0,"max_hp_loss":0,"event_name":"Liars Game","floor":13,"gold_loss":0},{"damage_healed":0,"gold_gain":0,"player_choice":"Ignored","damage_taken":0,"max_hp_gain":0,"max_hp_loss":0,"event_name":"Cursed Tome","floor":20,"gold_loss":0},{"cards_removed":["Strike_G"],"damage_healed":0,"gold_gain":0,"player_choice":"Offered Basic","damage_taken":0,"max_hp_gain":0,"max_hp_loss":0,"event_name":"Bonfire Elementals","floor":22,"gold_loss":0},{"damage_healed":23,"gold_gain":0,"player_choice":"Heal","damage_taken":0,"max_hp_gain":0,"max_hp_loss":0,"event_name":"The Library","floor":31,"gold_loss":0},{"damage_healed":0,"gold_gain":0,"player_choice":"0 cards matched","damage_taken":0,"max_hp_gain":0,"max_hp_loss":0,"event_name":"Match and Keep!","floor":36,"gold_loss":0,"cards_obtained":[]},{"damage_healed":0,"gold_gain":0,"player_choice":"Memory 1","damage_taken":0,"max_hp_gain":0,"max_hp_loss":0,"event_name":"SensoryStone","floor":41,"gold_loss":0},{"damage_healed":0,"gold_gain":0,"player_choice":"Max HP","damage_taken":0,"max_hp_gain":0,"max_hp_loss":4,"event_name":"Winding Halls","floor":42,"gold_loss":0}],"is_beta":false,"boss_relics":[{"not_picked":["Eternal Feather","Orrery"],"picked":"Calling Bell"},{"not_picked":["Lizard Tail","Coffee Dripper"],"picked":"Philosopher\u0027s Stone"}],"items_purged_floors":[5,21,48],"is_endless":false,"potions_floor_spawned":[3,4,11,12,16,18,24,30,37,39,45],"killed_by":"Donu and Deca","ascension_level":0}