{"gold_per_floor":[115,128,48,60,60,86,51,51,51,51,119,130,130,142,142,218,218,234,76,76,22,22,22,49,49,49,65,90,15,15,43,43,120,120,133,144,144,144,7,7,57,57,57,57,68,68,86,98,98,98],"floor_reached":50,"playtime":3034,"items_purged":["Strike_B","Strike_B"],"score":1138,"play_id":"8aefdd35-f2df-44bd-8368-7e232e6458c6","local_time":"20190629092802","is_ascension_mode":true,"campfire_choices":[{"floor":8,"key":"REST"},{"data":"Sunder","floor":10,"key":"SMITH"},{"data":"Buffer","floor":13,"key":"SMITH"},{"data":"Biased Cognition","floor":15,"key":"SMITH"},{"data":"Seek","floor":23,"key":"SMITH"},{"data":"Ghostly","floor":25,"key":"SMITH"},{"data":"Static Discharge","floor":32,"key":"SMITH"},{"data":"Beam Cell","floor":40,"key":"SMITH"},{"data":"Thunder Strike","floor":44,"key":"SMITH"},{"floor":49,"key":"REST"}],"neow_cost":"NONE","seed_source_timestamp":136513135445540,"circlet_count":0,"master_deck":["AscendersBane","Strike_B+1","Defend_B","Defend_B","Defend_B","Defend_B","Zap+1","Dualcast+1","Beam Cell+1","Buffer+1","Sunder+1","Conserve Battery","Biased Cognition+1","Cold Snap","Gash","Seek+1","Sweeping Beam","Glacier","Ghostly+1","Ghostly","Ghostly","Skim+1","Gash","Static Discharge+1","Thunder Strike+1","Storm+1","Tempest","Fusion+1","Double Energy+1"],"relics":["Cracked Core","Dead Branch","StoneCalendar","Velvet Choker","Nilry\u0027s Codex","Centennial Puzzle","Meat on the Bone","Strawberry","Happy Flower","Cursed Key"],"potions_floor_usage":[16,27,45,50,50],"damage_taken":[{"damage":2,"enemies":"Jaw Worm","floor":1,"turns":3},{"damage":7,"enemies":"Small Slimes","floor":2,"turns":3},{"damage":1,"enemies":"2 Louse","floor":4,"turns":2},{"damage":32,"enemies":"Lagavulin","floor":6,"turns":8},{"damage":1,"enemies":"2 Fungi Beasts","floor":12,"turns":2},{"damage":6,"enemies":"Lots of Slimes","floor":14,"turns":3},{"damage":0,"enemies":"The Guardian","floor":16,"turns":9},{"damage":19,"enemies":"Shell Parasite","floor":18,"turns":4},{"damage":0,"enemies":"Gremlin Leader","floor":24,"turns":6},{"damage":10,"enemies":"2 Thieves","floor":27,"turns":4},{"damage":6,"enemies":"Slavers","floor":28,"turns":5},{"damage":4,"enemies":"Gremlin Leader","floor":31,"turns":8},{"damage":5,"enemies":"Automaton","floor":33,"turns":9},{"damage":0,"enemies":"3 Shapes","floor":35,"turns":5},{"damage":6,"enemies":"3 Darklings","floor":36,"turns":6},{"damage":0,"enemies":"Transient","floor":45,"turns":6},{"damage":5,"enemies":"Writhing Mass","floor":47,"turns":6},{"damage":2,"enemies":"4 Shapes","floor":48,"turns":5},{"damage":42,"enemies":"Donu and Deca","floor":50,"turns":6}],"seed_played":"-8407400067208391323","potions_obtained":[{"floor":2,"key":"Ancient Potion"},{"floor":4,"key":"AttackPotion"},{"floor":30,"key":"SpeedPotion"},{"floor":47,"key":"SpeedPotion"}],"is_trial":false,"path_per_floor":["M","M","$","M","?","E","?","R","T","R","?","M","R","M","R","B",null,"M","$","?","$","?","R","E","R","T","M","E","?","?","E","R","B",null,"M","M","?","?","$","R","?","$","T","R","M","$","M","M","R","B"],"character_chosen":"DEFECT","items_purchased":["Sunder","Glacier","Fire Potion","Tempest"],"campfire_rested":2,"item_purchase_floors":[3,19,21,39],"current_hp_per_floor":[62,55,55,54,33,1,18,39,39,39,39,38,38,32,32,32,61,42,42,21,21,21,21,21,21,21,23,36,36,36,32,32,27,38,38,32,32,32,32,32,28,28,28,28,28,28,23,21,33,0],"gold":98,"neow_bonus":"UPGRADE_CARD","is_prod":false,"is_daily":false,"chose_seed":false,"campfire_upgraded":8,"win_rate":0,"timestamp":1561796882,"path_taken":["M","M","$","M","?","E","?","R","T","R","?","M","R","M","R","BOSS","M","$","?","$","?","R","E","R","T","M","E","?","?","E","R","BOSS","M","?","?","?","$","R","?","$","T","R","?","?","?","M","R","BOSS"],"build_version":"2019-01-23","purchased_purges":2,"victory":false,"max_hp_per_floor":[71,71,71,71,71,71,71,71,71,71,71,71,71,71,71,71,71,71,71,71,71,35,35,35,35,35,35,42,42,42,42,42,42,42,42,42,40,40,40,40,40,40,40,40,40,40,40,40,40,40],"card_choices":[{"not_picked":["Coolheaded","Hologram"],"picked":"Beam Cell","floor":1},{"not_picked":["Steam","Coolheaded"],"picked":"Buffer","floor":2},{"not_picked":["Redo","Stack"],"picked":"Conserve Battery","floor":4},{"not_picked":["Leap","Stack"],"picked":"Biased Cognition","floor":6},{"not_picked":["Skim","Ball Lightning"],"picked":"Cold Snap","floor":12},{"not_picked":["Sweeping Beam","Stack"],"picked":"Gash","floor":14},{"not_picked":["Biased Cognition","Meteor Strike"],"picked":"Seek","floor":16},{"not_picked":["Streamline","Leap"],"picked":"Sweeping Beam","floor":18},{"not_picked":["Scrape","Darkness","Beam Cell"],"picked":"SKIP","floor":24},{"not_picked":["Rebound","Ball Lightning"],"picked":"Skim+1","floor":27},{"not_picked":["Steam Power","Chaos"],"picked":"Gash","floor":28},{"not_picked":["Auto Shields","Machine Learning"],"picked":"Static Discharge","floor":31},{"not_picked":["Multi-Cast","Echo Form"],"picked":"Thunder Strike","floor":33},{"not_picked":["Gash","Hologram"],"picked":"Storm+1","floor":35},{"not_picked":["Coolheaded","Compile Driver","Cold Snap"],"picked":"SKIP","floor":36},{"not_picked":["Gash+1","Cold Snap"],"picked":"Fusion+1","floor":45},{"not_picked":["Stack","Turbo"],"picked":"Double Energy+1","floor":47},{"not_picked":["Recycle","Darkness","Redo+1"],"picked":"SKIP","floor":48}],"player_experience":1110581,"relics_obtained":[{"floor":6,"key":"Dead Branch"},{"floor":9,"key":"StoneCalendar"},{"floor":20,"key":"Nilry\u0027s Codex"},{"floor":24,"key":"Centennial Puzzle"},{"floor":26,"key":"Meat on the Bone"},{"floor":28,"key":"Strawberry"},{"floor":31,"key":"Happy Flower"}],"event_choices":[{"damage_healed":0,"gold_gain":0,"player_choice":"Entered Light","damage_taken":21,"max_hp_gain":0,"max_hp_loss":0,"event_name":"Shining Light","floor":5,"gold_loss":0,"cards_upgraded":["Strike_B","Dualcast"]},{"damage_healed":17,"gold_gain":0,"player_choice":"Healed","damage_taken":0,"max_hp_gain":0,"max_hp_loss":0,"event_name":"The Cleric","floor":7,"gold_loss":35},{"damage_healed":0,"gold_gain":68,"player_choice":"Gained Gold","damage_taken":0,"max_hp_gain":0,"max_hp_loss":0,"event_name":"Golden Wing","floor":11,"gold_loss":0},{"damage_healed":0,"gold_gain":0,"player_choice":"Obtained Book","damage_taken":21,"max_hp_gain":0,"max_hp_loss":0,"event_name":"Cursed Tome","floor":20,"gold_loss":0},{"damage_healed":0,"gold_gain":0,"player_choice":"Became a Ghost","damage_taken":0,"max_hp_gain":0,"max_hp_loss":36,"event_name":"Ghosts","floor":22,"gold_loss":0,"cards_obtained":["Ghostly","Ghostly","Ghostly"]},{"cards_removed":["Strike_B"],"damage_healed":0,"gold_gain":0,"player_choice":"Gave Gold","damage_taken":0,"max_hp_gain":0,"max_hp_loss":0,"event_name":"Beggar","floor":29,"gold_loss":75},{"damage_healed":0,"gold_gain":0,"player_choice":"Got Potions","damage_taken":0,"max_hp_gain":0,"max_hp_loss":0,"event_name":"Lab","floor":30,"gold_loss":0},{"damage_healed":0,"gold_gain":0,"player_choice":"Max HP","damage_taken":0,"max_hp_gain":0,"max_hp_loss":2,"event_name":"Winding Halls","floor":37,"gold_loss":0},{"damage_healed":0,"gold_gain":0,"player_choice":"Ignored","damage_taken":0,"max_hp_gain":0,"max_hp_loss":0,"event_name":"Tomb of Lord Red Mask","floor":38,"gold_loss":0},{"damage_healed":0,"gold_gain":50,"player_choice":"Touch","damage_taken":4,"max_hp_gain":0,"max_hp_loss":0,"event_name":"FaceTrader","floor":41,"gold_loss":0}],"is_beta":false,"boss_relics":[{"not_picked":["Philosopher\u0027s Stone","White Beast Statue"],"picked":"Velvet Choker"},{"not_picked":["Runic Pyramid","FrozenCore"],"picked":"Cursed Key"}],"items_purged_floors":[19,39],"is_endless":false,"potions_floor_spawned":[2,4,24,31,33,35,47],"killed_by":"Donu and Deca","ascension_level":20}