{"gold_per_floor":[110,110,110,33,33,64,119,119,145,165,165,196,210,224,224,297,297,312,312,328,339,349,349,361,379,404,118,118,153,201,214,214,288,288,306,606,621,637,430,461,461,491,516,62,79,79,99,99,99,99],"floor_reached":51,"playtime":2577,"items_purged":["Strike_R","Strike_R","Strike_R"],"score":1310,"play_id":"d9abe9d2-ced9-41a4-b518-1d903f527ace","local_time":"20191009152018","is_ascension_mode":true,"campfire_choices":[{"data":"Uppercut","floor":8,"key":"SMITH"},{"data":"Inflame","floor":15,"key":"SMITH"},{"floor":23,"key":"REST"},{"floor":28,"key":"REST"},{"floor":32,"key":"REST"},{"floor":41,"key":"REST"},{"floor":46,"key":"REST"},{"floor":49,"key":"RECALL"}],"neow_cost":"NONE","seed_source_timestamp":192691367263718,"circlet_count":0,"master_deck":["AscendersBane","Strike_R+1","Defend_R+1","Defend_R+1","Defend_R+1","Defend_R+1","Bash+1","Combust+1","Corruption+1","Uppercut+1","Carnage+1","Shrug It Off+1","Inflame+1","Pummel+1","Reaper+1","Whirlwind+1","Feed+1","Armaments+1","Havoc+1","Infernal Blade+1","Uppercut+1","Fiend Fire+1","Shrug It Off+1","Inflame+1","Shrug It Off+1","Disarm+1","Reaper+1","Metallicize+1","Infernal Blade+1","Infernal Blade+1","Exhume+1","Reaper+1","Intimidate+1","Thunderclap+1"],"relics":["Burning Blood","NeowsBlessing","InkBottle","Toxic Egg 2","Smiling Mask","Matryoshka","Turnip","Fusion Hammer","Potion Belt","Lantern","Toy Ornithopter","Ancient Tea Set","Centennial Puzzle","Runic Pyramid","Strange Spoon","Bottled Flame","Gremlin Horn","Bronze Scales","Mark of the Bloom"],"potions_floor_usage":[16,18,25,33,40,50,50,50],"damage_taken":[{"damage":0,"enemies":"Cultist","floor":1,"turns":1},{"damage":1,"enemies":"3 Sentries","floor":6,"turns":1},{"damage":0,"enemies":"3 Sentries","floor":7,"turns":2},{"damage":2,"enemies":"2 Louse","floor":10,"turns":3},{"damage":35,"enemies":"Gremlin Nob","floor":12,"turns":4},{"damage":4,"enemies":"Jaw Worm","floor":13,"turns":3},{"damage":11,"enemies":"Looter","floor":14,"turns":2},{"damage":38,"enemies":"The Guardian","floor":16,"turns":11},{"damage":7,"enemies":"Chosen","floor":18,"turns":4},{"damage":23,"enemies":"Shell Parasite","floor":20,"turns":7},{"damage":22,"enemies":"Sentry and Sphere","floor":21,"turns":5},{"damage":7,"enemies":"Snecko","floor":22,"turns":4},{"damage":17,"enemies":"Centurion and Healer","floor":24,"turns":4},{"damage":0,"enemies":"Sentry and Sphere","floor":25,"turns":3},{"damage":43,"enemies":"Book of Stabbing","floor":29,"turns":5},{"damage":5,"enemies":"Snake Plant","floor":31,"turns":4},{"damage":85,"enemies":"Champ","floor":33,"turns":13},{"damage":13,"enemies":"Orb Walker","floor":35,"turns":4},{"damage":17,"enemies":"3 Shapes","floor":37,"turns":2},{"damage":40,"enemies":"3 Darklings","floor":38,"turns":7},{"damage":34,"enemies":"Reptomancer","floor":40,"turns":5},{"damage":40,"enemies":"Nemesis","floor":42,"turns":5},{"damage":10,"enemies":"Maw","floor":45,"turns":7},{"damage":17,"enemies":"Sphere and 2 Shapes","floor":47,"turns":4},{"damage":84,"enemies":"Donu and Deca","floor":50,"turns":8}],"seed_played":"-4066948436285116110","potions_obtained":[{"floor":7,"key":"Ancient Potion"},{"floor":12,"key":"Energy Potion"},{"floor":14,"key":"SteroidPotion"},{"floor":18,"key":"Fire Potion"},{"floor":20,"key":"GamblersBrew"},{"floor":33,"key":"Dexterity Potion"},{"floor":38,"key":"SteroidPotion"},{"floor":42,"key":"BloodPotion"}],"is_trial":false,"path_per_floor":["M","?","?","$","?","E","?","R","T","M","?","E","M","M","R","B",null,"M","?","M","M","M","R","M","M","T","$","R","E","T","M","R","B",null,"M","?","M","M","$","E","R","E","T","$","M","R","M","?","R","B",null],"character_chosen":"IRONCLAD","items_purchased":["Corruption","Fiend Fire","Shrug It Off+1","Inflame","Strange Spoon","Exhume+1","Reaper","Strength Potion","FearPotion"],"campfire_rested":5,"item_purchase_floors":[4,27,27,27,39,44,44,44,44],"current_hp_per_floor":[74,74,74,74,59,64,70,70,70,74,74,45,47,42,42,10,59,65,65,61,48,57,81,73,83,83,83,88,51,51,68,91,20,76,81,81,74,85,85,99,104,71,71,71,89,104,107,107,107,23],"gold":99,"neow_bonus":"THREE_ENEMY_KILL","is_prod":false,"is_daily":false,"chose_seed":false,"campfire_upgraded":2,"win_rate":0,"timestamp":1570648818,"path_taken":["M","?","?","?","?","E","?","R","T","M","?","E","?","M","R","BOSS","M","?","M","M","M","R","?","M","T","$","R","E","?","M","R","BOSS","M","?","?","M","$","E","R","E","T","$","M","R","M","?","R","BOSS"],"build_version":"2019-10-08","purchased_purges":3,"victory":true,"max_hp_per_floor":[75,75,75,75,75,75,75,75,75,75,75,75,75,75,75,75,75,75,75,78,81,81,81,84,88,88,88,88,88,88,91,91,94,94,97,97,101,104,104,104,104,104,104,104,104,104,107,107,107,107],"card_choices":[{"not_picked":["Perfected Strike","Sword Boomerang"],"picked":"Combust","floor":1},{"not_picked":["Barricade","Cleave"],"picked":"Uppercut","floor":6},{"not_picked":["Iron Wave","Warcry"],"picked":"Carnage","floor":7},{"not_picked":["Iron Wave","Armaments+1"],"picked":"Shrug It Off+1","floor":10},{"not_picked":["Heavy Blade","Sentinel+1"],"picked":"Inflame","floor":12},{"not_picked":["Perfected Strike","Dropkick"],"picked":"Pummel","floor":13},{"not_picked":["Evolve","Clash","Flex+1"],"picked":"SKIP","floor":14},{"not_picked":["Double Tap+1","Impervious+1"],"picked":"Reaper","floor":16},{"not_picked":["Clothesline","Twin Strike"],"picked":"Whirlwind+1","floor":18},{"not_picked":["Warcry+1","Entrench+1"],"picked":"Armaments+1","floor":20},{"not_picked":["Burning Pact+1","Body Slam"],"picked":"Havoc+1","floor":21},{"not_picked":["Brutality","Warcry+1"],"picked":"Infernal Blade+1","floor":22},{"not_picked":["Pommel Strike","Perfected Strike","Iron Wave"],"picked":"SKIP","floor":24},{"not_picked":["Pommel Strike","Perfected Strike"],"picked":"Uppercut","floor":25},{"not_picked":["Rage+1","Headbutt"],"picked":"Shrug It Off+1","floor":29},{"not_picked":["Wild Strike","Perfected Strike"],"picked":"Disarm+1","floor":31},{"not_picked":["Feed","Berserk"],"picked":"Reaper","floor":33},{"not_picked":["Burning Pact+1","Clothesline"],"picked":"Metallicize","floor":35},{"not_picked":["Corruption","Clothesline"],"picked":"Infernal Blade+1","floor":37},{"not_picked":["Cleave+1","Dropkick+1","Flex+1"],"picked":"SKIP","floor":38},{"not_picked":["Thunderclap","Sword Boomerang","Metallicize"],"picked":"SKIP","floor":40},{"not_picked":["Heavy Blade","Flex+1"],"picked":"Infernal Blade+1","floor":42},{"not_picked":["Searing Blow","Wild Strike"],"picked":"Intimidate+1","floor":45},{"not_picked":["Sword Boomerang","Thunderclap","Warcry+1"],"picked":"SKIP","floor":47},{"not_picked":["Sword Boomerang","Warcry+1"],"picked":"Thunderclap","floor":47}],"player_experience":485407,"relics_obtained":[{"floor":6,"key":"InkBottle"},{"floor":7,"key":"Toxic Egg 2"},{"floor":9,"key":"Smiling Mask"},{"floor":12,"key":"Turnip"},{"floor":26,"key":"Potion Belt"},{"floor":26,"key":"Lantern"},{"floor":29,"key":"Toy Ornithopter"},{"floor":30,"key":"Ancient Tea Set"},{"floor":30,"key":"Centennial Puzzle"},{"floor":40,"key":"Bottled Flame"},{"floor":42,"key":"Gremlin Horn"},{"floor":43,"key":"Bronze Scales"}],"event_choices":[{"damage_healed":0,"gold_gain":0,"player_choice":"Ignored","damage_taken":0,"max_hp_gain":0,"max_hp_loss":0,"event_name":"Liars Game","floor":2,"gold_loss":0},{"cards_removed":["Strike_R"],"damage_healed":0,"gold_gain":0,"player_choice":"Forget","damage_taken":0,"max_hp_gain":0,"max_hp_loss":0,"event_name":"Living Wall","floor":3,"gold_loss":0},{"damage_healed":0,"gold_gain":0,"player_choice":"Entered Light","damage_taken":15,"max_hp_gain":0,"max_hp_loss":0,"event_name":"Shining Light","floor":5,"gold_loss":0,"cards_upgraded":["Combust","Defend_R"]},{"damage_healed":0,"gold_gain":0,"player_choice":"Searched \u00271\u0027 times","damage_taken":0,"max_hp_gain":0,"max_hp_loss":0,"event_name":"Dead Adventurer","floor":7,"gold_loss":0},{"damage_healed":0,"gold_gain":0,"player_choice":"Gave Potion","damage_taken":0,"relics_obtained":["Matryoshka"],"max_hp_gain":0,"max_hp_loss":0,"event_name":"WeMeetAgain","floor":11,"gold_loss":0},{"damage_healed":0,"gold_gain":0,"player_choice":"1 cards matched","damage_taken":0,"max_hp_gain":0,"max_hp_loss":0,"event_name":"Match and Keep!","floor":19,"gold_loss":0,"cards_obtained":["Feed"]},{"damage_healed":0,"gold_gain":300,"player_choice":"Gold","damage_taken":0,"max_hp_gain":0,"max_hp_loss":0,"event_name":"Wheel of Change","floor":36,"gold_loss":0},{"damage_healed":0,"gold_gain":0,"player_choice":"Upgrade","damage_taken":0,"relics_obtained":["Mark of the Bloom"],"max_hp_gain":0,"max_hp_loss":0,"event_name":"MindBloom","floor":48,"gold_loss":0,"cards_upgraded":["Strike_R","Defend_R","Defend_R","Defend_R","Bash","Corruption","Carnage","Pummel","Reaper","Feed","Uppercut","Fiend Fire","Inflame","Reaper","Metallicize","Reaper","Thunderclap"]}],"is_beta":true,"boss_relics":[{"not_picked":["Pandora\u0027s Box","SacredBark"],"picked":"Fusion Hammer"},{"not_picked":["Busted Crown","Snecko Eye"],"picked":"Runic Pyramid"}],"items_purged_floors":[27,39,44],"is_endless":false,"potions_floor_spawned":[7,12,14,18,20,22,33,38,42,47],"ascension_level":14}