{"gold_per_floor":[114,128,178,194,207,207,236,236,236,263,40,40,75,86,86,164,164,181,2,17,17,28,28,28,28,80,90,102,102,102],"floor_reached":30,"playtime":1180,"items_purged":["Strike_R","Strike_R"],"score":463,"play_id":"f537d219-6aa1-4885-bfd7-2c77b3a45957","local_time":"20190515035703","is_ascension_mode":true,"campfire_choices":[{"data":"Bash","floor":6,"key":"SMITH"},{"data":"Iron Wave","floor":8,"key":"SMITH"},{"floor":12,"key":"REST"},{"data":"Whirlwind","floor":15,"key":"SMITH"},{"data":"Armaments","floor":23,"key":"SMITH"},{"data":"Feel No Pain","floor":25,"key":"SMITH"}],"neow_cost":"NONE","seed_source_timestamp":102844148723700,"circlet_count":0,"master_deck":["AscendersBane","Defend_R","Defend_R","Defend_R","Bash+1","Headbutt","Iron Wave+1","Pommel Strike","Sever Soul","Power Through","Whirlwind+1","Clothesline","Clash","Juggernaut+1","Feel No Pain+1","Armaments+1","Bite","Bite","Bite","Bite","Bite","Clash","Flex","Rampage","Necronomicurse"],"relics":["Burning Blood","Bag of Marbles","Meat on the Bone","Gambling Chip","Bronze Scales","Boot","Empty Cage","Red Skull","Necronomicon"],"potions_floor_usage":[7,13,14,16,20,27,30],"damage_taken":[{"damage":8,"enemies":"2 Louse","floor":1,"turns":4},{"damage":6,"enemies":"Cultist","floor":2,"turns":3},{"damage":7,"enemies":"Jaw Worm","floor":4,"turns":2},{"damage":12,"enemies":"Looter","floor":5,"turns":3},{"damage":32,"enemies":"Gremlin Nob","floor":7,"turns":4},{"damage":34,"enemies":"Lagavulin","floor":10,"turns":7},{"damage":13,"enemies":"3 Sentries","floor":13,"turns":5},{"damage":0,"enemies":"Red Slaver","floor":14,"turns":2},{"damage":8,"enemies":"Hexaghost","floor":16,"turns":9},{"damage":20,"enemies":"Shell Parasite","floor":18,"turns":5},{"damage":22,"enemies":"2 Thieves","floor":20,"turns":4},{"damage":35,"enemies":"3 Cultists","floor":22,"turns":6},{"damage":27,"enemies":"Sentry and Sphere","floor":27,"turns":4},{"damage":27,"enemies":"Centurion and Healer","floor":28,"turns":7},{"damage":37,"enemies":"Slavers","floor":30,"turns":3}],"seed_played":"5275131349020872580","potions_obtained":[{"floor":2,"key":"Explosive Potion"},{"floor":5,"key":"Regen Potion"},{"floor":7,"key":"FearPotion"},{"floor":14,"key":"LiquidBronze"},{"floor":16,"key":"Fire Potion"},{"floor":18,"key":"BloodPotion"},{"floor":28,"key":"BloodPotion"}],"is_trial":false,"path_per_floor":["M","M","?","M","M","R","E","R","T","E","$","R","E","M","R","B",null,"M","$","M","?","M","R","?","R","T","M","M","?","E"],"character_chosen":"IRONCLAD","items_purchased":["Bronze Scales","Feel No Pain"],"campfire_rested":1,"item_purchase_floors":[11,19],"current_hp_per_floor":[73,73,65,64,58,58,44,44,44,28,28,52,57,63,63,61,77,63,63,55,55,42,42,42,42,42,37,41,20,0],"gold":102,"neow_bonus":"TEN_PERCENT_HP_BONUS","is_prod":false,"is_daily":false,"chose_seed":false,"campfire_upgraded":5,"win_rate":0,"timestamp":1557885423,"path_taken":["M","M","?","M","M","R","E","R","T","E","$","R","E","M","R","BOSS","M","?","M","?","M","R","?","R","T","M","?","?","E"],"build_version":"2019-01-23","purchased_purges":2,"victory":false,"max_hp_per_floor":[82,82,82,82,82,82,82,82,82,82,82,82,82,82,82,82,82,82,82,82,57,57,57,57,57,57,57,57,57,57],"card_choices":[{"not_picked":["Feel No Pain","True Grit"],"picked":"Headbutt","floor":1},{"not_picked":["Perfected Strike","Body Slam"],"picked":"Iron Wave","floor":2},{"not_picked":["Armaments","Pummel"],"picked":"Pommel Strike","floor":4},{"not_picked":["Infernal Blade","Cleave"],"picked":"Sever Soul","floor":5},{"not_picked":["Thunderclap","Iron Wave"],"picked":"Power Through","floor":7},{"not_picked":["Dropkick","Brutality"],"picked":"Whirlwind","floor":10},{"not_picked":["Infernal Blade","Headbutt"],"picked":"Clothesline","floor":13},{"not_picked":["Cleave","Infernal Blade"],"picked":"Clash","floor":14},{"not_picked":["Impervious","Feed"],"picked":"Juggernaut","floor":16},{"not_picked":["Fire Breathing","Clothesline+1","Uppercut"],"picked":"SKIP","floor":18},{"not_picked":["Clothesline","Uppercut"],"picked":"Armaments","floor":20},{"not_picked":["Shrug It Off","Warcry"],"picked":"Clash","floor":22},{"not_picked":["Iron Wave","Uppercut"],"picked":"Flex","floor":27},{"not_picked":["Armaments","Perfected Strike"],"picked":"Rampage","floor":28}],"player_experience":1089612,"relics_obtained":[{"floor":7,"key":"Bag of Marbles"},{"floor":9,"key":"Meat on the Bone"},{"floor":10,"key":"Gambling Chip"},{"floor":13,"key":"Boot"},{"floor":26,"key":"Red Skull"},{"floor":29,"key":"Necronomicon"}],"event_choices":[{"damage_healed":0,"gold_gain":50,"player_choice":"Touch","damage_taken":8,"max_hp_gain":0,"max_hp_loss":0,"event_name":"FaceTrader","floor":3,"gold_loss":0},{"damage_healed":0,"gold_gain":0,"player_choice":"Became a vampire","damage_taken":0,"max_hp_gain":0,"max_hp_loss":25,"event_name":"Vampires","floor":21,"gold_loss":0,"cards_obtained":["Bite","Bite","Bite","Bite","Bite"]},{"damage_healed":0,"gold_gain":0,"player_choice":"Forge","damage_taken":0,"max_hp_gain":0,"max_hp_loss":0,"event_name":"Accursed Blacksmith","floor":24,"gold_loss":0,"cards_upgraded":["Juggernaut"]},{"damage_healed":0,"gold_gain":0,"player_choice":"Obtained Book","damage_taken":21,"max_hp_gain":0,"max_hp_loss":0,"event_name":"Cursed Tome","floor":29,"gold_loss":0}],"is_beta":false,"boss_relics":[{"not_picked":["Fusion Hammer","White Beast Statue"],"picked":"Empty Cage"}],"items_purged_floors":[11,19],"is_endless":false,"potions_floor_spawned":[2,5,7,14,16,18,28],"killed_by":"Slavers","ascension_level":15}