{"gold_per_floor":[114,132,158,171,10,10,29,86,86,86,121,134,34,47,47,124,124,136,136,136,151,76,76,91,103,182,182,194,194,205,37,37,37],"floor_reached":33,"playtime":1283,"items_purged":["Strike_R","Strike_R"],"score":518,"play_id":"3c7fc24c-8e8f-44db-b303-4e9fc7426ae9","local_time":"20190119011124","is_ascension_mode":true,"campfire_choices":[{"data":"Immolate","floor":6.0,"key":"SMITH"},{"data":"Uppercut","floor":10.0,"key":"SMITH"},{"floor":15.0,"key":"RECALL"},{"floor":23.0,"key":"REST"},{"data":"Berserk","floor":29.0,"key":"SMITH"},{"data":"Dual Wield","floor":32.0,"key":"SMITH"}],"neow_cost":"TEN_PERCENT_HP_LOSS","seed_source_timestamp":799767845263522,"circlet_count":0,"master_deck":["AscendersBane","Defend_R","Defend_R","Defend_R","Defend_R","Headbutt","Immolate+1","Shrug It Off","Battle Trance","Disarm","Thunderclap","Uppercut+1","Twin Strike","Sword Boomerang","Disarm+1","Evolve+1","Reaper+1","Shrug It Off","Armaments+1","Berserk+1","Sword Boomerang","Dropkick+1","Dual Wield+1"],"special_seed":0,"relics":["Burning Blood","Dream Catcher","Tiny Chest","FossilizedHelix","Red Skull","Astrolabe","Meat on the Bone","PreservedInsect"],"potions_floor_usage":[33],"damage_taken":[{"damage":0.0,"enemies":"Cultist","floor":1.0,"turns":2.0},{"damage":12.0,"enemies":"Jaw Worm","floor":2.0,"turns":3.0},{"damage":4.0,"enemies":"Small Slimes","floor":4.0,"turns":3.0},{"damage":0.0,"enemies":"3 Louse","floor":7.0,"turns":1.0},{"damage":5.0,"enemies":"3 Sentries","floor":8.0,"turns":3.0},{"damage":9.0,"enemies":"Lagavulin","floor":11.0,"turns":6.0},{"damage":0.0,"enemies":"Looter","floor":12.0,"turns":2.0},{"damage":12.0,"enemies":"Gremlin Gang","floor":14.0,"turns":2.0},{"damage":42.0,"enemies":"The Guardian","floor":16.0,"turns":7.0},{"damage":30.0,"enemies":"3 Byrds","floor":18.0,"turns":4.0},{"damage":3.0,"enemies":"Chosen","floor":21.0,"turns":5.0},{"damage":26.0,"enemies":"Centurion and Healer","floor":24.0,"turns":6.0},{"damage":2.0,"enemies":"Snake Plant","floor":25.0,"turns":5.0},{"damage":0.0,"enemies":"3 Cultists","floor":28.0,"turns":2.0},{"damage":11.0,"enemies":"Shelled Parasite and Fungi","floor":30.0,"turns":3.0},{"damage":70,"enemies":"Champ","floor":33,"turns":12}],"seed_played":"-1287809936840227254","potions_obtained":[{"floor":2.0,"key":"Energy Potion"},{"floor":8.0,"key":"PowerPotion"},{"floor":11.0,"key":"Energy Potion"},{"floor":14.0,"key":"EssenceOfSteel"},{"floor":21.0,"key":"FearPotion"},{"floor":25.0,"key":"LiquidBronze"},{"floor":30.0,"key":"Weak Potion"}],"is_trial":false,"path_per_floor":["M","M","T","M","$","R","M","E","T","R","E","M","$","M","R","B",null,"M","?","?","M","?","R","M","M","T","T","M","R","M","$","R","B"],"character_chosen":"IRONCLAD","items_purchased":["Rupture","PreservedInsect"],"campfire_rested":1,"item_purchase_floors":[5,31],"current_hp_per_floor":[68,62,62,64,64,64,68,68,68,68,65,68,68,62,62,26,58,41,41,41,44,44,64,54,58,58,58,64,64,59,59,59,0],"gold":37,"neow_bonus":"TRANSFORM_TWO_CARDS","is_prod":false,"is_daily":false,"chose_seed":false,"campfire_upgraded":4,"win_rate":0,"timestamp":1547856684,"path_taken":["M","?","?","M","$","R","M","E","T","R","E","M","?","M","R","BOSS","M","?","?","M","?","R","M","M","T","?","M","R","?","?","R","BOSS"],"build_version":"2019-01-17v2","purchased_purges":2,"victory":false,"max_hp_per_floor":[68,68,68,68,68,68,68,68,68,68,68,68,68,68,68,68,68,68,68,68,68,68,68,68,68,68,68,68,68,68,68,68,68],"card_choices":[{"not_picked":["True Grit","Burning Pact"],"picked":"Shrug It Off","floor":1.0},{"not_picked":["Body Slam","Warcry"],"picked":"Battle Trance","floor":2.0},{"not_picked":["Rampage","Body Slam"],"picked":"Disarm","floor":4.0},{"not_picked":["Clash","Bloodletting"],"picked":"Thunderclap","floor":7.0},{"not_picked":["Sentinel","Warcry"],"picked":"Uppercut","floor":8.0},{"not_picked":["Heavy Blade","Bloodletting"],"picked":"Twin Strike","floor":11.0},{"not_picked":["Armaments","Barricade","Flex"],"picked":"SKIP","floor":12.0},{"not_picked":["Armaments","Barricade","Flex"],"picked":"SKIP","floor":12.0},{"not_picked":["Anger","Perfected Strike"],"picked":"Sword Boomerang","floor":14.0},{"not_picked":["Barricade","Bludgeon"],"picked":"Berserk","floor":16.0},{"not_picked":["Armaments","Bloodletting"],"picked":"Shrug It Off","floor":18.0},{"not_picked":["Heavy Blade","Anger"],"picked":"Armaments+1","floor":21.0},{"not_picked":["Body Slam","Flex"],"picked":"Berserk","floor":23.0},{"not_picked":["Clash","Armaments"],"picked":"Sword Boomerang","floor":24.0},{"not_picked":["Infernal Blade","Perfected Strike"],"picked":"Dropkick+1","floor":25.0},{"not_picked":["Twin Strike","True Grit","Armaments+1"],"picked":"SKIP","floor":28.0},{"not_picked":["Sever Soul","Power Through+1"],"picked":"Dual Wield","floor":30.0}],"player_experience":607915,"relics_obtained":[{"floor":3.0,"key":"Dream Catcher"},{"floor":8.0,"key":"Tiny Chest"},{"floor":9.0,"key":"FossilizedHelix"},{"floor":11.0,"key":"Red Skull"},{"floor":26.0,"key":"Meat on the Bone"}],"event_choices":[{"damage_healed":0.0,"max_hp_gain":0.0,"max_hp_loss":0.0,"gold_gain":0.0,"event_name":"The Mausoleum","player_choice":"Ignored","floor":19.0,"gold_loss":0.0,"damage_taken":0.0},{"damage_healed":0.0,"max_hp_gain":0.0,"max_hp_loss":0.0,"gold_gain":0.0,"event_name":"Vampires","player_choice":"Ignored","floor":20.0,"gold_loss":0.0,"damage_taken":0.0},{"cards_removed":["Rupture"],"damage_healed":0.0,"max_hp_gain":0.0,"max_hp_loss":0.0,"gold_gain":0.0,"event_name":"Beggar","player_choice":"Gave Gold","floor":22.0,"gold_loss":75.0,"damage_taken":0.0}],"is_beta":false,"boss_relics":[{"not_picked":["Pandora\u0027s Box","Runic Pyramid"],"picked":"Astrolabe"}],"items_purged_floors":[5,13],"is_endless":false,"potions_floor_spawned":[2,8,11,14,21,25,28,30],"killed_by":"Champ","ascension_level":20}