{"gold_per_floor":[112,132,145,156,175,175,175,175,198,217,233,233,297,259,259,348,348,336,336,2,2],"floor_reached":21,"playtime":822,"items_purged":["Strike_G"],"score":326,"play_id":"5060f6c0-4f35-4017-b6ea-d9f05d10193b","local_time":"20190617094452","is_ascension_mode":true,"campfire_choices":[{"data":"Neutralize","floor":6,"key":"SMITH"},{"data":"Malaise","floor":8,"key":"SMITH"},{"data":"Infinite Blades","floor":12,"key":"SMITH"},{"floor":15,"key":"REST"}],"neow_cost":"NONE","seed_source_timestamp":24618493851100,"circlet_count":0,"master_deck":["AscendersBane","Defend_G","Defend_G","Defend_G","Defend_G","Defend_G","Strike_G","Strike_G","Strike_G","Strike_G","Survivor","Neutralize+1","Infinite Blades+1","All Out Attack","Flechettes","Malaise+1","Deflect","Injury","Choke","Cloak And Dagger","A Thousand Cuts","Wraith Form v2","Deflect","Endless Agony","Dash","Infinite Blades"],"relics":["Ring of the Snake","Golden Idol","Happy Flower","Tiny Chest","Eternal Feather","Enchiridion"],"potions_floor_usage":[4,13,16],"damage_taken":[{"damage":0,"enemies":"2 Louse","floor":1,"turns":3},{"damage":11,"enemies":"Jaw Worm","floor":2,"turns":5},{"damage":0,"enemies":"Small Slimes","floor":3,"turns":3},{"damage":0,"enemies":"Gremlin Gang","floor":4,"turns":3},{"damage":6,"enemies":"Looter","floor":5,"turns":4},{"damage":2,"enemies":"Red Slaver","floor":10,"turns":5},{"damage":6,"enemies":"Lots of Slimes","floor":11,"turns":4},{"damage":24,"enemies":"3 Sentries","floor":13,"turns":5},{"damage":13,"enemies":"The Guardian","floor":16,"turns":16},{"damage":37,"enemies":"2 Thieves","floor":18,"turns":4},{"damage":10,"enemies":"3 Byrds","floor":21,"turns":2}],"seed_played":"-2448707314386818230","potions_obtained":[{"floor":2,"key":"Explosive Potion"},{"floor":3,"key":"Strength Potion"},{"floor":4,"key":"FairyPotion"},{"floor":13,"key":"EssenceOfSteel"}],"is_trial":false,"path_per_floor":["M","M","M","M","M","R","?","R","T","M","M","R","E","?","R","B",null,"M","?","$","M"],"character_chosen":"THE_SILENT","items_purchased":["Endless Agony","Dash","Infinite Blades","Strength Potion"],"campfire_rested":1,"item_purchase_floors":[20,20,20,20],"current_hp_per_floor":[65,54,54,54,48,48,48,48,48,46,40,40,16,16,37,24,60,23,2,2,0],"gold":2,"neow_bonus":"TEN_PERCENT_HP_BONUS","is_prod":false,"is_daily":false,"chose_seed":false,"campfire_upgraded":3,"win_rate":0,"timestamp":1560757492,"path_taken":["M","M","M","M","M","R","?","R","T","M","M","R","E","?","R","BOSS","M","?","$","M"],"build_version":"2019-01-23","purchased_purges":1,"victory":false,"max_hp_per_floor":[72,72,72,72,72,72,72,72,72,72,72,72,72,72,72,72,72,72,72,72,72],"card_choices":[{"not_picked":["Acrobatics","Cloak And Dagger"],"picked":"Infinite Blades","floor":1},{"not_picked":["Outmaneuver","Cloak And Dagger"],"picked":"All Out Attack","floor":2},{"not_picked":["Bane","Dodge and Roll"],"picked":"Flechettes","floor":3},{"not_picked":["Calculated Gamble","Eviscerate"],"picked":"Malaise","floor":4},{"not_picked":["Eviscerate","Calculated Gamble"],"picked":"Deflect","floor":5},{"not_picked":["Quick Slash","Setup"],"picked":"Choke","floor":10},{"not_picked":["Bouncing Flask","Deflect"],"picked":"Cloak And Dagger","floor":11},{"not_picked":["Backflip","Setup"],"picked":"A Thousand Cuts","floor":13},{"not_picked":["After Image","Burst"],"picked":"Wraith Form v2","floor":16},{"not_picked":["Underhanded Strike","Terror"],"picked":"Deflect","floor":18}],"player_experience":1386881,"relics_obtained":[{"floor":9,"key":"Happy Flower"},{"floor":13,"key":"Tiny Chest"},{"floor":19,"key":"Enchiridion"}],"event_choices":[{"damage_healed":0,"gold_gain":0,"player_choice":"Take Wound","damage_taken":0,"relics_obtained":["Golden Idol"],"max_hp_gain":0,"max_hp_loss":0,"event_name":"Golden Idol","floor":7,"gold_loss":0,"cards_obtained":["Injury"]},{"damage_healed":0,"gold_gain":0,"player_choice":"Left Gold","damage_taken":0,"max_hp_gain":0,"max_hp_loss":0,"event_name":"World of Goop","floor":14,"gold_loss":38},{"damage_healed":0,"gold_gain":0,"player_choice":"Obtained Book","damage_taken":21,"max_hp_gain":0,"max_hp_loss":0,"event_name":"Cursed Tome","floor":19,"gold_loss":0}],"is_beta":false,"boss_relics":[{"not_picked":["Tiny House","Black Star"],"picked":"Eternal Feather"}],"items_purged_floors":[20],"is_endless":false,"potions_floor_spawned":[2,3,4,13],"killed_by":"3 Byrds","ascension_level":16}