{"gold_per_floor":[116,41,41,54,67,67,100,100,100,117,146,146,24,37,37,135,135,154,154,154,168,183,183,215,0,0,15,15,15,15],"floor_reached":30,"playtime":1162,"items_purged":["Strike_B","Defend_B"],"score":516,"play_id":"48fef0bc-b036-41f9-b9ef-54fe1c5990bd","local_time":"20190219003159","is_ascension_mode":true,"campfire_choices":[{"data":"Buffer","floor":6,"key":"SMITH"},{"data":"Zap","floor":8,"key":"SMITH"},{"data":"Sunder","floor":12,"key":"SMITH"},{"data":"Streamline","floor":15,"key":"SMITH"},{"data":"Conserve Battery","floor":23,"key":"SMITH"},{"data":"Self Repair","floor":28,"key":"SMITH"}],"neow_cost":"PERCENT_DAMAGE","seed_source_timestamp":101188322110400,"circlet_count":0,"master_deck":["AscendersBane","Defend_B","Defend_B","Zap+1","Dualcast","Buffer+1","Sunder+1","Gash","BootSequence","Streamline+1","Coolheaded","Ball Lightning","Self Repair+1","Compile Driver","Conserve Battery+1","Multi-Cast","Conserve Battery+1","Buffer+1","Gash","Hologram","Melter","Capacitor","Glacier","Coolheaded+1"],"relics":["Cracked Core","Darkstone Periapt","Sundial","Bottled Flame","Empty Cage","Art of War","Calipers","Nilry\u0027s Codex"],"potions_floor_usage":[4,14,16,22,24],"damage_taken":[{"damage":0,"enemies":"2 Louse","floor":1,"turns":3},{"damage":2,"enemies":"Jaw Worm","floor":4,"turns":3},{"damage":0,"enemies":"Cultist","floor":5,"turns":4},{"damage":0,"enemies":"Lagavulin","floor":7,"turns":7},{"damage":0,"enemies":"3 Louse","floor":10,"turns":2},{"damage":11,"enemies":"Gremlin Nob","floor":11,"turns":5},{"damage":0,"enemies":"Large Slime","floor":14,"turns":5},{"damage":0,"enemies":"Slime Boss","floor":16,"turns":9},{"damage":4,"enemies":"Spheric Guardian","floor":18,"turns":4},{"damage":3,"enemies":"2 Thieves","floor":21,"turns":4},{"damage":0,"enemies":"Centurion and Healer","floor":22,"turns":7},{"damage":58,"enemies":"Slavers","floor":24,"turns":8},{"damage":18,"enemies":"Snecko","floor":27,"turns":4},{"damage":12,"enemies":"Chosen and Byrds","floor":30,"turns":4}],"seed_played":"-2646106419866713379","potions_obtained":[{"floor":1,"key":"SteroidPotion"},{"floor":11,"key":"Poison Potion"},{"floor":14,"key":"PowerPotion"},{"floor":18,"key":"Regen Potion"},{"floor":21,"key":"Block Potion"}],"is_trial":false,"path_per_floor":["M","$","?","M","M","R","E","R","T","M","E","R","$","M","R","B",null,"M","?","?","M","M","R","E","$","T","M","R","?","M"],"character_chosen":"DEFECT","items_purchased":["Self Repair","Compile Driver","Capacitor","Glacier"],"campfire_rested":0,"item_purchase_floors":[13,13,25,25],"current_hp_per_floor":[50,50,43,41,41,41,41,41,41,41,30,30,30,37,37,44,67,70,70,70,74,75,75,33,33,33,22,22,6,0],"gold":15,"neow_bonus":"THREE_RARE_CARDS","is_prod":false,"is_daily":false,"chose_seed":false,"campfire_upgraded":6,"win_rate":0,"timestamp":1550532719,"path_taken":["M","$","?","M","M","R","E","R","T","M","E","R","$","M","R","BOSS","M","?","?","?","M","R","E","$","T","M","R","?","M"],"build_version":"2019-01-23","purchased_purges":2,"victory":false,"max_hp_per_floor":[75,75,75,75,75,75,75,75,75,75,75,75,75,75,75,75,75,75,75,75,75,75,75,75,75,75,75,75,75,75],"card_choices":[{"not_picked":["Seek","Rainbow"],"picked":"Buffer","floor":0},{"not_picked":["Stack","Redo"],"picked":"Sunder","floor":1},{"not_picked":["Stack","Steam"],"picked":"Gash","floor":4},{"not_picked":["Sweeping Beam","Hologram"],"picked":"BootSequence","floor":5},{"not_picked":["Turbo","Steam"],"picked":"Streamline","floor":7},{"not_picked":["Aggregate","Beam Cell"],"picked":"Coolheaded","floor":10},{"not_picked":["Coolheaded","Auto Shields"],"picked":"Ball Lightning","floor":11},{"not_picked":["Seek","Self Repair"],"picked":"Conserve Battery","floor":14},{"not_picked":["Hyperbeam","Amplify"],"picked":"Multi-Cast","floor":16},{"not_picked":["Sunder+1","Barrage"],"picked":"Conserve Battery+1","floor":18},{"not_picked":["Scrape","Reinforced Body"],"picked":"Gash","floor":21},{"not_picked":["Barrage+1","Sunder"],"picked":"Hologram","floor":22},{"not_picked":["Beam Cell","Conserve Battery+1"],"picked":"Melter","floor":24},{"not_picked":["Melter","Hyperbeam"],"picked":"Coolheaded+1","floor":27}],"player_experience":791174,"relics_obtained":[{"floor":7,"key":"Darkstone Periapt"},{"floor":9,"key":"Sundial"},{"floor":11,"key":"Bottled Flame"},{"floor":24,"key":"Art of War"},{"floor":26,"key":"Calipers"},{"floor":29,"key":"Nilry\u0027s Codex"}],"event_choices":[{"cards_removed":["Strike_B"],"damage_healed":0,"gold_gain":0,"player_choice":"Card Removal","damage_taken":7,"max_hp_gain":0,"max_hp_loss":0,"event_name":"Golden Wing","floor":3,"gold_loss":0},{"cards_removed":["Strike_B"],"damage_healed":0,"gold_gain":0,"player_choice":"Elegance","damage_taken":0,"max_hp_gain":0,"max_hp_loss":0,"event_name":"Back to Basics","floor":19,"gold_loss":0},{"damage_healed":0,"gold_gain":0,"player_choice":"Copied","damage_taken":0,"max_hp_gain":0,"max_hp_loss":0,"event_name":"Duplicator","floor":20,"gold_loss":0,"cards_obtained":["Buffer"]},{"damage_healed":0,"gold_gain":0,"player_choice":"Obtained Book","damage_taken":16,"max_hp_gain":0,"max_hp_loss":0,"event_name":"Cursed Tome","floor":29,"gold_loss":0}],"is_beta":false,"boss_relics":[{"not_picked":["Black Star","Lizard Tail"],"picked":"Empty Cage"}],"items_purged_floors":[2,25],"is_endless":false,"potions_floor_spawned":[1,11,14,18,21],"killed_by":"Chosen and Byrds","ascension_level":11}