{"gold_per_floor":[19,34,49,63,63,63,76,76,151,167,167,195,33,44,44,120,120,131,131,145,45,62,88,88,118,186,212,212,212,223,223,223,223],"floor_reached":33,"playtime":1614,"items_purged":["Strike_G","Strike_G"],"score":632,"play_id":"988d768e-2d6d-4617-aa1e-b72a5ed96609","local_time":"20190617190226","is_ascension_mode":true,"campfire_choices":[{"data":"Neutralize","floor":6,"key":"SMITH"},{"data":"Finisher","floor":8,"key":"SMITH"},{"data":"Accuracy","floor":15,"key":"SMITH"},{"floor":24,"key":"REST"},{"data":"Night Terror","floor":29,"key":"SMITH"},{"floor":32,"key":"REST"}],"neow_cost":"NO_GOLD","seed_source_timestamp":57279946126500,"circlet_count":0,"master_deck":["AscendersBane","Defend_G","Defend_G","Defend_G","Defend_G","Defend_G","Strike_G","Survivor","Neutralize+1","Deflect","Leg Sweep","Finisher+1","Slice","Flechettes","Blade Dance","After Image","Accuracy+1","Blade Dance","Night Terror+1","Dodge and Roll","Accuracy","Infinite Blades+1","Deflect","Concentrate+1","Crippling Poison+1"],"relics":["Ring of the Snake","Ninja Scroll","StoneCalendar","Gambling Chip","Empty Cage","Oddly Smooth Stone","Dodecahedron","Singing Bowl","Smiling Mask"],"potions_floor_usage":[2,16,20,23,23],"damage_taken":[{"damage":6,"enemies":"Jaw Worm","floor":1,"turns":6},{"damage":4,"enemies":"Small Slimes","floor":2,"turns":6},{"damage":0,"enemies":"2 Louse","floor":3,"turns":3},{"damage":4,"enemies":"Looter","floor":4,"turns":4},{"damage":1,"enemies":"Red Slaver","floor":7,"turns":4},{"damage":1,"enemies":"Lots of Slimes","floor":10,"turns":4},{"damage":23,"enemies":"Lagavulin","floor":12,"turns":8},{"damage":1,"enemies":"Exordium Wildlife","floor":14,"turns":3},{"damage":0,"enemies":"Hexaghost","floor":16,"turns":8},{"damage":0,"enemies":"Shell Parasite","floor":18,"turns":2},{"damage":0,"enemies":"3 Byrds","floor":20,"turns":7},{"damage":9,"enemies":"Centurion and Healer","floor":22,"turns":7},{"damage":31,"enemies":"Slavers","floor":23,"turns":7},{"damage":21,"enemies":"Book of Stabbing","floor":25,"turns":6},{"damage":18,"enemies":"Snake Plant","floor":30,"turns":7},{"damage":45,"enemies":"Collector","floor":33,"turns":5}],"seed_played":"-9152527266890573742","potions_obtained":[{"floor":1,"key":"SkillPotion"},{"floor":4,"key":"SpeedPotion"},{"floor":12,"key":"Fire Potion"},{"floor":16,"key":"GhostInAJar"},{"floor":20,"key":"Explosive Potion"},{"floor":22,"key":"LiquidBronze"}],"is_trial":false,"path_per_floor":["M","M","M","M","?","R","M","R","T","M","T","E","$","M","R","B",null,"M","?","M","$","M","E","R","E","T","T","?","R","M","?","R","B"],"character_chosen":"THE_SILENT","items_purchased":["Accuracy"],"campfire_rested":2,"item_purchase_floors":[13],"current_hp_per_floor":[65,61,61,57,62,62,61,61,61,60,60,37,37,36,36,36,71,71,47,47,47,38,7,33,12,12,12,30,30,12,12,38,0],"gold":223,"neow_bonus":"TWENTY_PERCENT_HP_BONUS","is_prod":false,"is_daily":false,"chose_seed":false,"campfire_upgraded":4,"win_rate":0,"timestamp":1560790946,"path_taken":["M","M","M","M","?","R","M","R","T","M","?","E","$","M","R","BOSS","M","?","M","$","M","E","R","E","T","?","?","R","M","?","R","BOSS"],"build_version":"2019-01-23","purchased_purges":2,"victory":false,"max_hp_per_floor":[78,78,78,78,83,83,83,83,83,83,83,83,83,83,83,83,83,83,88,88,88,88,88,88,88,88,88,88,88,88,88,88,88],"card_choices":[{"not_picked":["Choke","Dodge and Roll"],"picked":"Deflect","floor":1},{"not_picked":["Flying Knee","Acrobatics"],"picked":"Leg Sweep","floor":2},{"not_picked":["Blade Dance","Quick Slash"],"picked":"Finisher","floor":3},{"not_picked":["Poisoned Stab","Blur"],"picked":"Slice","floor":4},{"not_picked":["Grand Finale","Underhanded Strike"],"picked":"Flechettes","floor":7},{"not_picked":["Sucker Punch","Acrobatics"],"picked":"Blade Dance","floor":10},{"not_picked":["Finisher","Outmaneuver"],"picked":"After Image","floor":12},{"not_picked":["Dodge and Roll","Deadly Poison"],"picked":"Blade Dance","floor":14},{"not_picked":["Grand Finale","Unload"],"picked":"Night Terror","floor":16},{"not_picked":["Setup","Slice"],"picked":"Dodge and Roll","floor":18},{"not_picked":["Quick Slash","Eviscerate"],"picked":"Accuracy","floor":20},{"not_picked":["Choke","Quick Slash"],"picked":"Infinite Blades+1","floor":22},{"not_picked":["All Out Attack","Dagger Throw"],"picked":"Deflect","floor":23},{"not_picked":["Cloak And Dagger","Deadly Poison"],"picked":"Concentrate+1","floor":25},{"not_picked":["PiercingWail","Poisoned Stab"],"picked":"Crippling Poison+1","floor":30}],"player_experience":1400154,"relics_obtained":[{"floor":9,"key":"Ninja Scroll"},{"floor":11,"key":"StoneCalendar"},{"floor":12,"key":"Gambling Chip"},{"floor":23,"key":"Oddly Smooth Stone"},{"floor":25,"key":"Dodecahedron"},{"floor":26,"key":"Singing Bowl"},{"floor":27,"key":"Smiling Mask"}],"event_choices":[{"damage_healed":0,"gold_gain":0,"player_choice":"Donut","damage_taken":0,"max_hp_gain":5,"max_hp_loss":0,"event_name":"Big Fish","floor":5,"gold_loss":0},{"damage_healed":0,"gold_gain":0,"player_choice":"Shed Blood","damage_taken":29,"max_hp_gain":5,"max_hp_loss":0,"event_name":"Forgotten Altar","floor":19,"gold_loss":0},{"damage_healed":18,"gold_gain":0,"player_choice":"Heal","damage_taken":0,"max_hp_gain":0,"max_hp_loss":0,"event_name":"The Library","floor":28,"gold_loss":0},{"damage_healed":0,"gold_gain":0,"player_choice":"Ignored","damage_taken":0,"max_hp_gain":0,"max_hp_loss":0,"event_name":"Cursed Tome","floor":31,"gold_loss":0}],"is_beta":false,"boss_relics":[{"not_picked":["Snecko Eye","White Beast Statue"],"picked":"Empty Cage"}],"items_purged_floors":[13,21],"is_endless":false,"potions_floor_spawned":[1,4,12,16,18,20,22],"killed_by":"Collector","ascension_level":16}