{"gold_per_floor":[118,137,156,169,189,217,217,227,227,227,237,247,262,105,105,204,204,214,233,253,168,53,53,71,71,71,71,102,130,229,292,292,395,395,410,423,423,29,41,41,70,70,96,96,27,62,74,121,121,121],"floor_reached":51,"playtime":4986,"items_purged":["Strike_G","Strike_G"],"score":819,"play_id":"bb4c0318-2e9a-43d6-8435-35d4821d57fc","local_time":"20190907154705","is_ascension_mode":false,"campfire_choices":[{"floor":7.0,"key":"REST"},{"floor":15.0,"key":"REST"},{"floor":23,"key":"REST"},{"floor":25,"key":"REST"},{"data":"Wraith Form v2","floor":27,"key":"SMITH"},{"data":"Bouncing Flask","floor":32,"key":"SMITH"},{"data":"Neutralize","floor":40,"key":"SMITH"},{"data":"Wraith Form v2","floor":42,"key":"SMITH"},{"data":"Adrenaline","floor":49,"key":"SMITH"}],"neow_cost":"NONE","seed_source_timestamp":0,"circlet_count":0,"master_deck":["Strike_G","Strike_G","Defend_G+1","Defend_G","Defend_G","Defend_G","Defend_G","Survivor","Neutralize+1","Wraith Form v2+1","Dash","Escape Plan","Backflip","Deadly Poison","Dagger Spray","All Out Attack","Well Laid Plans","Footwork","Adrenaline+1","Wraith Form v2+1","Catalyst+1","Dagger Throw","Dash+1","Deadly Poison","Die Die Die","PiercingWail+1","Bouncing Flask+1","Dash+1","Footwork+1","Bullet Time","Well Laid Plans"],"special_seed":0,"relics":["Ring of the Snake","Bottled Flame","Incense Burner","Blood Vial","Snecko Eye","WingedGreaves","Letter Opener","Gambling Chip","War Paint","Tiny Chest","Busted Crown","Bird Faced Urn","Centennial Puzzle","Bronze Scales","Mummified Hand","Unceasing Top"],"potions_floor_usage":[50],"damage_taken":[{"damage":0.0,"enemies":"2 Louse","floor":1.0,"turns":4.0},{"damage":1.0,"enemies":"Jaw Worm","floor":2.0,"turns":6.0},{"damage":0.0,"enemies":"Small Slimes","floor":3.0,"turns":3.0},{"damage":0.0,"enemies":"2 Fungi Beasts","floor":4.0,"turns":4.0},{"damage":6.0,"enemies":"Large Slime","floor":5.0,"turns":12.0},{"damage":45.0,"enemies":"3 Sentries","floor":6.0,"turns":23.0},{"damage":8.0,"enemies":"Exordium Wildlife","floor":8.0,"turns":7.0},{"damage":0.0,"enemies":"2 Fungi Beasts","floor":11.0,"turns":4.0},{"damage":0.0,"enemies":"3 Louse","floor":12.0,"turns":3.0},{"damage":0.0,"enemies":"Gremlin Gang","floor":13.0,"turns":3.0},{"damage":48.0,"enemies":"Slime Boss","floor":16.0,"turns":18.0},{"damage":30,"enemies":"Chosen","floor":18,"turns":10},{"damage":21,"enemies":"3 Byrds","floor":19,"turns":10},{"damage":6,"enemies":"Snake Plant","floor":20,"turns":6},{"damage":1,"enemies":"Cultist and Chosen","floor":24,"turns":7},{"damage":0,"enemies":"Book of Stabbing","floor":28,"turns":8},{"damage":1,"enemies":"Slavers","floor":29,"turns":6},{"damage":0,"enemies":"Gremlin Leader","floor":31,"turns":3},{"damage":26,"enemies":"Champ","floor":33,"turns":10},{"damage":0,"enemies":"3 Shapes","floor":35,"turns":4},{"damage":0,"enemies":"Orb Walker","floor":36,"turns":3},{"damage":0,"enemies":"3 Darklings","floor":39,"turns":3},{"damage":0,"enemies":"Giant Head","floor":41,"turns":9},{"damage":0,"enemies":"Reptomancer","floor":46,"turns":5},{"damage":0,"enemies":"Jaw Worm Horde","floor":47,"turns":4},{"damage":9,"enemies":"2 Orb Walkers","floor":48,"turns":4},{"damage":65,"enemies":"Donu and Deca","floor":50,"turns":11}],"seed_played":"-6969533488872307894","potions_obtained":[{"floor":1.0,"key":"FairyPotion"},{"floor":5.0,"key":"Ancient Potion"},{"floor":6.0,"key":"Block Potion"},{"floor":16.0,"key":"Ancient Potion"},{"floor":19,"key":"GamblersBrew"}],"is_trial":false,"path_per_floor":["M","M","M","M","M","E","R","M","T","?","M","M","M","$","R","B",null,"M","M","M","?","$","R","M","R","T","R","E","E","?","E","R","B",null,"M","M","?","$","M","R","E","R","T","?","$","E","M","?","R","B",null],"character_chosen":"THE_SILENT","items_purchased":["Adrenaline","Deadly Poison","Die Die Die","Bird Faced Urn","Well Laid Plans"],"campfire_rested":4,"item_purchase_floors":[14,22,22,38,45],"current_hp_per_floor":[70,69,69,69,63,18,39,31,31,24,26,28,30,30,51,5,70,40,21,17,17,17,38,39,60,60,60,62,63,63,65,65,41,70,70,70,66,66,66,66,66,66,66,66,66,66,66,65,65,1],"gold":121,"neow_bonus":"ONE_RANDOM_RARE_CARD","is_prod":false,"is_daily":false,"chose_seed":false,"campfire_upgraded":5,"win_rate":0,"timestamp":1567885625,"path_taken":["M","M","M","M","M","E","R","M","T","?","M","M","M","$","R","BOSS","M","M","M","?","$","R","M","R","T","R","E","E","?","E","R","BOSS","M","M","?","$","M","R","E","R","T","?","$","E","M","?","R","BOSS"],"build_version":"2019-07-17","purchased_purges":2,"victory":true,"max_hp_per_floor":[70,70,70,70,70,70,70,70,70,70,70,70,70,70,70,70,70,70,70,70,70,70,70,70,70,70,70,70,70,70,70,70,70,70,70,70,66,66,66,66,66,66,66,66,66,66,66,66,66,66],"card_choices":[{"not_picked":["Quick Slash","Underhanded Strike","Acrobatics"],"picked":"SKIP","floor":1.0},{"not_picked":["Slice","Riddle With Holes"],"picked":"Dash","floor":2.0},{"not_picked":["Phantasmal Killer","Acrobatics"],"picked":"Escape Plan","floor":3.0},{"not_picked":["Sucker Punch","Catalyst","Cloak And Dagger"],"picked":"SKIP","floor":4.0},{"not_picked":["Choke","Masterful Stab"],"picked":"Backflip","floor":5.0},{"not_picked":["Bane","Deflect"],"picked":"Deadly Poison","floor":6.0},{"not_picked":["Dagger Throw","Sucker Punch"],"picked":"Dagger Spray","floor":8.0},{"not_picked":["Dagger Throw","Masterful Stab"],"picked":"All Out Attack","floor":11.0},{"not_picked":["Terror","Prepared"],"picked":"Well Laid Plans","floor":12.0},{"not_picked":["Flying Knee","Backflip"],"picked":"Footwork","floor":13.0},{"not_picked":["Phantasmal Killer","Unload"],"picked":"Wraith Form v2","floor":16.0},{"not_picked":["PiercingWail","Poisoned Stab"],"picked":"Catalyst","floor":18},{"not_picked":["Cloak And Dagger","Flying Knee"],"picked":"Dagger Throw","floor":19},{"not_picked":["Storm of Steel","Poisoned Stab"],"picked":"Dash+1","floor":20},{"not_picked":["Deflect","Escape Plan+1"],"picked":"PiercingWail+1","floor":24},{"not_picked":["Catalyst","Deadly Poison"],"picked":"Bouncing Flask","floor":28},{"not_picked":["Acrobatics","Endless Agony+1"],"picked":"Dash+1","floor":29},{"not_picked":["Accuracy","Slice"],"picked":"Footwork+1","floor":31},{"not_picked":["Doppelganger","Grand Finale"],"picked":"Bullet Time","floor":33},{"not_picked":["Dagger Throw+1"],"picked":"SKIP","floor":35},{"not_picked":["Poisoned Stab+1"],"picked":"SKIP","floor":36},{"not_picked":["Bane"],"picked":"SKIP","floor":39},{"not_picked":["Dagger Spray"],"picked":"SKIP","floor":41},{"not_picked":["Poisoned Stab+1"],"picked":"SKIP","floor":46},{"not_picked":["Eviscerate"],"picked":"SKIP","floor":47}],"player_experience":352015,"relics_obtained":[{"floor":6.0,"key":"Bottled Flame"},{"floor":9.0,"key":"Incense Burner"},{"floor":26,"key":"Letter Opener"},{"floor":28,"key":"Gambling Chip"},{"floor":29,"key":"War Paint"},{"floor":31,"key":"Tiny Chest"},{"floor":41,"key":"Centennial Puzzle"},{"floor":43,"key":"Bronze Scales"},{"floor":46,"key":"Mummified Hand"},{"floor":48,"key":"Unceasing Top"}],"event_choices":[{"damage_healed":0.0,"max_hp_gain":0.0,"max_hp_loss":0.0,"gold_gain":0.0,"event_name":"Scrap Ooze","player_choice":"Success","floor":10.0,"gold_loss":0.0,"damage_taken":7.0,"relics_obtained":["Blood Vial"]},{"damage_healed":0,"gold_gain":0,"player_choice":"Obtained Relic","damage_taken":0,"relics_obtained":["WingedGreaves"],"max_hp_gain":0,"max_hp_loss":0,"event_name":"Addict","floor":21,"gold_loss":85},{"damage_healed":0,"gold_gain":99,"player_choice":"Stole From Cult","damage_taken":0,"max_hp_gain":0,"max_hp_loss":0,"event_name":"Nest","floor":30,"gold_loss":0},{"damage_healed":0,"gold_gain":0,"player_choice":"Max HP","damage_taken":0,"max_hp_gain":0,"max_hp_loss":4,"event_name":"Winding Halls","floor":37,"gold_loss":0},{"cards_removed":["Strike_G"],"damage_healed":0,"gold_gain":0,"player_choice":"Removed Attack","damage_taken":0,"max_hp_gain":0,"max_hp_loss":0,"event_name":"Falling","floor":44,"gold_loss":0},{"damage_healed":0,"gold_gain":0,"player_choice":"Fight","damage_taken":0,"max_hp_gain":0,"max_hp_loss":0,"event_name":"Mysterious Sphere","floor":48,"gold_loss":0}],"is_beta":false,"boss_relics":[{"not_picked":["HoveringKite","Lizard Tail"],"picked":"Snecko Eye"},{"not_picked":["Eternal Feather","White Beast Statue"],"picked":"Busted Crown"}],"items_purged_floors":[14,38],"is_endless":false,"potions_floor_spawned":[1,5,6,11,12,16,19,24,31,35,39,48],"ascension_level":0}