{"gold_per_floor":[113,188,23,34,46,46,71,84,84,84,109,109,284,284,284,284],"floor_reached":16,"playtime":458,"items_purged":["Strike_B"],"score":167,"play_id":"b76f8ece-6c3c-492a-a889-eb49a69cade8","local_time":"20190219024007","is_ascension_mode":true,"campfire_choices":[{"data":"Zap","floor":6,"key":"SMITH"},{"floor":10,"key":"REST"},{"floor":15,"key":"REST"}],"neow_cost":"NONE","seed_source_timestamp":1293882000200,"circlet_count":0,"master_deck":["AscendersBane","Strike_B","Strike_B","Defend_B","Defend_B","Defend_B","Defend_B","Zap+1","Dualcast","Cold Snap","Capacitor","Leap","Hologram","Ball Lightning","Echo Form","Ball Lightning","Double Energy","Heatsinks","Doubt","Injury"],"relics":["Cracked Core","Prayer Wheel","StoneCalendar","WingedGreaves","Golden Idol"],"potions_floor_usage":[8],"damage_taken":[{"damage":10,"enemies":"Small Slimes","floor":1,"turns":3},{"damage":0,"enemies":"2 Louse","floor":4,"turns":2},{"damage":2,"enemies":"Jaw Worm","floor":5,"turns":4},{"damage":23,"enemies":"3 Sentries","floor":7,"turns":7},{"damage":15,"enemies":"3 Louse","floor":8,"turns":2},{"damage":29,"enemies":"Lagavulin","floor":11,"turns":5},{"damage":35,"enemies":"The Guardian","floor":16,"turns":9}],"seed_played":"-7779664329775494855","potions_obtained":[{"floor":7,"key":"FocusPotion"}],"is_trial":false,"path_per_floor":["M","?","$","M","M","R","E","M","T","R","E","?","?","?","R","B"],"character_chosen":"DEFECT","items_purchased":["Capacitor","Leap"],"campfire_rested":2,"item_purchase_floors":[3,3],"current_hp_per_floor":[65,54,54,54,52,52,29,14,14,38,9,9,9,9,33,0],"gold":284,"neow_bonus":"TEN_PERCENT_HP_BONUS","is_prod":false,"is_daily":false,"chose_seed":false,"campfire_upgraded":1,"win_rate":0,"timestamp":1550540407,"path_taken":["M","?","$","M","M","R","E","M","T","R","E","?","?","?","R","BOSS"],"build_version":"2019-01-23","purchased_purges":1,"victory":false,"max_hp_per_floor":[82,82,82,82,82,82,82,82,82,82,82,82,82,82,82,82],"card_choices":[{"not_picked":["Barrage","Compile Driver"],"picked":"Cold Snap","floor":1},{"not_picked":["Rebound","Streamline"],"picked":"Hologram","floor":4},{"not_picked":["FTL","Hologram"],"picked":"Ball Lightning","floor":5},{"not_picked":["Ball Lightning","Barrage"],"picked":"Echo Form","floor":7},{"not_picked":["Recycle","Steam"],"picked":"Ball Lightning","floor":8},{"not_picked":["Compile Driver","Cold Snap"],"picked":"Double Energy","floor":8},{"not_picked":["Cold Snap","Rebound"],"picked":"Heatsinks","floor":11}],"player_experience":793378,"relics_obtained":[{"floor":7,"key":"Prayer Wheel"},{"floor":9,"key":"StoneCalendar"},{"floor":11,"key":"WingedGreaves"}],"event_choices":[{"damage_healed":0,"gold_gain":75,"player_choice":"Gather Gold","damage_taken":11,"max_hp_gain":0,"max_hp_loss":0,"event_name":"World of Goop","floor":2,"gold_loss":0},{"cards_removed":["Strike_B"],"damage_healed":0,"gold_gain":0,"player_choice":"Forget","damage_taken":0,"max_hp_gain":0,"max_hp_loss":0,"event_name":"Living Wall","floor":12,"gold_loss":0},{"damage_healed":0,"gold_gain":175,"player_choice":"AGREE","damage_taken":0,"max_hp_gain":0,"max_hp_loss":0,"event_name":"Liars Game","floor":13,"gold_loss":0,"cards_obtained":["Doubt"]},{"damage_healed":0,"gold_gain":0,"player_choice":"Take Wound","damage_taken":0,"relics_obtained":["Golden Idol"],"max_hp_gain":0,"max_hp_loss":0,"event_name":"Golden Idol","floor":14,"gold_loss":0,"cards_obtained":["Injury"]}],"is_beta":false,"boss_relics":[],"items_purged_floors":[3],"is_endless":false,"potions_floor_spawned":[7],"killed_by":"The Guardian","ascension_level":11}