{"gold_per_floor":[116,131,145,158,173,202,217,217,290,321,44,44,80,99,99,219,219,244,244,244,260,260,286,299,309,335,335,198,198,218,253,253,349,349,366,382,31,31,47,75,75,92,92,42,71,121,121,133,133,133],"floor_reached":51,"playtime":2322,"items_purged":["Strike_B","Defend_B","Defend_B"],"score":856,"play_id":"294bce99-00c0-45e9-9743-a974b68bdd4c","local_time":"20190814011728","is_ascension_mode":true,"campfire_choices":[{"data":"Sunder","floor":8.0,"key":"SMITH"},{"floor":15.0,"key":"REST"},{"data":"Dualcast","floor":27,"key":"SMITH"},{"data":"FTL","floor":32,"key":"SMITH"},{"data":"Skim","floor":41,"key":"SMITH"},{"data":"Go for the Eyes","floor":47,"key":"PURGE"},{"data":"Beam Cell","floor":49,"key":"PURGE"}],"neow_cost":"NONE","seed_source_timestamp":87362483561700,"circlet_count":0,"master_deck":["Dualcast+1","Rip and Tear","Ball Lightning","Conserve Battery","Sunder+1","Cold Snap","Conserve Battery","Glacier","Electrodynamics","Melter+1","Genetic Algorithm+1","Melter+1","Reinforced Body","All For One","Gash+1","Gash+1","Skim+1","Rip and Tear","Recycle","Capacitor","FTL+1","Reboot","Hologram+1","Ball Lightning+1","Biased Cognition","Coolheaded","Undo","Hologram+1","Ball Lightning+1"],"special_seed":0,"relics":["Cracked Core","NeowsBlessing","Anchor","Darkstone Periapt","Calipers","PreservedInsect","Bloody Idol","Mango","Astrolabe","Smiling Mask","Strawberry","Centennial Puzzle","Snecko Eye","ClockworkSouvenir","Emotion Chip","Peace Pipe","Lantern","Bag of Marbles"],"potions_floor_usage":[23],"damage_taken":[{"damage":0.0,"enemies":"Cultist","floor":1.0,"turns":1.0},{"damage":0.0,"enemies":"Small Slimes","floor":2.0,"turns":1.0},{"damage":0.0,"enemies":"2 Louse","floor":3.0,"turns":1.0},{"damage":14.0,"enemies":"Lots of Slimes","floor":4.0,"turns":4.0},{"damage":5.0,"enemies":"Looter","floor":5.0,"turns":3.0},{"damage":17.0,"enemies":"3 Sentries","floor":6.0,"turns":6.0},{"damage":11.0,"enemies":"Exordium Thugs","floor":7.0,"turns":4.0},{"damage":10.0,"enemies":"Gremlin Nob","floor":10.0,"turns":3.0},{"damage":0.0,"enemies":"3 Sentries","floor":13.0,"turns":2.0},{"damage":0.0,"enemies":"Exordium Wildlife","floor":14.0,"turns":2.0},{"damage":13.0,"enemies":"The Guardian","floor":16.0,"turns":11.0},{"damage":0.0,"enemies":"Shell Parasite","floor":18.0,"turns":4.0},{"damage":0.0,"enemies":"Chosen","floor":21.0,"turns":4.0},{"damage":11,"enemies":"Slavers","floor":23,"turns":5},{"damage":6,"enemies":"Shelled Parasite and Fungi","floor":24,"turns":4},{"damage":0,"enemies":"Centurion and Healer","floor":25,"turns":5},{"damage":0,"enemies":"3 Cultists","floor":30,"turns":3},{"damage":12,"enemies":"Book of Stabbing","floor":31,"turns":5},{"damage":64,"enemies":"Collector","floor":33,"turns":9},{"damage":4,"enemies":"Orb Walker","floor":35,"turns":3},{"damage":0,"enemies":"3 Shapes","floor":36,"turns":4},{"damage":2,"enemies":"Spire Growth","floor":39,"turns":5},{"damage":27,"enemies":"Nemesis","floor":40,"turns":7},{"damage":0,"enemies":"Transient","floor":42,"turns":5},{"damage":1,"enemies":"Giant Head","floor":45,"turns":5},{"damage":0,"enemies":"3 Darklings","floor":48,"turns":3},{"damage":14,"enemies":"Donu and Deca","floor":50,"turns":8}],"seed_played":"-6673518054469374371","potions_obtained":[{"floor":1.0,"key":"Swift Potion"},{"floor":3.0,"key":"Block Potion"},{"floor":4.0,"key":"Regen Potion"},{"floor":16.0,"key":"Fruit Juice"},{"floor":21.0,"key":"Strength Potion"},{"floor":24,"key":"SpeedPotion"},{"floor":25,"key":"GamblersBrew"},{"floor":33,"key":"Block Potion"},{"floor":48,"key":"AttackPotion"}],"is_trial":false,"path_per_floor":["M","M","M","M","M","E","M","R","T","E","$","?","E","M","R","B",null,"M","?","?","M","?","E","M","M","T","R","$","?","M","E","R","B",null,"M","M","$","?","M","E","R","M","T","$","E","T","R","M","R","B",null],"character_chosen":"DEFECT","items_purchased":["PreservedInsect","Conserve Battery","Rip and Tear","Strength Potion","ClockworkSouvenir","Biased Cognition"],"campfire_rested":1,"item_purchase_floors":[11,11,28,28,37,37],"current_hp_per_floor":[75,75,75,61,56,39,28,28,28,18,18,18,32,32,56,43,83,83,83,83,88,88,82,81,86,95,95,95,95,95,88,88,29,95,95,95,95,90,90,68,68,73,73,73,77,82,82,87,87,73],"gold":133,"neow_bonus":"THREE_ENEMY_KILL","is_prod":false,"is_daily":false,"chose_seed":false,"campfire_upgraded":4,"win_rate":0,"timestamp":1565738248,"path_taken":["M","M","M","M","M","E","M","R","T","E","?","?","E","M","R","BOSS","M","?","?","M","?","E","M","M","T","R","$","?","?","E","R","BOSS","M","M","$","?","M","E","R","M","T","?","E","?","R","M","R","BOSS"],"build_version":"2019-07-17","purchased_purges":3,"victory":true,"max_hp_per_floor":[75,75,75,75,75,75,75,75,75,75,75,69,83,83,83,83,83,83,83,83,88,88,88,88,88,95,95,95,95,95,95,95,95,95,95,95,95,90,90,90,90,90,90,90,90,90,90,90,90,90],"card_choices":[{"not_picked":["Double Energy","Recycle"],"picked":"Go for the Eyes","floor":1.0},{"not_picked":["Double Energy","Doom and Gloom"],"picked":"Rip and Tear","floor":2.0},{"not_picked":["Self Repair","Leap","Barrage"],"picked":"SKIP","floor":3.0},{"not_picked":["Go for the Eyes","Streamline"],"picked":"Ball Lightning","floor":4.0},{"not_picked":["Stack","Leap"],"picked":"Conserve Battery","floor":5.0},{"not_picked":["Chaos","Machine Learning","Heatsinks"],"picked":"SKIP","floor":6.0},{"not_picked":["Compile Driver","Fusion"],"picked":"Sunder","floor":7.0},{"not_picked":["Beam Cell","Go for the Eyes"],"picked":"Cold Snap","floor":10.0},{"not_picked":["Barrage","Hologram"],"picked":"Glacier","floor":13.0},{"not_picked":["Beam Cell","Turbo","Steam"],"picked":"SKIP","floor":14.0},{"not_picked":["Creative AI","Seek"],"picked":"Electrodynamics","floor":16.0},{"not_picked":["Rebound","Steam","Melter"],"picked":"SKIP","floor":18.0},{"not_picked":["Rebound+1","Scrape+1"],"picked":"Gash+1","floor":21.0},{"not_picked":["Hello World","Stack","Barrage"],"picked":"SKIP","floor":23},{"not_picked":["Steam Power+1","Heatsinks"],"picked":"Gash+1","floor":24},{"not_picked":["BootSequence","Rebound+1"],"picked":"Skim","floor":25},{"not_picked":["Self Repair+1","Buffer"],"picked":"Capacitor","floor":30},{"not_picked":["Tempest","Sunder"],"picked":"FTL","floor":31},{"not_picked":["Echo Form","Meteor Strike"],"picked":"Reboot","floor":33},{"not_picked":["Heatsinks","Fusion"],"picked":"Hologram+1","floor":35},{"not_picked":["Chaos","Darkness"],"picked":"Ball Lightning+1","floor":36},{"not_picked":["Barrage","Ball Lightning"],"picked":"Coolheaded","floor":39},{"not_picked":["Coolheaded","Rebound+1"],"picked":"Undo","floor":40},{"not_picked":["Double Energy+1","Reprogram+1"],"picked":"Beam Cell","floor":42},{"not_picked":["Steam+1","Barrage"],"picked":"Hologram+1","floor":45},{"not_picked":["Leap+1","Streamline"],"picked":"Ball Lightning+1","floor":48}],"player_experience":875287,"relics_obtained":[{"floor":6.0,"key":"Anchor"},{"floor":9.0,"key":"Darkstone Periapt"},{"floor":10.0,"key":"Calipers"},{"floor":13.0,"key":"Mango"},{"floor":23,"key":"Smiling Mask"},{"floor":26,"key":"Strawberry"},{"floor":31,"key":"Centennial Puzzle"},{"floor":40,"key":"Emotion Chip"},{"floor":43,"key":"Peace Pipe"},{"floor":45,"key":"Lantern"},{"floor":46,"key":"Bag of Marbles"}],"event_choices":[{"damage_healed":0.0,"max_hp_gain":0.0,"max_hp_loss":6.0,"gold_gain":0.0,"event_name":"Golden Idol","player_choice":"Lose Max HP","floor":12.0,"gold_loss":0.0,"damage_taken":0.0,"relics_obtained":["Golden Idol"]},{"damage_healed":0.0,"max_hp_gain":0.0,"max_hp_loss":0.0,"gold_gain":0.0,"event_name":"Vampires","player_choice":"Ignored","floor":19.0,"gold_loss":0.0,"damage_taken":0.0},{"damage_healed":0.0,"max_hp_gain":0.0,"max_hp_loss":0.0,"gold_gain":0.0,"cards_transformed":["Zap","Defend_B"],"event_name":"Drug Dealer","player_choice":"Became Test Subject","floor":20.0,"gold_loss":0.0,"damage_taken":0.0,"cards_obtained":["Reinforced Body","All For One"]},{"damage_healed":0.0,"max_hp_gain":0.0,"max_hp_loss":0.0,"gold_gain":0.0,"event_name":"Forgotten Altar","player_choice":"Gave Idol","floor":22.0,"relics_lost":["Golden Idol"],"gold_loss":0.0,"damage_taken":0.0,"relics_obtained":["Bloody Idol"]},{"damage_healed":0,"gold_gain":0,"cards_transformed":["Defend_B"],"player_choice":"Transformed","damage_taken":0,"max_hp_gain":0,"max_hp_loss":0,"event_name":"Transmorgrifier","floor":29,"gold_loss":0,"cards_obtained":["Recycle"]},{"damage_healed":0,"gold_gain":0,"player_choice":"Max HP","damage_taken":0,"max_hp_gain":0,"max_hp_loss":5,"event_name":"Winding Halls","floor":38,"gold_loss":0}],"is_beta":false,"boss_relics":[{"not_picked":["Lizard Tail","Runic Pyramid"],"picked":"Astrolabe"},{"not_picked":["Coffee Dripper","Tiny House"],"picked":"Snecko Eye"}],"items_purged_floors":[11,28,44],"is_endless":false,"potions_floor_spawned":[1,3,4,16,21,24,25,33,36,45,48],"ascension_level":1}