{"gold_per_floor":[117,117,127,142,156,156,156,156,224,61,27,62,62,62],"floor_reached":14,"playtime":816,"items_purged":[],"score":101,"play_id":"977bfb41-daf5-49bb-b939-ceee4032a31a","local_time":"20190327010604","is_ascension_mode":true,"campfire_choices":[{"data":"Zap","floor":6.0,"key":"SMITH"},{"data":"Defragment","floor":8.0,"key":"SMITH"},{"floor":13,"key":"REST"}],"neow_cost":"NONE","seed_source_timestamp":275402495569548,"circlet_count":0,"master_deck":["Strike_B","Strike_B","Strike_B","Defend_B","Defend_B","Defend_B","Defend_B","Zap+1","Dualcast","Coolheaded","Steam","Defragment+1","Coolheaded","Creative AI","Reprogram","Amplify"],"special_seed":0,"relics":["Cracked Core","Bottled Tornado"],"potions_floor_usage":[14],"damage_taken":[{"damage":0.0,"enemies":"2 Louse","floor":1.0,"turns":2.0},{"damage":0.0,"enemies":"Jaw Worm","floor":3.0,"turns":4.0},{"damage":0.0,"enemies":"Cultist","floor":4.0,"turns":4.0},{"damage":5.0,"enemies":"2 Fungi Beasts","floor":5.0,"turns":3.0},{"damage":67,"enemies":"Gremlin Nob","floor":12,"turns":7},{"damage":41,"enemies":"Gremlin Gang","floor":14,"turns":3}],"seed_played":"-8422470816870113512","potions_obtained":[{"floor":3.0,"key":"FearPotion"},{"floor":4.0,"key":"SteroidPotion"},{"floor":12,"key":"Regen Potion"}],"is_trial":false,"path_per_floor":["M","?","M","M","M","R","?","R","T","$","$","E","R","M"],"character_chosen":"DEFECT","items_purchased":["Creative AI","Reprogram"],"campfire_rested":1,"item_purchase_floors":[10,11],"current_hp_per_floor":[82,75,75,75,70,70,70,70,70,70,70,3,27,0],"gold":62,"neow_bonus":"TEN_PERCENT_HP_BONUS","is_prod":false,"is_daily":false,"chose_seed":false,"campfire_upgraded":2,"win_rate":0,"timestamp":1553673964,"path_taken":["M","?","M","M","M","R","?","R","T","$","?","E","R","M"],"build_version":"2019-01-23","purchased_purges":0,"victory":false,"max_hp_per_floor":[82,82,82,82,82,82,82,82,82,82,82,82,82,82],"card_choices":[{"not_picked":["Barrage","Stack"],"picked":"Coolheaded","floor":1.0},{"not_picked":["Go for the Eyes","Aggregate"],"picked":"Steam","floor":3.0},{"not_picked":["Steam","Cold Snap"],"picked":"Defragment","floor":4.0},{"not_picked":["Conserve Battery","Ball Lightning"],"picked":"Coolheaded","floor":5.0},{"not_picked":["Leap","Rip and Tear"],"picked":"Amplify","floor":12}],"player_experience":67964,"relics_obtained":[{"floor":9.0,"key":"Bottled Tornado"}],"event_choices":[{"cards_removed":["Strike_B"],"damage_healed":0.0,"max_hp_gain":0.0,"max_hp_loss":0.0,"gold_gain":0.0,"event_name":"Golden Wing","player_choice":"Card Removal","floor":2.0,"gold_loss":0.0,"damage_taken":7.0},{"damage_healed":0.0,"max_hp_gain":0.0,"max_hp_loss":0.0,"gold_gain":0.0,"event_name":"Liars Game","player_choice":"Ignored","floor":7.0,"gold_loss":0.0,"damage_taken":0.0}],"is_beta":false,"boss_relics":[],"items_purged_floors":[],"is_endless":false,"potions_floor_spawned":[3,4,12],"killed_by":"Gremlin Gang","ascension_level":3}