{"gold_per_floor":[113,113,129,145,156,190,190,221,221,221,8,33,33,33,33,132,132,112,137,137,160,33,33,83,99,99,4,4],"floor_reached":28,"playtime":1186,"items_purged":["Strike_R","Strike_R"],"score":437,"play_id":"e762bedf-312a-461c-9b98-83993672097e","local_time":"20190719215358","is_ascension_mode":true,"campfire_choices":[{"floor":7,"key":"REST"},{"data":"Spot Weakness","floor":10,"key":"SMITH"},{"floor":15,"key":"REST"},{"data":"Feel No Pain","floor":23,"key":"SMITH"}],"neow_cost":"NONE","seed_source_timestamp":608465625998400,"circlet_count":0,"master_deck":["AscendersBane","Strike_R","Strike_R","Strike_R","Defend_R","Defend_R","Defend_R","Defend_R","Bash","Fiend Fire","Second Wind","Power Through","Wild Strike","Battle Trance","Uppercut","Spot Weakness+1","Feel No Pain+1","Evolve","Anger","Offering","Wild Strike","Flex","Rage","Disarm","Shockwave","Armaments","Pommel Strike"],"special_seed":0,"relics":["Burning Blood","Dodecahedron","Omamori","The Courier","Art of War","Membership Card","Turnip","Golden Idol","Eternal Feather","Boot","Pen Nib"],"potions_floor_usage":[12,16,19,21,25,28],"damage_taken":[{"damage":5.0,"enemies":"Small Slimes","floor":1.0,"turns":4.0},{"damage":1.0,"enemies":"Cultist","floor":3.0,"turns":4.0},{"damage":2,"enemies":"Jaw Worm","floor":4,"turns":3},{"damage":23,"enemies":"Lots of Slimes","floor":5,"turns":5},{"damage":34,"enemies":"Lagavulin","floor":6,"turns":8},{"damage":23,"enemies":"Gremlin Nob","floor":8,"turns":4},{"damage":20,"enemies":"3 Sentries","floor":12,"turns":7},{"damage":38,"enemies":"The Guardian","floor":16,"turns":7},{"damage":26,"enemies":"2 Thieves","floor":18,"turns":4},{"damage":9,"enemies":"Chosen","floor":19,"turns":4},{"damage":18,"enemies":"Centurion and Healer","floor":21,"turns":5},{"damage":22,"enemies":"Snecko","floor":25,"turns":3},{"damage":35,"enemies":"Shelled Parasite and Fungi","floor":28,"turns":6}],"seed_played":"-6455237214020848628","potions_obtained":[{"floor":1.0,"key":"Explosive Potion"},{"floor":6,"key":"Energy Potion"},{"floor":8,"key":"Strength Potion"},{"floor":12,"key":"SteroidPotion"},{"floor":18,"key":"PowerPotion"},{"floor":25,"key":"BloodPotion"}],"is_trial":false,"path_per_floor":["M","?","M","M","M","E","R","E","T","R","$","E","$","?","R","B",null,"M","M","?","M","$","R","?","M","T","$","M"],"character_chosen":"IRONCLAD","items_purchased":["Membership Card","Feel No Pain","Evolve","Boot","PowerPotion","Armaments","Pommel Strike"],"campfire_rested":2,"item_purchase_floors":[11,11,11,22,22,27,27],"current_hp_per_floor":[69,69,74,75,58,30,52,35,35,35,35,21,21,21,43,11,59,39,36,36,24,24,39,32,16,16,16,0],"gold":4,"neow_bonus":"ONE_RANDOM_RARE_CARD","is_prod":false,"is_daily":false,"chose_seed":false,"campfire_upgraded":2,"win_rate":0,"timestamp":1563566038,"path_taken":["M","?","M","M","M","E","R","E","T","R","?","E","$","?","R","BOSS","M","M","?","?","$","R","?","M","T","$","M"],"build_version":"2019-07-17","purchased_purges":2,"victory":false,"max_hp_per_floor":[75,75,75,75,75,75,75,75,75,75,75,75,75,75,75,75,75,75,75,75,75,75,75,75,75,75,75,75],"card_choices":[{"not_picked":["Intimidate","Body Slam"],"picked":"Second Wind","floor":1.0},{"not_picked":["Perfected Strike","Sentinel"],"picked":"Power Through","floor":3},{"not_picked":["Thunderclap","Sever Soul"],"picked":"Wild Strike","floor":4},{"not_picked":["True Grit","Twin Strike"],"picked":"Battle Trance","floor":5},{"not_picked":["Limit Break","Sword Boomerang"],"picked":"Uppercut","floor":6},{"not_picked":["Disarm","Bludgeon"],"picked":"Spot Weakness","floor":8},{"not_picked":["Infernal Blade","Sword Boomerang"],"picked":"Anger","floor":12},{"not_picked":["Immolate","Brutality"],"picked":"Offering","floor":16},{"not_picked":["Sword Boomerang","Pommel Strike"],"picked":"Wild Strike","floor":18},{"not_picked":["Sword Boomerang","Iron Wave"],"picked":"Flex","floor":19},{"not_picked":["Uppercut","Sword Boomerang"],"picked":"Disarm","floor":21},{"not_picked":["Dropkick","Heavy Blade"],"picked":"Shockwave","floor":25}],"player_experience":1689752,"relics_obtained":[{"floor":6,"key":"Omamori"},{"floor":8,"key":"The Courier"},{"floor":9,"key":"Art of War"},{"floor":12,"key":"Turnip"},{"floor":26,"key":"Pen Nib"}],"event_choices":[{"damage_healed":0.0,"max_hp_gain":0.0,"max_hp_loss":0.0,"gold_gain":0.0,"event_name":"WeMeetAgain","player_choice":"Gave Potion","floor":2.0,"gold_loss":0.0,"damage_taken":0.0,"relics_obtained":["Dodecahedron"]},{"damage_healed":0,"gold_gain":0,"player_choice":"Take Wound","damage_taken":0,"relics_obtained":["Golden Idol"],"max_hp_gain":0,"max_hp_loss":0,"event_name":"Golden Idol","floor":14,"gold_loss":0,"cards_obtained":["Injury"]},{"damage_healed":0,"gold_gain":0,"player_choice":"1 cards matched","damage_taken":0,"max_hp_gain":0,"max_hp_loss":0,"event_name":"Match and Keep!","floor":20,"gold_loss":0,"cards_obtained":["Rage"]},{"damage_healed":0,"gold_gain":50,"player_choice":"Touch","damage_taken":7,"max_hp_gain":0,"max_hp_loss":0,"event_name":"FaceTrader","floor":24,"gold_loss":0}],"is_beta":false,"boss_relics":[{"not_picked":["Fusion Hammer","Runic Dome"],"picked":"Eternal Feather"}],"items_purged_floors":[22,27],"is_endless":false,"potions_floor_spawned":[1,6,8,12,18,25],"killed_by":"Shelled Parasite and Fungi","ascension_level":17}