{"gold_per_floor":[113,131,56,68,86,113,113,143,194,194,194,214,78,109,109,207,207,221,42,52,52,68,68,78,112,112,112,112,112,27,41,41,144,144,158,158,8,8,8,8,43,43,43,63,94,94,112,132,132,132,132,132,0,32,32],"floor_reached":56,"playtime":2298,"items_purged":["Strike_R","Strike_R","Strike_R","Strike_R"],"score":1623,"play_id":"9c31c391-2ec7-40d8-b0d4-4019ffa90d78","local_time":"20181117123117","is_ascension_mode":false,"campfire_choices":[{"data":"Clothesline","floor":7,"key":"SMITH"},{"data":"Spot Weakness","floor":11,"key":"SMITH"},{"data":"Corruption","floor":15,"key":"SMITH"},{"floor":23,"key":"RECALL"},{"floor":29,"key":"REST"},{"floor":32,"key":"REST"},{"floor":40,"key":"REST"},{"floor":42,"key":"REST"},{"floor":49,"key":"REST"},{"floor":52,"key":"REST"}],"neow_cost":"NONE","seed_source_timestamp":0,"circlet_count":0,"master_deck":["Defend_R","Defend_R","Defend_R","Defend_R","Bash+1","Clothesline+1","Headbutt","Shrug It Off","Spot Weakness+1","Pommel Strike","Whirlwind+1","Shockwave","Corruption+1","Pummel+1","Twin Strike+1","Shrug It Off","Ghostly Armor","Twin Strike+1","Body Slam+1","Shrug It Off+1","Disarm+1","Barricade+1","Twin Strike+1","Havoc+1","Body Slam+1","Decay","True Grit+1","Armaments+1","Sentinel","Shrug It Off"],"special_seed":0,"relics":["Burning Blood","Dead Branch","Molten Egg 2","Strawberry","Ancient Tea Set","Fusion Hammer","Shuriken","Du-Vu Doll","Enchiridion","Oddly Smooth Stone","Busted Crown","Red Skull","Bottled Tornado","Bag of Marbles"],"potions_floor_usage":[5,22,55],"damage_taken":[{"damage":6,"enemies":"Cultist","floor":1,"turns":3},{"damage":13,"enemies":"Jaw Worm","floor":2,"turns":3},{"damage":0,"enemies":"2 Louse","floor":4,"turns":3},{"damage":4,"enemies":"Large Slime","floor":5,"turns":5},{"damage":23,"enemies":"Lagavulin","floor":6,"turns":5},{"damage":26,"enemies":"3 Sentries","floor":8,"turns":9},{"damage":2,"enemies":"Looter","floor":12,"turns":3},{"damage":20,"enemies":"Gremlin Nob","floor":14,"turns":4},{"damage":6,"enemies":"The Guardian","floor":16,"turns":6},{"damage":0,"enemies":"2 Thieves","floor":18,"turns":1},{"damage":0,"enemies":"Spheric Guardian","floor":20,"turns":3},{"damage":7,"enemies":"Centurion and Healer","floor":22,"turns":3},{"damage":0,"enemies":"Cultist and Chosen","floor":24,"turns":3},{"damage":13,"enemies":"Book of Stabbing","floor":25,"turns":4},{"damage":0,"enemies":"3 Cultists","floor":31,"turns":1},{"damage":8,"enemies":"Champ","floor":33,"turns":6},{"damage":3,"enemies":"Orb Walker","floor":35,"turns":4},{"damage":1,"enemies":"Nemesis","floor":41,"turns":5},{"damage":0,"enemies":"3 Darklings","floor":44,"turns":4},{"damage":0,"enemies":"Giant Head","floor":45,"turns":5},{"damage":4,"enemies":"4 Shapes","floor":47,"turns":3},{"damage":0,"enemies":"Sphere and 2 Shapes","floor":48,"turns":2},{"damage":69,"enemies":"Awakened One","floor":50,"turns":7},{"damage":6,"enemies":"Shield and Spear","floor":54,"turns":2},{"damage":5,"enemies":"The Heart","floor":55,"turns":3}],"seed_played":"-7678728547744393045","potions_obtained":[{"floor":4,"key":"Block Potion"},{"floor":5,"key":"BloodPotion"},{"floor":6,"key":"Weak Potion"},{"floor":14,"key":"PowerPotion"},{"floor":16,"key":"Weak Potion"},{"floor":22,"key":"Regen Potion"},{"floor":41,"key":"Ancient Potion"},{"floor":45,"key":"Energy Potion"}],"is_trial":false,"path_per_floor":["M","M","$","M","M","E","R","E","T","?","R","M","$","E","R","B",null,"M","$","M","$","M","R","M","E","T","?","?","R","?","M","R","B",null,"M","?","$","?","?","R","E","R","T","M","E","?","M","M","R","B",null,"R","$","E","B",null],"character_chosen":"IRONCLAD","items_purchased":["Corruption","Shrug It Off","Sentinel","Shrug It Off"],"campfire_rested":6,"item_purchase_floors":[13,19,53,53],"current_hp_per_floor":[80,73,73,79,80,63,63,43,50,50,50,54,54,40,40,40,87,87,87,87,87,86,86,87,80,80,64,64,87,87,87,87,85,87,87,87,87,87,87,87,87,87,87,87,87,87,87,87,87,24,87,87,87,87,87],"gold":32,"neow_bonus":"UPGRADE_CARD","is_prod":false,"is_daily":false,"chose_seed":false,"campfire_upgraded":3,"win_rate":0,"timestamp":1542457877,"path_taken":["M","?","$","M","M","E","R","E","T","?","R","M","?","E","R","BOSS","M","$","M","$","M","R","M","E","T","?","?","R","?","M","R","BOSS","M","?","$","?","?","R","E","R","T","?","E","?","M","?","R","BOSS","R","$","E","BOSS"],"build_version":"2018-11-15","purchased_purges":4,"victory":true,"max_hp_per_floor":[80,80,80,80,80,80,80,80,87,87,87,87,87,87,87,87,87,87,87,87,87,87,87,87,87,87,87,87,87,87,87,87,87,87,87,87,87,87,87,87,87,87,87,87,87,87,87,87,87,87,87,87,87,87,87],"card_choices":[{"not_picked":["Anger","Iron Wave"],"picked":"Clothesline","floor":1},{"not_picked":["True Grit","Warcry"],"picked":"Headbutt","floor":2},{"not_picked":["Anger","Flex"],"picked":"Shrug It Off","floor":4},{"not_picked":["Armaments","Headbutt"],"picked":"Spot Weakness","floor":5},{"not_picked":["Headbutt","Power Through"],"picked":"Pommel Strike","floor":6},{"not_picked":["Pummel","Havoc"],"picked":"Whirlwind","floor":8},{"not_picked":["Clash+1","Clothesline+1"],"picked":"Shockwave","floor":12},{"not_picked":["Rupture","Sever Soul+1"],"picked":"Pummel+1","floor":14},{"not_picked":["Heavy Blade+1","Rampage+1"],"picked":"Twin Strike+1","floor":18},{"not_picked":["Havoc","Dual Wield"],"picked":"Ghostly Armor","floor":20},{"not_picked":["Rupture","Evolve"],"picked":"Twin Strike+1","floor":22},{"not_picked":["Entrench","Reckless Charge+1"],"picked":"Body Slam+1","floor":24},{"not_picked":["Rampage+1","Body Slam+1"],"picked":"Shrug It Off+1","floor":25},{"not_picked":["Armaments","Clothesline+1"],"picked":"Disarm+1","floor":31},{"not_picked":["Impervious","Immolate+1"],"picked":"Barricade","floor":33},{"not_picked":[],"picked":"Twin Strike+1","floor":35},{"not_picked":[],"picked":"Havoc+1","floor":41},{"not_picked":["Dropkick+1"],"picked":"SKIP","floor":44},{"not_picked":[],"picked":"Body Slam+1","floor":45},{"not_picked":[],"picked":"True Grit+1","floor":47},{"not_picked":[],"picked":"Armaments+1","floor":48},{"not_picked":["Pommel Strike+1"],"picked":"SKIP","floor":54}],"player_experience":985723,"relics_obtained":[{"floor":6,"key":"Dead Branch"},{"floor":8,"key":"Molten Egg 2"},{"floor":9,"key":"Strawberry"},{"floor":14,"key":"Ancient Tea Set"},{"floor":25,"key":"Shuriken"},{"floor":26,"key":"Du-Vu Doll"},{"floor":27,"key":"Enchiridion"},{"floor":41,"key":"Red Skull"},{"floor":45,"key":"Bottled Tornado"},{"floor":54,"key":"Bag of Marbles"}],"event_choices":[{"cards_removed":["Strike_R"],"damage_healed":0,"gold_gain":0,"player_choice":"Purged","damage_taken":0,"max_hp_gain":0,"max_hp_loss":0,"event_name":"Purifier","floor":10,"gold_loss":0},{"damage_healed":0,"gold_gain":0,"player_choice":"Obtained Book","damage_taken":16,"max_hp_gain":0,"max_hp_loss":0,"event_name":"Cursed Tome","floor":27,"gold_loss":0},{"damage_healed":0,"gold_gain":0,"player_choice":"Ignored","damage_taken":0,"max_hp_gain":0,"max_hp_loss":0,"event_name":"Beggar","floor":28,"gold_loss":0},{"damage_healed":0,"gold_gain":0,"player_choice":"Obtained Relic","damage_taken":0,"relics_obtained":["Oddly Smooth Stone"],"max_hp_gain":0,"max_hp_loss":0,"event_name":"Addict","floor":30,"gold_loss":85},{"damage_healed":0,"gold_gain":0,"player_choice":"Ignored","damage_taken":0,"max_hp_gain":0,"max_hp_loss":0,"event_name":"Tomb of Lord Red Mask","floor":36,"gold_loss":0},{"damage_healed":0,"gold_gain":0,"player_choice":"Memory 1","damage_taken":0,"max_hp_gain":0,"max_hp_loss":0,"event_name":"SensoryStone","floor":38,"gold_loss":0},{"damage_healed":0,"gold_gain":0,"player_choice":"Upgraded","damage_taken":0,"max_hp_gain":0,"max_hp_loss":0,"event_name":"Upgrade Shrine","floor":39,"gold_loss":0,"cards_upgraded":["Barricade"]},{"damage_healed":0,"gold_gain":0,"player_choice":"Cursed","damage_taken":0,"max_hp_gain":0,"max_hp_loss":0,"event_name":"Wheel of Change","floor":46,"gold_loss":0,"cards_obtained":["Decay"]}],"is_beta":false,"boss_relics":[{"not_picked":["Pandora\u0027s Box","Empty Cage"],"picked":"Fusion Hammer"},{"not_picked":["Velvet Choker","Runic Dome"],"picked":"Busted Crown"}],"items_purged_floors":[3,13,19,37],"is_endless":false,"potions_floor_spawned":[4,5,6,14,16,22,25,41,45,48,54],"ascension_level":0}