{"gold_per_floor":[117,42,55,70,70,70,89,89,161,216,216,241,241,256,256,351,351,366,465,484,330,345,365,365,365,388,195,110,110,124,153,153,256,256,266,280,280,1279,835,866,866,898,898,898,914,927,49,59,59,59],"floor_reached":51,"playtime":2742,"items_purged":["Strike_R","Strike_R","Strike_R+1","Normality","Normality"],"score":1313,"play_id":"d8ef3418-c122-4e8b-8092-5bd1f64ef1c4","local_time":"20190919000420","is_ascension_mode":true,"campfire_choices":[{"data":"Uppercut","floor":6.0,"key":"SMITH"},{"data":"Twin Strike","floor":11.0,"key":"SMITH"},{"data":"Shrug It Off","floor":13.0,"key":"SMITH"},{"data":"Cleave","floor":15.0,"key":"SMITH"},{"data":"Barricade","floor":25,"key":"SMITH"},{"data":"Rampage","floor":29,"key":"SMITH"},{"data":"Battle Trance","floor":32,"key":"SMITH"},{"data":"Shrug It Off","floor":41,"key":"SMITH"},{"data":"Shrug It Off","floor":44,"key":"SMITH"},{"data":"Impervious","floor":49,"key":"SMITH"}],"neow_cost":"NONE","seed_source_timestamp":414268980005393,"circlet_count":0,"master_deck":["AscendersBane","Defend_R+1","Defend_R","Defend_R","Defend_R","Bash+1","Uppercut+1","Shrug It Off+1","Twin Strike+1","Shrug It Off+1","Cleave+1","Barricade+1","Battle Trance+1","Shrug It Off+1","Body Slam+1","Shrug It Off+1","Impervious+1","Shrug It Off+1"],"special_seed":0,"relics":["Burning Blood","Meat on the Bone","War Paint","Whetstone","Busted Crown","Nilry\u0027s Codex","Oddly Smooth Stone","Molten Egg 2","Red Skull","Empty Cage","Shuriken","Ornamental Fan","Letter Opener","DollysMirror","Bottled Lightning","Question Card"],"potions_floor_usage":[22,31,48],"damage_taken":[{"damage":6.0,"enemies":"Jaw Worm","floor":1.0,"turns":5.0},{"damage":0.0,"enemies":"2 Louse","floor":3.0,"turns":3.0},{"damage":10.0,"enemies":"Small Slimes","floor":4.0,"turns":5.0},{"damage":16.0,"enemies":"3 Louse","floor":7.0,"turns":5.0},{"damage":20.0,"enemies":"Gremlin Nob","floor":10.0,"turns":4.0},{"damage":16.0,"enemies":"Lagavulin","floor":12.0,"turns":6.0},{"damage":0.0,"enemies":"Looter","floor":14.0,"turns":2.0},{"damage":6.0,"enemies":"Slime Boss","floor":16.0,"turns":3.0},{"damage":20.0,"enemies":"Chosen","floor":18.0,"turns":7.0},{"damage":0,"enemies":"Spheric Guardian","floor":20,"turns":3},{"damage":7,"enemies":"Snake Plant","floor":22,"turns":5},{"damage":15,"enemies":"Shelled Parasite and Fungi","floor":23,"turns":7},{"damage":0,"enemies":"Cultist and Chosen","floor":30,"turns":18},{"damage":28,"enemies":"Slavers","floor":31,"turns":6},{"damage":0,"enemies":"Collector","floor":33,"turns":10},{"damage":27,"enemies":"3 Darklings","floor":35,"turns":5},{"damage":0,"enemies":"Orb Walker","floor":36,"turns":4},{"damage":26,"enemies":"Giant Head","floor":40,"turns":10},{"damage":0,"enemies":"Nemesis","floor":42,"turns":15},{"damage":0,"enemies":"4 Shapes","floor":45,"turns":7},{"damage":0,"enemies":"Spire Growth","floor":46,"turns":6},{"damage":1,"enemies":"Jaw Worm Horde","floor":48,"turns":5},{"damage":8,"enemies":"Time Eater","floor":50,"turns":11}],"seed_played":"-3829220578877646924","potions_obtained":[{"floor":1.0,"key":"SkillPotion"},{"floor":10.0,"key":"AttackPotion"},{"floor":20,"key":"Energy Potion"},{"floor":22,"key":"Fruit Juice"},{"floor":33,"key":"Regen Potion"},{"floor":42,"key":"FearPotion"},{"floor":45,"key":"AttackPotion"}],"is_trial":false,"path_per_floor":["M","$","M","M","?","R","M","?","T","?","R","E","R","M","R","B",null,"M","?","M","$","M","M","?","R","T","$","?","R","M","E","R","B",null,"M","M","?","?","$","E","R","E","T","R","M","M","$","M","R","B",null],"character_chosen":"IRONCLAD","items_purchased":["Shrug It Off","Rampage","Shrug It Off","Impervious","SmokeBomb","DollysMirror","Bottled Lightning","Question Card"],"campfire_rested":0,"item_purchase_floors":[21,27,39,39,39,47,47,47],"current_hp_per_floor":[72,72,78,74,67,67,57,62,62,60,60,50,50,56,56,56,78,64,64,70,70,74,65,49,49,49,49,49,49,55,45,45,63,83,62,68,68,68,68,60,60,66,66,66,72,78,78,90,90,88],"gold":59,"neow_bonus":"UPGRADE_CARD","is_prod":false,"is_daily":false,"chose_seed":false,"campfire_upgraded":10,"win_rate":0,"timestamp":1568876660,"path_taken":["M","$","M","M","?","R","M","?","T","?","R","E","R","M","R","BOSS","M","?","M","$","M","M","?","R","T","$","?","R","M","E","R","BOSS","M","M","?","?","$","E","R","E","T","R","M","M","$","M","R","BOSS"],"build_version":"2019-07-17","purchased_purges":5,"victory":true,"max_hp_per_floor":[80,80,80,80,80,80,80,85,85,85,85,85,85,85,85,85,85,85,85,85,85,90,90,90,90,90,90,90,90,90,90,90,90,90,90,90,90,90,90,90,90,90,90,90,90,90,90,90,90,90],"card_choices":[{"not_picked":["Anger","Iron Wave"],"picked":"Uppercut","floor":1.0},{"not_picked":["Rupture","Clothesline","Armaments"],"picked":"SKIP","floor":3.0},{"not_picked":["Wild Strike","Anger"],"picked":"Shrug It Off","floor":4.0},{"not_picked":["Perfected Strike","Warcry","Anger"],"picked":"SKIP","floor":7.0},{"not_picked":["Wild Strike","Sword Boomerang"],"picked":"Twin Strike","floor":10.0},{"not_picked":["Entrench","Headbutt"],"picked":"Shrug It Off","floor":12.0},{"not_picked":["Armaments","Twin Strike"],"picked":"Cleave","floor":14.0},{"not_picked":["Fiend Fire","Feed"],"picked":"Barricade","floor":16.0},{"not_picked":[],"picked":"Battle Trance","floor":18.0},{"not_picked":["Clothesline"],"picked":"SKIP","floor":20},{"not_picked":["Headbutt"],"picked":"SKIP","floor":22},{"not_picked":["Wild Strike"],"picked":"SKIP","floor":23},{"not_picked":[],"picked":"Body Slam+1","floor":30},{"not_picked":["Feel No Pain"],"picked":"SKIP","floor":31},{"not_picked":["Thunderclap+1"],"picked":"SKIP","floor":35},{"not_picked":["Warcry"],"picked":"SKIP","floor":36},{"not_picked":["Headbutt+1"],"picked":"SKIP","floor":40},{"not_picked":["Rage+1"],"picked":"SKIP","floor":42},{"not_picked":["Pummel+1"],"picked":"SKIP","floor":45},{"not_picked":["Sentinel+1"],"picked":"SKIP","floor":46},{"not_picked":["Heavy Blade+1","Clothesline+1"],"picked":"SKIP","floor":48}],"player_experience":215536,"relics_obtained":[{"floor":9.0,"key":"Meat on the Bone"},{"floor":10.0,"key":"War Paint"},{"floor":12.0,"key":"Whetstone"},{"floor":24,"key":"Nilry\u0027s Codex"},{"floor":26,"key":"Oddly Smooth Stone"},{"floor":31,"key":"Red Skull"},{"floor":40,"key":"Shuriken"},{"floor":42,"key":"Ornamental Fan"},{"floor":43,"key":"Letter Opener"}],"event_choices":[{"cards_removed":["Strike_R"],"damage_healed":0.0,"max_hp_gain":0.0,"max_hp_loss":0.0,"gold_gain":0.0,"event_name":"Golden Wing","player_choice":"Card Removal","floor":5.0,"gold_loss":0.0,"damage_taken":7.0},{"damage_healed":0.0,"max_hp_gain":5.0,"max_hp_loss":0.0,"gold_gain":0.0,"event_name":"Big Fish","player_choice":"Donut","floor":8.0,"gold_loss":0.0,"damage_taken":0.0},{"damage_healed":0.0,"max_hp_gain":0.0,"max_hp_loss":0.0,"gold_gain":0.0,"event_name":"Dead Adventurer","player_choice":"Searched \u00271\u0027 times","floor":10.0,"gold_loss":0.0,"damage_taken":0.0},{"damage_healed":0.0,"max_hp_gain":0.0,"max_hp_loss":0.0,"gold_gain":99.0,"event_name":"Nest","player_choice":"Stole From Cult","floor":19.0,"gold_loss":0.0,"damage_taken":0.0},{"damage_healed":0,"gold_gain":0,"player_choice":"Obtained Book","damage_taken":16,"max_hp_gain":0,"max_hp_loss":0,"event_name":"Cursed Tome","floor":24,"gold_loss":0},{"damage_healed":0,"gold_gain":0,"player_choice":"Obtained Relic","damage_taken":0,"relics_obtained":["Molten Egg 2"],"max_hp_gain":0,"max_hp_loss":0,"event_name":"Addict","floor":28,"gold_loss":85},{"damage_healed":0,"gold_gain":0,"player_choice":"Memory 1","damage_taken":0,"max_hp_gain":0,"max_hp_loss":0,"event_name":"SensoryStone","floor":37,"gold_loss":0},{"damage_healed":0,"gold_gain":999,"player_choice":"Gold","damage_taken":0,"max_hp_gain":0,"max_hp_loss":0,"event_name":"MindBloom","floor":38,"gold_loss":0,"cards_obtained":["Normality","Normality"]}],"is_beta":false,"boss_relics":[{"not_picked":["Fusion Hammer","Runic Cube"],"picked":"Busted Crown"},{"not_picked":["Tiny House","Black Blood"],"picked":"Empty Cage"}],"items_purged_floors":[2,21,27,39,47],"is_endless":false,"potions_floor_spawned":[1,10,20,22,33,42,45],"ascension_level":10}