{"gold_per_floor":[118,118,137,150,170,170,182,182,182,192,225,239,239,270,270,342,342,362,193,108,108,108,108,127,127],"floor_reached":25,"playtime":894,"items_purged":["Strike_B"],"score":405,"play_id":"3ae90bb2-5ff7-4cfb-830b-f52bb1e10b50","local_time":"20190826134805","is_ascension_mode":true,"campfire_choices":[{"data":"Zap","floor":6,"key":"SMITH"},{"data":"Fusion","floor":8,"key":"SMITH"},{"floor":13,"key":"REST"},{"floor":15,"key":"REST"},{"floor":23,"key":"REST"}],"neow_cost":"NONE","seed_source_timestamp":1068014282412000,"circlet_count":0,"master_deck":["AscendersBane","Defend_B+1","Defend_B+1","Defend_B+1","Defend_B+1","Zap+1","Dualcast","Leap","Stack","Ball Lightning","Fusion+1","Doom and Gloom","Darkness","Gash","Meteor Strike","Beam Cell","BootSequence","Creative AI","Recycle+1","Barrage+1","Steam Power+1","Melter","Force Field","Sunder","Writhe","FTL+1"],"relics":["Cracked Core","Smiling Mask","Centennial Puzzle","Pear","Astrolabe","Molten Egg 2","Ancient Tea Set"],"potions_floor_usage":[7,7,11,14,16,25],"damage_taken":[{"damage":3,"enemies":"Small Slimes","floor":1,"turns":3},{"damage":1,"enemies":"Cultist","floor":3,"turns":4},{"damage":3,"enemies":"2 Louse","floor":4,"turns":3},{"damage":1,"enemies":"2 Fungi Beasts","floor":5,"turns":4},{"damage":0,"enemies":"Large Slime","floor":7,"turns":2},{"damage":13,"enemies":"3 Louse","floor":10,"turns":2},{"damage":12,"enemies":"3 Sentries","floor":11,"turns":6},{"damage":16,"enemies":"Gremlin Gang","floor":12,"turns":3},{"damage":25,"enemies":"Gremlin Nob","floor":14,"turns":4},{"damage":53,"enemies":"Slime Boss","floor":16,"turns":13},{"damage":38,"enemies":"Spheric Guardian","floor":18,"turns":5},{"damage":44,"enemies":"3 Byrds","floor":24,"turns":6},{"damage":12,"enemies":"Snake Plant","floor":25,"turns":2}],"seed_played":"1448817054646182831","potions_obtained":[{"floor":1,"key":"AttackPotion"},{"floor":5,"key":"SteroidPotion"},{"floor":7,"key":"EssenceOfSteel"},{"floor":11,"key":"SpeedPotion"},{"floor":14,"key":"Dexterity Potion"},{"floor":24,"key":"Poison Potion"}],"is_trial":false,"path_per_floor":["M","?","M","M","M","R","M","R","T","M","E","M","R","E","R","B",null,"M","$","?","?","?","R","M","M"],"character_chosen":"DEFECT","items_purchased":["Force Field","Sunder"],"campfire_rested":3,"item_purchase_floors":[19,19],"current_hp_per_floor":[68,68,67,64,63,63,63,63,63,50,38,22,45,30,56,3,67,29,29,29,29,29,55,11,0],"gold":127,"neow_bonus":"TEN_PERCENT_HP_BONUS","is_prod":false,"is_daily":false,"chose_seed":false,"campfire_upgraded":2,"win_rate":0,"timestamp":1566820085,"path_taken":["M","?","M","M","M","R","?","R","T","M","E","M","R","E","R","BOSS","M","$","?","?","?","R","M","M"],"build_version":"2019-07-17","purchased_purges":1,"victory":false,"max_hp_per_floor":[78,78,78,78,78,78,78,78,78,78,78,78,78,88,88,88,88,88,88,88,88,88,88,88,88],"card_choices":[{"not_picked":["BootSequence","Barrage"],"picked":"Leap","floor":1},{"not_picked":["Leap","Heatsinks"],"picked":"Ball Lightning","floor":3},{"not_picked":["Go for the Eyes","Stack"],"picked":"Fusion","floor":4},{"not_picked":["Hello World","Turbo"],"picked":"Doom and Gloom","floor":5},{"not_picked":["Turbo","Steam"],"picked":"Darkness","floor":7},{"not_picked":["Aggregate","Barrage"],"picked":"Gash","floor":10},{"not_picked":["Turbo","Skim"],"picked":"Meteor Strike","floor":11},{"not_picked":["Turbo","Force Field"],"picked":"Beam Cell","floor":12},{"not_picked":["Streamline","Storm"],"picked":"BootSequence","floor":14},{"not_picked":["Multi-Cast","Amplify"],"picked":"Creative AI","floor":16},{"not_picked":["Cold Snap","Double Energy"],"picked":"Melter","floor":18},{"not_picked":["Turbo","Cold Snap+1"],"picked":"FTL+1","floor":24}],"player_experience":1972855,"relics_obtained":[{"floor":9,"key":"Smiling Mask"},{"floor":11,"key":"Centennial Puzzle"},{"floor":14,"key":"Pear"}],"event_choices":[{"damage_healed":0,"gold_gain":0,"player_choice":"1 cards matched","damage_taken":0,"max_hp_gain":0,"max_hp_loss":0,"event_name":"Match and Keep!","floor":2,"gold_loss":0,"cards_obtained":["Stack"]},{"damage_healed":0,"gold_gain":0,"player_choice":"Obtained Relic","damage_taken":0,"relics_obtained":["Molten Egg 2"],"max_hp_gain":0,"max_hp_loss":0,"event_name":"Addict","floor":20,"gold_loss":85},{"damage_healed":0,"gold_gain":0,"player_choice":"Simplicity","damage_taken":0,"max_hp_gain":0,"max_hp_loss":0,"event_name":"Back to Basics","floor":21,"gold_loss":0,"cards_upgraded":["Defend_B","Defend_B","Defend_B","Defend_B"]},{"damage_healed":0,"gold_gain":0,"player_choice":"Opened","damage_taken":0,"relics_obtained":["Ancient Tea Set"],"max_hp_gain":0,"max_hp_loss":0,"event_name":"The Mausoleum","floor":22,"gold_loss":0,"cards_obtained":["Writhe"]}],"is_beta":false,"boss_relics":[{"not_picked":["Empty Cage","Tiny House"],"picked":"Astrolabe"}],"items_purged_floors":[19],"is_endless":false,"potions_floor_spawned":[1,5,7,11,14,24],"killed_by":"Snake Plant","ascension_level":18}