{"gold_per_floor":[115,125,44,64,75,75,75,105,128,128,139,155,155,174,174,253,253,273,289,339,264,281,281,281],"floor_reached":24,"playtime":1472,"items_purged":["Strike_R"],"score":390,"play_id":"418d8a0b-8249-43e4-80b1-c36aa89e8623","local_time":"20181027200133","is_ascension_mode":true,"campfire_choices":[{"data":"True Grit","floor":6,"key":"SMITH"},{"data":"Body Slam","floor":13,"key":"SMITH"},{"floor":15,"key":"REST"},{"floor":23,"key":"REST"}],"neow_cost":"NONE","seed_source_timestamp":489215614930234,"circlet_count":0,"master_deck":["Strike_R","Strike_R","Strike_R","Strike_R","Defend_R","Defend_R+1","Defend_R+1","Defend_R","Bash","AscendersBane","Impervious","Perfected Strike","Body Slam+1","Disarm+1","Inflame","True Grit+1","Inflame","Sword Boomerang","Havoc","Twin Strike","Shrug It Off","Immolate","Battle Trance+1","Sword Boomerang","Rupture"],"relics":["Burning Blood","Omamori","Dream Catcher","Mark of Pain"],"potions_floor_usage":[8,16,22,24],"damage_taken":[{"damage":0,"enemies":"2 Louse","floor":1,"turns":4},{"damage":8,"enemies":"Small Slimes","floor":2,"turns":4},{"damage":4,"enemies":"Cultist","floor":4,"turns":4},{"damage":25,"enemies":"Blue Slaver","floor":5,"turns":5},{"damage":20,"enemies":"Lagavulin","floor":8,"turns":8},{"damage":1,"enemies":"Red Slaver","floor":11,"turns":5},{"damage":3,"enemies":"Large Slime","floor":12,"turns":4},{"damage":12,"enemies":"Gremlin Gang","floor":14,"turns":7},{"damage":13,"enemies":"Hexaghost","floor":16,"turns":11},{"damage":27,"enemies":"3 Byrds","floor":18,"turns":6},{"damage":27,"enemies":"Shell Parasite","floor":19,"turns":6},{"damage":16,"enemies":"Centurion and Healer","floor":22,"turns":7},{"damage":35,"enemies":"Gremlin Leader","floor":24,"turns":2}],"seed_played":"-2087234266306959316","potions_obtained":[{"floor":1,"key":"AttackPotion"},{"floor":2,"key":"SpeedPotion"},{"floor":8,"key":"SpeedPotion"},{"floor":16,"key":"EssenceOfSteel"},{"floor":22,"key":"SkillPotion"}],"is_trial":false,"path_per_floor":["M","M","$","M","M","R","?","E","T","?","M","M","R","M","R","B",null,"M","M","?","$","M","R"],"character_chosen":"IRONCLAD","items_purchased":["Disarm"],"campfire_rested":2,"item_purchase_floors":[3],"current_hp_per_floor":[74,72,72,74,55,55,32,18,18,18,23,26,26,20,42,35,65,44,23,23,23,13,35,0],"gold":281,"neow_bonus":"ONE_RANDOM_RARE_CARD","is_prod":false,"is_daily":false,"chose_seed":false,"campfire_upgraded":2,"win_rate":0,"timestamp":1540666893,"path_taken":["M","M","$","M","M","R","?","E","T","?","M","M","R","M","R","BOSS","M","M","?","$","?","R","E"],"build_version":"2018-10-25v2","purchased_purges":1,"victory":false,"max_hp_per_floor":[75,75,75,75,75,75,75,75,75,75,75,75,75,75,75,75,75,75,75,75,75,75,75,75],"card_choices":[{"not_picked":["Thunderclap","Carnage"],"picked":"Perfected Strike","floor":1},{"not_picked":["Clash","Armaments"],"picked":"Body Slam","floor":2},{"not_picked":["Second Wind","Wild Strike"],"picked":"Inflame","floor":4},{"not_picked":["Warcry","Armaments"],"picked":"True Grit","floor":5},{"not_picked":["Pommel Strike","True Grit"],"picked":"Inflame","floor":8},{"not_picked":["Seeing Red","Brutality"],"picked":"Sword Boomerang","floor":11},{"not_picked":["Sword Boomerang","Corruption"],"picked":"Havoc","floor":12},{"not_picked":["Thunderclap","Flex"],"picked":"Twin Strike","floor":14},{"not_picked":["Battle Trance","Searing Blow"],"picked":"Shrug It Off","floor":15},{"not_picked":["Demon Form","Brutality"],"picked":"Immolate","floor":16},{"not_picked":["Heavy Blade","Sword Boomerang","Bloodletting"],"picked":"SKIP","floor":18},{"not_picked":["True Grit","Body Slam"],"picked":"Battle Trance+1","floor":19},{"not_picked":["Havoc","Rage"],"picked":"Sword Boomerang","floor":22},{"not_picked":["Armaments","Feel No Pain"],"picked":"Rupture","floor":23}],"player_experience":929680,"relics_obtained":[{"floor":8,"key":"Omamori"},{"floor":9,"key":"Dream Catcher"}],"event_choices":[{"damage_healed":0,"gold_gain":0,"player_choice":"Entered Light","damage_taken":23,"max_hp_gain":0,"max_hp_loss":0,"event_name":"Shining Light","floor":7,"gold_loss":0,"cards_upgraded":["Defend_R","Defend_R"]},{"damage_healed":0,"gold_gain":0,"player_choice":"Forge","damage_taken":0,"max_hp_gain":0,"max_hp_loss":0,"event_name":"Accursed Blacksmith","floor":10,"gold_loss":0,"cards_upgraded":["Disarm"]},{"damage_healed":0,"gold_gain":100,"player_choice":"Bet on Murderer","damage_taken":0,"max_hp_gain":0,"max_hp_loss":0,"event_name":"The Joust","floor":20,"gold_loss":50}],"is_beta":false,"boss_relics":[{"not_picked":["Fusion Hammer","Runic Pyramid"],"picked":"Mark of Pain"}],"items_purged_floors":[21],"is_endless":false,"potions_floor_spawned":[1,2,5,8,16,19,22],"killed_by":"Gremlin Leader","ascension_level":19}