{"gold_per_floor":[114,46,0,15,15,46,46,64,64,17,27,56,79,110,122,211,223,251,278,290,320,344,356,378,390,402,427,286,296,296],"floor_reached":30,"playtime":1005,"items_purged":[],"score":444,"play_id":"2d1189c1-1a8e-48b1-8cd6-a352563724c3","local_time":"20191003133534","is_ascension_mode":true,"campfire_choices":[{"data":"Whirlwind","floor":7,"key":"SMITH"},{"data":"Spot Weakness","floor":15,"key":"SMITH"},{"data":"Immolate","floor":23,"key":"SMITH"}],"neow_cost":"NONE","seed_source_timestamp":1916635876649388,"circlet_count":0,"master_deck":["AscendersBane","Strike_R","Strike_R","Strike_R","Defend_R","Defend_R","Defend_R","Defend_R","Bash","Spot Weakness+1","Inflame","Carnage","Whirlwind+1","Metallicize","True Grit","Anger","Immolate+1","Feed","Feel No Pain","Reaper","Feel No Pain+1","True Grit","Metallicize","Reaper","Infernal Blade","Clothesline"],"relics":["Burning Blood","NeowsBlessing","Sundial","Calipers","Happy Flower","MawBank","Sozu","Prayer Wheel","DollysMirror"],"potions_floor_usage":[16,18],"damage_taken":[{"damage":0,"enemies":"2 Louse","floor":1,"turns":1},{"damage":0,"enemies":"Jaw Worm","floor":4,"turns":1},{"damage":0,"enemies":"Lagavulin","floor":6,"turns":1},{"damage":6,"enemies":"Cultist","floor":8,"turns":3},{"damage":17,"enemies":"Looter","floor":11,"turns":3},{"damage":29,"enemies":"Gremlin Nob","floor":12,"turns":4},{"damage":23,"enemies":"Exordium Thugs","floor":14,"turns":3},{"damage":25,"enemies":"The Guardian","floor":16,"turns":8},{"damage":32,"enemies":"2 Thieves","floor":18,"turns":3},{"damage":0,"enemies":"3 Byrds","floor":19,"turns":2},{"damage":7,"enemies":"3 Cultists","floor":21,"turns":4},{"damage":12,"enemies":"Cultist and Chosen","floor":22,"turns":4},{"damage":21,"enemies":"Centurion and Healer","floor":24,"turns":3},{"damage":19,"enemies":"Snecko","floor":27,"turns":5},{"damage":29,"enemies":"Chosen and Byrds","floor":29,"turns":5},{"damage":22,"enemies":"Snake Plant","floor":30,"turns":3}],"seed_played":"1439889626440115100","potions_obtained":[{"floor":1,"key":"LiquidBronze"},{"floor":12,"key":"EssenceOfSteel"},{"floor":16,"key":"Regen Potion"}],"is_trial":false,"path_per_floor":["M","$","?","M","?","E","R","M","T","$","M","E","T","M","R","B",null,"M","M","?","M","M","R","M","?","T","M","$","M","M"],"character_chosen":"IRONCLAD","items_purchased":["Inflame","True Grit","DollysMirror"],"campfire_rested":0,"item_purchase_floors":[2,10,28],"current_hp_per_floor":[78,78,78,80,80,80,80,80,80,80,69,46,46,29,29,10,63,46,52,52,51,48,48,33,33,33,20,20,12,0],"gold":296,"neow_bonus":"THREE_ENEMY_KILL","is_prod":false,"is_daily":false,"chose_seed":false,"campfire_upgraded":3,"win_rate":0,"timestamp":1570124134,"path_taken":["M","$","?","M","?","E","R","M","T","$","M","E","?","M","R","BOSS","M","M","?","M","M","R","?","?","T","M","?","M","M"],"build_version":"2019-10-02","purchased_purges":0,"victory":false,"max_hp_per_floor":[80,80,80,80,80,80,80,80,80,80,80,80,80,80,80,80,80,80,80,80,80,83,83,83,83,83,83,83,86,86],"card_choices":[{"not_picked":["Flex","Sword Boomerang"],"picked":"Spot Weakness","floor":1},{"not_picked":["Seeing Red","Flex"],"picked":"Carnage","floor":4},{"not_picked":["Armaments","Entrench"],"picked":"Whirlwind","floor":6},{"not_picked":["Armaments","Heavy Blade"],"picked":"Metallicize","floor":8},{"not_picked":["Infernal Blade","True Grit"],"picked":"Anger","floor":11},{"not_picked":["Clothesline","Feel No Pain"],"picked":"Immolate","floor":12},{"not_picked":["Wild Strike","Twin Strike","Thunderclap"],"picked":"SKIP","floor":14},{"not_picked":["Berserk","Dark Embrace"],"picked":"Feed","floor":16},{"not_picked":["Thunderclap","Burning Pact+1"],"picked":"Feel No Pain","floor":18},{"not_picked":["Pommel Strike","Iron Wave","Clash"],"picked":"SKIP","floor":19},{"not_picked":["True Grit","Body Slam"],"picked":"Reaper","floor":21},{"not_picked":["Perfected Strike+1","Inflame"],"picked":"Feel No Pain+1","floor":22},{"not_picked":["Rampage","Heavy Blade"],"picked":"True Grit","floor":24},{"not_picked":["Pommel Strike","Armaments"],"picked":"Metallicize","floor":27},{"not_picked":["Cleave+1","Rampage","Sentinel"],"picked":"SKIP","floor":27},{"not_picked":["Iron Wave","Sentinel"],"picked":"Infernal Blade","floor":29},{"not_picked":["Rage","Anger+1"],"picked":"Clothesline","floor":29}],"player_experience":458737,"relics_obtained":[{"floor":6,"key":"Sundial"},{"floor":9,"key":"Calipers"},{"floor":12,"key":"Happy Flower"},{"floor":13,"key":"MawBank"},{"floor":26,"key":"Prayer Wheel"}],"event_choices":[{"damage_healed":0,"gold_gain":0,"player_choice":"Left Gold","damage_taken":0,"max_hp_gain":0,"max_hp_loss":0,"event_name":"World of Goop","floor":3,"gold_loss":46},{"cards_removed":["Strike_R"],"damage_healed":0,"gold_gain":0,"player_choice":"Forget","damage_taken":0,"max_hp_gain":0,"max_hp_loss":0,"event_name":"Living Wall","floor":5,"gold_loss":0},{"cards_removed":["Strike_R"],"damage_healed":0,"gold_gain":0,"player_choice":"Card Removal","damage_taken":0,"max_hp_gain":0,"max_hp_loss":0,"event_name":"Wheel of Change","floor":20,"gold_loss":0},{"damage_healed":0,"gold_gain":0,"player_choice":"Got Potions","damage_taken":0,"max_hp_gain":0,"max_hp_loss":0,"event_name":"Lab","floor":25,"gold_loss":0}],"is_beta":true,"boss_relics":[{"not_picked":["Runic Cube","Fusion Hammer"],"picked":"Sozu"}],"items_purged_floors":[],"is_endless":false,"potions_floor_spawned":[1,12,16,18,21,27],"killed_by":"Snake Plant","ascension_level":13}