{"gold_per_floor":[112,112,131,131,146,146,146,172,172,172,189,189],"floor_reached":12,"playtime":255,"items_purged":[],"score":137,"play_id":"b7d22913-8a4b-4132-91a3-f0bf20fce327","local_time":"20190524202642","is_ascension_mode":true,"campfire_choices":[{"data":"Zap","floor":6,"key":"SMITH"},{"data":"Chill","floor":10,"key":"SMITH"}],"neow_cost":"NONE","seed_source_timestamp":940776105303300,"circlet_count":0,"master_deck":["AscendersBane","Strike_B+1","Strike_B","Strike_B+1","Strike_B","Defend_B","Defend_B","Defend_B","Defend_B","Zap+1","Dualcast","Chill+1","Genetic Algorithm","Hologram","Go for the Eyes","Redo"],"relics":["Cracked Core","NeowsBlessing","Darkstone Periapt","Whetstone","Mummified Hand"],"potions_floor_usage":[12],"damage_taken":[{"damage":0,"enemies":"Jaw Worm","floor":1,"turns":1},{"damage":0,"enemies":"Cultist","floor":3,"turns":1},{"damage":0,"enemies":"2 Louse","floor":5,"turns":1},{"damage":31,"enemies":"3 Sentries","floor":8,"turns":9},{"damage":13,"enemies":"Large Slime","floor":11,"turns":4},{"damage":3,"enemies":"Lagavulin","floor":12,"turns":2}],"seed_played":"1290659993263019829","potions_obtained":[{"floor":5,"key":"Energy Potion"},{"floor":11,"key":"Block Potion"}],"is_trial":false,"path_per_floor":["M","?","M","$","M","R","?","E","T","R","M","E"],"character_chosen":"DEFECT","items_purchased":[],"campfire_rested":0,"item_purchase_floors":[],"current_hp_per_floor":[64,71,71,71,71,71,45,14,14,14,1,0],"gold":189,"neow_bonus":"THREE_ENEMY_KILL","is_prod":false,"is_daily":false,"chose_seed":false,"campfire_upgraded":2,"win_rate":0,"timestamp":1558722402,"path_taken":["M","?","?","$","M","R","?","E","T","R","M","E"],"build_version":"2019-01-23","purchased_purges":0,"victory":false,"max_hp_per_floor":[71,71,71,71,71,71,71,71,71,71,71,71],"card_choices":[{"not_picked":["Rebound","Hologram"],"picked":"Chill","floor":1},{"not_picked":["Barrage","Beam Cell"],"picked":"Genetic Algorithm","floor":3},{"not_picked":["Steam","Coolheaded"],"picked":"Hologram","floor":5},{"not_picked":["Machine Learning","Chill"],"picked":"Go for the Eyes","floor":8},{"not_picked":["Stack","Heatsinks"],"picked":"Redo","floor":11}],"player_experience":1197913,"relics_obtained":[{"floor":8,"key":"Whetstone"},{"floor":9,"key":"Mummified Hand"}],"event_choices":[{"damage_healed":7,"gold_gain":0,"player_choice":"Full Heal","damage_taken":0,"max_hp_gain":0,"max_hp_loss":0,"event_name":"Wheel of Change","floor":2,"gold_loss":0},{"damage_healed":0,"gold_gain":0,"player_choice":"Success","damage_taken":26,"relics_obtained":["Darkstone Periapt"],"max_hp_gain":0,"max_hp_loss":0,"event_name":"Scrap Ooze","floor":7,"gold_loss":0}],"is_beta":false,"boss_relics":[],"items_purged_floors":[],"is_endless":false,"potions_floor_spawned":[5,11],"killed_by":"Lagavulin","ascension_level":15}