{"gold_per_floor":[117,42,0,12,12,46,61,94,121,121,139,153,153,153,153,230,280,295,315,315],"floor_reached":20,"playtime":540,"items_purged":[],"score":418,"play_id":"e3b8a926-28af-4b23-9fd4-a1e01e5c68f6","local_time":"20181112225028","is_ascension_mode":true,"campfire_choices":[{"data":"Heavy Blade","floor":10.0,"key":"SMITH"},{"data":"Body Slam","floor":15.0,"key":"SMITH"}],"neow_cost":"NONE","seed_source_timestamp":2438169301665862,"circlet_count":0,"master_deck":["AscendersBane","Strike_R","Strike_R","Strike_R","Defend_R","Defend_R+1","Defend_R","Defend_R+1","Bash+1","Inflame","Inflame","Rampage","Spot Weakness","Heavy Blade+1","Sword Boomerang","Clothesline","Body Slam+1","Fiend Fire","Twin Strike","Shockwave+1","Sentinel+1"],"special_seed":0,"relics":["Burning Blood","NeowsBlessing","CultistMask","War Paint","Potion Belt","Happy Flower","Ice Cream","Tiny House"],"potions_floor_usage":[18,19],"damage_taken":[{"damage":0.0,"enemies":"Jaw Worm","floor":1.0,"turns":1.0},{"damage":0.0,"enemies":"Cultist","floor":4.0,"turns":1.0},{"damage":0.0,"enemies":"Gremlin Nob","floor":6.0,"turns":1.0},{"damage":2.0,"enemies":"2 Louse","floor":7.0,"turns":3.0},{"damage":32.0,"enemies":"Lagavulin","floor":8.0,"turns":5.0},{"damage":6.0,"enemies":"2 Fungi Beasts","floor":11.0,"turns":3.0},{"damage":0.0,"enemies":"3 Louse","floor":12.0,"turns":3.0},{"damage":32.0,"enemies":"The Guardian","floor":16.0,"turns":6.0},{"damage":46,"enemies":"2 Thieves","floor":18,"turns":4},{"damage":8,"enemies":"Chosen","floor":19,"turns":5},{"damage":23,"enemies":"Centurion and Healer","floor":20,"turns":1}],"seed_played":"-2315912177482864859","potions_obtained":[{"floor":1.0,"key":"FearPotion"},{"floor":8.0,"key":"Strength Potion"},{"floor":11.0,"key":"Poison Potion"},{"floor":12.0,"key":"EssenceOfSteel"},{"floor":17.0,"key":"Energy Potion"},{"floor":18,"key":"Swift Potion"}],"is_trial":false,"path_per_floor":["M","?","$","M","?","E","M","E","T","R","M","M","?","?","R","B",null,"M","M","M"],"character_chosen":"IRONCLAD","items_purchased":["Inflame"],"campfire_rested":0,"item_purchase_floors":[3],"current_hp_per_floor":[74,74,74,75,75,75,75,49,49,49,49,55,48,37,37,11,64,24,22,0],"gold":315,"neow_bonus":"THREE_ENEMY_KILL","is_prod":false,"is_daily":false,"chose_seed":false,"campfire_upgraded":2,"win_rate":0,"timestamp":1542059428,"path_taken":["M","?","?","M","?","E","?","E","T","R","M","M","?","?","R","BOSS","M","M","M"],"build_version":"2018-11-08","purchased_purges":0,"victory":false,"max_hp_per_floor":[75,75,75,75,75,75,75,75,75,75,75,75,75,75,75,75,80,80,80,80],"card_choices":[{"not_picked":["Infernal Blade","Clothesline"],"picked":"Inflame","floor":1.0},{"not_picked":["Bloodletting","Anger"],"picked":"Rampage","floor":4.0},{"not_picked":["Cleave","Pommel Strike"],"picked":"Spot Weakness","floor":6.0},{"not_picked":["Sentinel","Dual Wield"],"picked":"Heavy Blade","floor":7.0},{"not_picked":["Shrug It Off","Hemokinesis"],"picked":"Sword Boomerang","floor":8.0},{"not_picked":["Sever Soul","Battle Trance"],"picked":"Clothesline","floor":11.0},{"not_picked":["Entrench","Clothesline"],"picked":"Body Slam","floor":12.0},{"not_picked":["Berserk","Offering"],"picked":"Fiend Fire","floor":16.0},{"not_picked":["Warcry","Wild Strike"],"picked":"Twin Strike","floor":17.0},{"not_picked":["Wild Strike","Sword Boomerang"],"picked":"Shockwave+1","floor":18},{"not_picked":["Pommel Strike","Thunderclap"],"picked":"Sentinel+1","floor":19}],"player_experience":491737,"relics_obtained":[{"floor":6.0,"key":"War Paint"},{"floor":8.0,"key":"Potion Belt"},{"floor":9.0,"key":"Happy Flower"}],"event_choices":[{"cards_removed":["Strike_R"],"damage_healed":0.0,"max_hp_gain":0.0,"max_hp_loss":0.0,"gold_gain":0.0,"event_name":"The Cleric","player_choice":"Card Removal","floor":2.0,"gold_loss":75.0,"damage_taken":0.0},{"damage_healed":0.0,"max_hp_gain":0.0,"max_hp_loss":0.0,"gold_gain":0.0,"event_name":"FaceTrader","player_choice":"Trade","floor":5.0,"gold_loss":0.0,"damage_taken":0.0,"relics_obtained":["CultistMask"]},{"cards_removed":["Strike_R"],"damage_healed":0.0,"max_hp_gain":0.0,"max_hp_loss":0.0,"gold_gain":0.0,"event_name":"Golden Wing","player_choice":"Card Removal","floor":13.0,"gold_loss":0.0,"damage_taken":7.0},{"damage_healed":0.0,"max_hp_gain":0.0,"max_hp_loss":0.0,"gold_gain":0.0,"event_name":"Scrap Ooze","player_choice":"Success","floor":14.0,"gold_loss":0.0,"damage_taken":11.0,"relics_obtained":["Ice Cream"]}],"is_beta":false,"boss_relics":[{"not_picked":["Pandora\u0027s Box","Velvet Choker"],"picked":"Tiny House"}],"items_purged_floors":[],"is_endless":false,"potions_floor_spawned":[1,8,11,12,18],"killed_by":"Centurion and Healer","ascension_level":20}