{"gold_per_floor":[118,135,148,164,164,164,181,181,208,208,221,296,296,150,150,224,224,234,309,327,145,60,60,78,78,78,95,105,105,115,115],"floor_reached":31,"playtime":3446,"items_purged":["Strike_R","Strike_R"],"score":378,"play_id":"0dd1ba7b-1613-4d35-9cf3-f2d8eadd8b20","local_time":"20190306195010","is_ascension_mode":true,"campfire_choices":[{"data":"Bash","floor":6,"key":"SMITH"},{"data":"Spot Weakness","floor":8,"key":"SMITH"},{"data":"Feel No Pain","floor":10,"key":"SMITH"},{"data":"Shockwave","floor":13,"key":"SMITH"},{"data":"Feel No Pain","floor":15,"key":"SMITH"},{"data":"Limit Break","floor":23,"key":"SMITH"},{"floor":25,"key":"REST"},{"floor":29,"key":"REST"}],"neow_cost":"NONE","seed_source_timestamp":50826057074100,"circlet_count":0,"master_deck":["AscendersBane","Strike_R","Strike_R","Strike_R","Defend_R","Defend_R","Defend_R","Defend_R","Bash+1","Feel No Pain+1","Spot Weakness+1","Sword Boomerang","Power Through","Feel No Pain+1","Shockwave+1","Evolve","Limit Break+1","Corruption","Sentinel","Second Wind","Carnage","Wild Strike+1","Madness","Iron Wave+1","Clash","Heavy Blade+1","Wild Strike"],"relics":["Burning Blood","Juzu Bracelet","Orrery","Happy Flower","Unceasing Top"],"potions_floor_usage":[16,20,24,28,31],"damage_taken":[{"damage":1,"enemies":"Cultist","floor":1,"turns":4},{"damage":1,"enemies":"2 Louse","floor":2,"turns":4},{"damage":18,"enemies":"Jaw Worm","floor":3,"turns":4},{"damage":9,"enemies":"Exordium Thugs","floor":4,"turns":4},{"damage":7,"enemies":"3 Louse","floor":7,"turns":5},{"damage":16,"enemies":"2 Fungi Beasts","floor":11,"turns":3},{"damage":46,"enemies":"Hexaghost","floor":16,"turns":10},{"damage":0,"enemies":"Chosen","floor":18,"turns":6},{"damage":48,"enemies":"3 Byrds","floor":20,"turns":7},{"damage":14,"enemies":"Snake Plant","floor":24,"turns":5},{"damage":35,"enemies":"Shelled Parasite and Fungi","floor":27,"turns":7},{"damage":18,"enemies":"Centurion and Healer","floor":28,"turns":6},{"damage":16,"enemies":"3 Cultists","floor":30,"turns":6},{"damage":38,"enemies":"Slavers","floor":31,"turns":1}],"seed_played":"-5575908531241056975","potions_obtained":[{"floor":1,"key":"Strength Potion"},{"floor":2,"key":"Strength Potion"},{"floor":16,"key":"Block Potion"},{"floor":24,"key":"LiquidBronze"},{"floor":30,"key":"PowerPotion"}],"is_trial":false,"path_per_floor":["M","M","M","M","?","R","M","R","T","R","M","?","R","$","R","B",null,"M","?","M","$","?","R","M","R","T","M","M","R","M","E"],"character_chosen":"IRONCLAD","items_purchased":["Evolve","Madness"],"campfire_rested":2,"item_purchase_floors":[14,21],"current_hp_per_floor":[85,88,76,73,78,78,77,77,77,77,67,56,56,56,56,16,74,80,71,29,29,29,29,21,48,48,19,7,34,24,0],"gold":115,"neow_bonus":"TEN_PERCENT_HP_BONUS","is_prod":false,"is_daily":false,"chose_seed":false,"campfire_upgraded":6,"win_rate":0,"timestamp":1551898210,"path_taken":["M","M","?","?","?","R","M","R","T","R","M","?","R","$","R","BOSS","M","?","M","$","?","R","M","R","T","M","M","R","M","E"],"build_version":"2019-01-23","purchased_purges":2,"victory":false,"max_hp_per_floor":[88,88,88,88,93,93,93,93,93,93,93,93,93,93,93,93,93,93,93,93,93,93,93,93,93,93,93,93,93,93,93],"card_choices":[{"not_picked":["Reckless Charge","Blood for Blood"],"picked":"Feel No Pain","floor":1},{"not_picked":["Warcry","Headbutt"],"picked":"Spot Weakness","floor":2},{"not_picked":["Infernal Blade","Clash"],"picked":"Sword Boomerang","floor":3},{"not_picked":["Clash","Wild Strike"],"picked":"Power Through","floor":4},{"not_picked":["Anger","Clash"],"picked":"Feel No Pain","floor":7},{"not_picked":["Metallicize","Flex"],"picked":"Shockwave","floor":11},{"not_picked":["Exhume","Demon Form"],"picked":"Limit Break","floor":16},{"not_picked":["Carnage","Havoc"],"picked":"Corruption","floor":17},{"not_picked":["True Grit","Anger"],"picked":"Sentinel","floor":17},{"not_picked":["Headbutt","Shockwave"],"picked":"Second Wind","floor":17},{"not_picked":["Warcry+1","Entrench"],"picked":"Carnage","floor":18},{"not_picked":["Twin Strike","Sword Boomerang"],"picked":"Wild Strike+1","floor":20},{"not_picked":["Havoc","Offering"],"picked":"Iron Wave+1","floor":24},{"not_picked":["Rupture","Carnage+1"],"picked":"Clash","floor":27},{"not_picked":["Hemokinesis","Headbutt"],"picked":"Heavy Blade+1","floor":28},{"not_picked":["Pommel Strike","Perfected Strike"],"picked":"Wild Strike","floor":30}],"player_experience":944682,"relics_obtained":[{"floor":9,"key":"Juzu Bracelet"},{"floor":26,"key":"Unceasing Top"}],"event_choices":[{"damage_healed":0,"gold_gain":0,"player_choice":"Donut","damage_taken":0,"max_hp_gain":5,"max_hp_loss":0,"event_name":"Big Fish","floor":5,"gold_loss":0},{"damage_healed":0,"gold_gain":75,"player_choice":"Gather Gold","damage_taken":11,"max_hp_gain":0,"max_hp_loss":0,"event_name":"World of Goop","floor":12,"gold_loss":0},{"damage_healed":0,"gold_gain":75,"player_choice":"Touch","damage_taken":9,"max_hp_gain":0,"max_hp_loss":0,"event_name":"FaceTrader","floor":19,"gold_loss":0},{"damage_healed":0,"gold_gain":0,"player_choice":"Obtained Relic","damage_taken":0,"relics_obtained":["Happy Flower"],"max_hp_gain":0,"max_hp_loss":0,"event_name":"Addict","floor":22,"gold_loss":85}],"is_beta":false,"boss_relics":[{"not_picked":["Lizard Tail","Busted Crown"],"picked":"Orrery"}],"items_purged_floors":[14,21],"is_endless":false,"potions_floor_spawned":[1,2,11,16,24,30],"killed_by":"Slavers","ascension_level":13}