{"gold_per_floor":[114,132,142,142,161,187,187,262,288,288,288,323,323],"floor_reached":13,"playtime":383,"items_purged":[],"score":172,"play_id":"b4ad4756-edb6-4a79-a70d-da86551bd533","local_time":"20190812223929","is_ascension_mode":true,"campfire_choices":[{"floor":7,"key":"REST"},{"floor":11,"key":"REST"}],"neow_cost":"NONE","seed_source_timestamp":884751528423800,"circlet_count":0,"master_deck":["AscendersBane","Strike_B","Strike_B","Strike_B","Defend_B","Defend_B","Defend_B","Defend_B","Zap","Dualcast","Auto Shields","Beam Cell","Capacitor","Self Repair","Coolheaded","Conserve Battery"],"relics":["Cracked Core","NeowsBlessing","Ancient Tea Set","Bag of Marbles","NlothsMask","DataDisk"],"potions_floor_usage":[5,12],"damage_taken":[{"damage":0,"enemies":"Cultist","floor":1,"turns":1},{"damage":0,"enemies":"Jaw Worm","floor":2,"turns":1},{"damage":0,"enemies":"2 Louse","floor":3,"turns":1},{"damage":0,"enemies":"Large Slime","floor":5,"turns":5},{"damage":55,"enemies":"3 Sentries","floor":6,"turns":10},{"damage":12,"enemies":"Lagavulin","floor":12,"turns":9},{"damage":41,"enemies":"Gremlin Gang","floor":13,"turns":4}],"seed_played":"-3074807853116844392","potions_obtained":[{"floor":2,"key":"Swift Potion"},{"floor":3,"key":"FearPotion"},{"floor":6,"key":"Block Potion"}],"is_trial":false,"path_per_floor":["M","M","M","?","M","E","R","?","T","?","R","E","M"],"character_chosen":"DEFECT","items_purchased":[],"campfire_rested":2,"item_purchase_floors":[],"current_hp_per_floor":[64,64,64,64,64,9,30,19,19,19,40,35,0],"gold":323,"neow_bonus":"THREE_ENEMY_KILL","is_prod":false,"is_daily":false,"chose_seed":false,"campfire_upgraded":0,"win_rate":0,"timestamp":1565642369,"path_taken":["M","?","M","?","?","E","R","?","T","?","R","E","M"],"build_version":"2019-07-17","purchased_purges":0,"victory":false,"max_hp_per_floor":[71,71,71,71,71,71,71,71,71,71,71,71,71],"card_choices":[{"not_picked":["Beam Cell","Steam"],"picked":"Auto Shields","floor":1},{"not_picked":["Chill","Blizzard"],"picked":"Beam Cell","floor":2},{"not_picked":["Steam Power","Hologram"],"picked":"Capacitor","floor":3},{"not_picked":["Double Energy","Recycle"],"picked":"Self Repair","floor":5},{"not_picked":["Steam","Reboot"],"picked":"Coolheaded","floor":6},{"not_picked":["Sweeping Beam","Rebound"],"picked":"Conserve Battery","floor":12}],"player_experience":1851371,"relics_obtained":[{"floor":6,"key":"Ancient Tea Set"},{"floor":9,"key":"Bag of Marbles"},{"floor":12,"key":"DataDisk"}],"event_choices":[{"cards_removed":["Strike_B"],"damage_healed":0,"gold_gain":0,"player_choice":"Card Removal","damage_taken":0,"max_hp_gain":0,"max_hp_loss":0,"event_name":"Wheel of Change","floor":4,"gold_loss":0},{"damage_healed":0,"gold_gain":75,"player_choice":"Gather Gold","damage_taken":11,"max_hp_gain":0,"max_hp_loss":0,"event_name":"World of Goop","floor":8,"gold_loss":0},{"damage_healed":0,"gold_gain":0,"player_choice":"Trade","damage_taken":0,"relics_obtained":["NlothsMask"],"max_hp_gain":0,"max_hp_loss":0,"event_name":"FaceTrader","floor":10,"gold_loss":0}],"is_beta":false,"boss_relics":[],"items_purged_floors":[],"is_endless":false,"potions_floor_spawned":[2,3,6],"killed_by":"Gremlin Gang","ascension_level":17}