{"gold_per_floor":[109,8,28,28,28,28,58,8,77,88,88,19,19,32,32,128,128,145,165,165],"floor_reached":20,"playtime":984,"items_purged":["Strike_G"],"score":275,"play_id":"1cb956ca-9266-4865-ac6e-e6373ebb21f5","local_time":"20190224185648","is_ascension_mode":true,"campfire_choices":[{"floor":6,"key":"REST"},{"data":"A Thousand Cuts","floor":11,"key":"SMITH"},{"data":"Well Laid Plans","floor":13,"key":"SMITH"},{"floor":15,"key":"REST"}],"neow_cost":"TEN_PERCENT_HP_LOSS","seed_source_timestamp":400097667510200,"circlet_count":0,"master_deck":["AscendersBane","Survivor","Neutralize+1","Doppelganger","Poisoned Stab","Dagger Spray+1","Blade Dance","Acrobatics","Flying Knee","A Thousand Cuts+1","Well Laid Plans+1","Underhanded Strike","Envenom","Well Laid Plans","Quick Slash","Escape Plan","Footwork","Wraith Form v2","Crippling Poison","A Thousand Cuts","Heel Hook","Envenom","Bane","Backflip"],"relics":["Ring of the Snake","Pantograph","Blue Candle","Pandora\u0027s Box"],"potions_floor_usage":[7,16],"damage_taken":[{"damage":8,"enemies":"Cultist","floor":1,"turns":6},{"damage":7,"enemies":"Small Slimes","floor":3,"turns":4},{"damage":22,"enemies":"Lagavulin","floor":7,"turns":8},{"damage":0,"enemies":"2 Louse","floor":10,"turns":2},{"damage":14,"enemies":"Exordium Wildlife","floor":14,"turns":7},{"damage":24,"enemies":"Slime Boss","floor":16,"turns":9},{"damage":39,"enemies":"3 Byrds","floor":18,"turns":5},{"damage":10,"enemies":"Chosen","floor":19,"turns":6},{"damage":7,"enemies":"Snecko","floor":20,"turns":2}],"seed_played":"1295030924789184318","potions_obtained":[{"floor":3,"key":"GhostInAJar"},{"floor":10,"key":"Dexterity Potion"}],"is_trial":false,"path_per_floor":["M","$","M","?","?","R","E","$","T","M","R","$","R","M","R","B",null,"M","M","M"],"character_chosen":"THE_SILENT","items_purchased":["Dagger Spray","Flying Knee","Well Laid Plans"],"campfire_rested":2,"item_purchase_floors":[2,8,12],"current_hp_per_floor":[55,55,48,35,35,53,31,31,31,31,31,31,31,17,35,36,56,17,7,0],"gold":165,"neow_bonus":"THREE_RARE_CARDS","is_prod":false,"is_daily":false,"chose_seed":false,"campfire_upgraded":2,"win_rate":0,"timestamp":1551031008,"path_taken":["M","$","?","?","?","R","E","?","T","?","R","?","R","M","R","BOSS","M","M","?"],"build_version":"2019-01-23","purchased_purges":1,"victory":false,"max_hp_per_floor":[63,63,63,63,63,63,63,63,63,63,63,63,63,63,63,63,63,63,63,63],"card_choices":[{"not_picked":["Night Terror","Phantasmal Killer"],"picked":"Doppelganger","floor":0},{"not_picked":["Acrobatics","Dodge and Roll"],"picked":"Poisoned Stab","floor":1},{"not_picked":["Slice","Expertise"],"picked":"Blade Dance","floor":3},{"not_picked":["Dagger Spray","Poisoned Stab"],"picked":"Acrobatics","floor":7},{"not_picked":["Cloak And Dagger","Slice"],"picked":"A Thousand Cuts","floor":10},{"not_picked":["Acrobatics","Masterful Stab"],"picked":"Underhanded Strike","floor":14},{"not_picked":["Phantasmal Killer","Unload"],"picked":"Envenom","floor":16},{"not_picked":["Poisoned Stab","Deflect"],"picked":"Bane","floor":18},{"not_picked":["Flechettes","Calculated Gamble"],"picked":"Backflip","floor":19}],"player_experience":849339,"relics_obtained":[{"floor":7,"key":"Pantograph"},{"floor":9,"key":"Blue Candle"}],"event_choices":[{"damage_healed":0,"gold_gain":0,"player_choice":"Entered Light","damage_taken":13,"max_hp_gain":0,"max_hp_loss":0,"event_name":"Shining Light","floor":4,"gold_loss":0,"cards_upgraded":["Neutralize","Defend_G"]},{"damage_healed":0,"gold_gain":0,"player_choice":"Grow","damage_taken":0,"max_hp_gain":0,"max_hp_loss":0,"event_name":"Living Wall","floor":5,"gold_loss":0,"cards_upgraded":["Dagger Spray"]}],"is_beta":false,"boss_relics":[{"not_picked":["Velvet Choker","Sozu"],"picked":"Pandora\u0027s Box"}],"items_purged_floors":[2],"is_endless":false,"potions_floor_spawned":[3,10],"killed_by":"Snecko","ascension_level":12}