{"gold_per_floor":[19,29,39,39,4,29,44,44],"floor_reached":8,"playtime":1269,"items_purged":[],"score":107,"play_id":"0e765b6c-8e9c-46c1-93e0-ce69706ad549","local_time":"20190703011023","is_ascension_mode":true,"campfire_choices":[],"neow_cost":"NO_GOLD","seed_source_timestamp":1298877327329700,"circlet_count":0,"master_deck":["AscendersBane","Strike_R","Strike_R+1","Strike_R","Strike_R","Strike_R","Defend_R","Defend_R","Defend_R","Defend_R+1","Bash","Anger","Armaments","Flame Barrier","Warcry","True Grit"],"relics":["Burning Blood","Frozen Egg 2"],"potions_floor_usage":[6,8],"damage_taken":[{"damage":9,"enemies":"2 Louse","floor":1,"turns":4},{"damage":4,"enemies":"Small Slimes","floor":2,"turns":3},{"damage":2,"enemies":"Cultist","floor":3,"turns":4},{"damage":36,"enemies":"Lagavulin","floor":6,"turns":10},{"damage":24,"enemies":"Large Slime","floor":7,"turns":7},{"damage":32,"enemies":"3 Sentries","floor":8,"turns":10}],"seed_played":"673576459780651145","potions_obtained":[{"floor":2,"key":"SkillPotion"},{"floor":7,"key":"Dexterity Potion"}],"is_trial":false,"path_per_floor":["M","M","M","?","?","E","M","E"],"character_chosen":"IRONCLAD","items_purchased":[],"campfire_rested":0,"item_purchase_floors":[],"current_hp_per_floor":[79,81,85,58,80,50,32,0],"gold":44,"neow_bonus":"TWENTY_PERCENT_HP_BONUS","is_prod":false,"is_daily":false,"chose_seed":false,"campfire_upgraded":0,"win_rate":0,"timestamp":1562109023,"path_taken":["M","M","M","?","?","E","M","E"],"build_version":"2019-07-01","purchased_purges":0,"victory":false,"max_hp_per_floor":[89,89,89,89,89,89,89,89],"card_choices":[{"not_picked":["Sword Boomerang","Bloodletting"],"picked":"Anger","floor":1},{"not_picked":["Thunderclap","Carnage"],"picked":"Armaments","floor":2},{"not_picked":["Cleave","Combust"],"picked":"Flame Barrier","floor":3},{"not_picked":["Heavy Blade","Twin Strike"],"picked":"Warcry","floor":6},{"not_picked":["Clothesline","Hemokinesis"],"picked":"True Grit","floor":7}],"player_experience":1557913,"relics_obtained":[{"floor":6,"key":"Frozen Egg 2"}],"event_choices":[{"damage_healed":0,"gold_gain":0,"player_choice":"Entered Light","damage_taken":27,"max_hp_gain":0,"max_hp_loss":0,"event_name":"Shining Light","floor":4,"gold_loss":0,"cards_upgraded":["Strike_R","Defend_R"]},{"damage_healed":22,"gold_gain":0,"player_choice":"Healed","damage_taken":0,"max_hp_gain":0,"max_hp_loss":0,"event_name":"The Cleric","floor":5,"gold_loss":35}],"is_beta":false,"boss_relics":[],"items_purged_floors":[],"is_endless":false,"potions_floor_spawned":[2,7],"killed_by":"3 Sentries","ascension_level":17}