{"gold_per_floor":[116,116,66,80,5,40,40,40,70,89,123,123,123,149,149,249,249,267,281,83,95,110,110,26,26,50,69,19,19,37,56,56,56],"floor_reached":33,"playtime":1383,"items_purged":["Strike_B","Defend_B"],"score":464,"play_id":"a43e83fb-02b2-49f4-ab0d-ba8ba2833084","local_time":"20190227214653","is_ascension_mode":true,"campfire_choices":[{"floor":8,"key":"REST"},{"data":"Zap","floor":12,"key":"SMITH"},{"data":"Sunder","floor":15,"key":"SMITH"},{"floor":23,"key":"REST"},{"floor":29,"key":"REST"},{"floor":32,"key":"REST"}],"neow_cost":"PERCENT_DAMAGE","seed_source_timestamp":669108231478300,"circlet_count":0,"master_deck":["AscendersBane","Defend_B","Defend_B","Defend_B","Zap+1","Dualcast","Coolheaded","BootSequence","Chaos","Sweeping Beam","Sunder+1","Leap","Defragment","Fission+1","Conserve Battery","Fusion","Madness","FTL","Defragment+1","Deep Breath","White Noise","Darkness","Compile Driver"],"relics":["Cracked Core","Unceasing Top","Happy Flower","Tiny Chest","Orichalcum","Art of War","Sozu","Regal Pillow"],"potions_floor_usage":[11,16,27],"damage_taken":[{"damage":0,"enemies":"Small Slimes","floor":1,"turns":4},{"damage":0,"enemies":"Jaw Worm","floor":4,"turns":4},{"damage":23,"enemies":"Lagavulin","floor":6,"turns":8},{"damage":4,"enemies":"Cultist","floor":10,"turns":5},{"damage":16,"enemies":"3 Sentries","floor":11,"turns":5},{"damage":0,"enemies":"Lagavulin","floor":14,"turns":6},{"damage":22,"enemies":"Hexaghost","floor":16,"turns":11},{"damage":5,"enemies":"2 Thieves","floor":18,"turns":4},{"damage":4,"enemies":"Shell Parasite","floor":19,"turns":7},{"damage":4,"enemies":"Snecko","floor":21,"turns":6},{"damage":26,"enemies":"Centurion and Healer","floor":22,"turns":8},{"damage":33,"enemies":"Chosen and Byrds","floor":27,"turns":7},{"damage":11,"enemies":"Shelled Parasite and Fungi","floor":30,"turns":4},{"damage":16,"enemies":"Centurion and Healer","floor":31,"turns":6},{"damage":65,"enemies":"Automaton","floor":33,"turns":6}],"seed_played":"43448426292209640","potions_obtained":[{"floor":4,"key":"SpeedPotion"},{"floor":6,"key":"Dexterity Potion"},{"floor":16,"key":"Fire Potion"}],"is_trial":false,"path_per_floor":["M","?","?","M","$","E","$","R","T","M","E","R","?","E","R","B",null,"M","M","$","M","M","R","$","?","T","M","?","R","M","M","R","B"],"character_chosen":"DEFECT","items_purchased":["Madness","Deep Breath"],"campfire_rested":4,"item_purchase_floors":[20,24],"current_hp_per_floor":[50,50,50,50,50,27,27,49,49,45,29,29,29,29,29,7,58,53,49,49,45,19,41,41,41,41,8,8,45,34,18,55,0],"gold":56,"neow_bonus":"ONE_RARE_RELIC","is_prod":false,"is_daily":false,"chose_seed":false,"campfire_upgraded":2,"win_rate":0,"timestamp":1551300413,"path_taken":["M","?","?","M","?","E","$","R","T","M","E","R","?","E","R","BOSS","M","?","$","M","?","R","$","?","T","?","?","R","?","M","R","BOSS"],"build_version":"2019-01-23","purchased_purges":2,"victory":false,"max_hp_per_floor":[75,75,75,75,75,75,75,75,75,75,75,75,75,75,75,75,75,75,75,75,75,75,75,75,75,75,75,75,75,75,75,75,75],"card_choices":[{"not_picked":["Rebound","Steam"],"picked":"Coolheaded","floor":1},{"not_picked":["Doom and Gloom","Heatsinks"],"picked":"Chaos","floor":4},{"not_picked":["Turbo","Go for the Eyes"],"picked":"Sweeping Beam","floor":6},{"not_picked":["Redo","Tempest"],"picked":"Sunder","floor":10},{"not_picked":["Beam Cell","Ball Lightning"],"picked":"Leap","floor":11},{"not_picked":["Go for the Eyes","Chill"],"picked":"Defragment","floor":14},{"not_picked":["Core Surge","Rainbow"],"picked":"Fission","floor":16},{"not_picked":["Ball Lightning","Hologram"],"picked":"Conserve Battery","floor":18},{"not_picked":["Steam Power","Beam Cell"],"picked":"Fusion","floor":19},{"not_picked":["Rebound","Leap"],"picked":"FTL","floor":21},{"not_picked":["Redo","Rebound"],"picked":"Defragment+1","floor":22},{"not_picked":["Force Field","Barrage"],"picked":"White Noise","floor":27},{"not_picked":["Doom and Gloom","Turbo"],"picked":"Darkness","floor":30},{"not_picked":["Hologram","Beam Cell"],"picked":"Compile Driver","floor":31}],"player_experience":877018,"relics_obtained":[{"floor":6,"key":"Happy Flower"},{"floor":9,"key":"Tiny Chest"},{"floor":11,"key":"Orichalcum"},{"floor":14,"key":"Art of War"},{"floor":26,"key":"Regal Pillow"}],"event_choices":[{"damage_healed":0,"gold_gain":0,"cards_transformed":["Strike_B"],"player_choice":"Change","damage_taken":0,"max_hp_gain":0,"max_hp_loss":0,"event_name":"Living Wall","floor":2,"gold_loss":0,"cards_obtained":["BootSequence"]},{"cards_removed":["Strike_B"],"damage_healed":0,"gold_gain":0,"player_choice":"Card Removal","damage_taken":0,"max_hp_gain":0,"max_hp_loss":0,"event_name":"The Cleric","floor":3,"gold_loss":50},{"cards_removed":["Strike_B"],"damage_healed":0,"gold_gain":0,"player_choice":"Card Removal","damage_taken":0,"max_hp_gain":0,"max_hp_loss":0,"event_name":"Wheel of Change","floor":13,"gold_loss":0},{"damage_healed":0,"gold_gain":0,"player_choice":"Forge","damage_taken":0,"max_hp_gain":0,"max_hp_loss":0,"event_name":"Accursed Blacksmith","floor":25,"gold_loss":0,"cards_upgraded":["Fission"]},{"damage_healed":0,"gold_gain":0,"player_choice":"Bet on Owner","damage_taken":0,"max_hp_gain":0,"max_hp_loss":0,"event_name":"The Joust","floor":28,"gold_loss":50}],"is_beta":false,"boss_relics":[{"not_picked":["Philosopher\u0027s Stone","Nuclear Battery"],"picked":"Sozu"}],"items_purged_floors":[5,20],"is_endless":false,"potions_floor_spawned":[4,6,16,19,21,27,30],"killed_by":"Automaton","ascension_level":12}