{"gold_per_floor":[116,41,41,54,54,89,99,111,136,169,187,200,218,24,24,122,122,132,147,72,88,103,133,133,166,166,179,192,192,206,121,121,226,226,246,262,276,292,292,324,324,324],"floor_reached":42,"playtime":4095,"items_purged":["Strike_B"],"score":561,"play_id":"5d0892a8-2ac7-4d2c-83f4-bdab1df1a14d","local_time":"20190728175919","is_ascension_mode":false,"campfire_choices":[{"floor":15,"key":"REST"},{"floor":24,"key":"REST"},{"floor":32,"key":"REST"},{"data":"Creative AI","floor":41,"key":"SMITH"}],"neow_cost":"NONE","seed_source_timestamp":1618669180076444,"circlet_count":0,"master_deck":["Defend_B","Defend_B","Defend_B","Defend_B","Zap","Dualcast","Reboot","Coolheaded","Gash","Streamline","Glacier","Beam Cell","Hologram","Skim","Blizzard","Creative AI+1","Cold Snap+1","Cold Snap","Seek","Glacier+1","Amplify","Buffer","Biased Cognition","Barrage+1","Genetic Algorithm+1","Hologram","Capacitor+1"],"relics":["Cracked Core","Boot","Oddly Smooth Stone","Dream Catcher","OrangePellets","Snecko Eye","Anchor","Centennial Puzzle","Bottled Lightning","Question Card","PreservedInsect","Cursed Key","Dodecahedron"],"potions_floor_usage":[6,6,8,11,25,25,33,38,40,42,42,42],"damage_taken":[{"damage":6,"enemies":"Cultist","floor":1,"turns":3},{"damage":10,"enemies":"Jaw Worm","floor":4,"turns":5},{"damage":25,"enemies":"3 Sentries","floor":6,"turns":7},{"damage":0,"enemies":"2 Louse","floor":7,"turns":2},{"damage":8,"enemies":"Gremlin Gang","floor":8,"turns":3},{"damage":18,"enemies":"Lagavulin","floor":10,"turns":5},{"damage":1,"enemies":"Blue Slaver","floor":11,"turns":3},{"damage":0,"enemies":"Exordium Wildlife","floor":12,"turns":2},{"damage":0,"enemies":"2 Fungi Beasts","floor":13,"turns":3},{"damage":18,"enemies":"Hexaghost","floor":16,"turns":14},{"damage":4,"enemies":"Spheric Guardian","floor":18,"turns":6},{"damage":0,"enemies":"Chosen","floor":19,"turns":32},{"damage":0,"enemies":"Snecko","floor":21,"turns":9},{"damage":8,"enemies":"Sentry and Sphere","floor":22,"turns":8},{"damage":20,"enemies":"Book of Stabbing","floor":23,"turns":11},{"damage":1,"enemies":"Slavers","floor":25,"turns":10},{"damage":4,"enemies":"Snake Plant","floor":27,"turns":5},{"damage":30,"enemies":"Snecko","floor":28,"turns":8},{"damage":27,"enemies":"3 Cultists","floor":30,"turns":10},{"damage":0,"enemies":"Collector","floor":33,"turns":17},{"damage":0,"enemies":"3 Shapes","floor":35,"turns":6},{"damage":8,"enemies":"Orb Walker","floor":36,"turns":4},{"damage":0,"enemies":"3 Darklings","floor":37,"turns":6},{"damage":14,"enemies":"Sphere and 2 Shapes","floor":38,"turns":7},{"damage":0,"enemies":"Nemesis","floor":40,"turns":9},{"damage":62,"enemies":"Reptomancer","floor":42,"turns":2}],"seed_played":"4341194819044231297","potions_obtained":[{"floor":3,"key":"Regen Potion"},{"floor":3,"key":"LiquidBronze"},{"floor":3,"key":"PowerPotion"},{"floor":10,"key":"Regen Potion"},{"floor":13,"key":"GamblersBrew"},{"floor":16,"key":"Explosive Potion"},{"floor":18,"key":"Poison Potion"},{"floor":28,"key":"Swift Potion"},{"floor":30,"key":"Energy Potion"},{"floor":33,"key":"Explosive Potion"},{"floor":37,"key":"Regen Potion"},{"floor":38,"key":"Weak Potion"},{"floor":40,"key":"Swift Potion"}],"is_trial":false,"path_per_floor":["M","$","?","M","?","E","M","M","T","E","M","M","M","$","R","B",null,"M","M","?","M","M","E","R","E","T","M","M","T","M","?","R","B",null,"M","M","M","M","?","E","R","E"],"character_chosen":"DEFECT","items_purchased":["OrangePellets"],"campfire_rested":3,"item_purchase_floors":[14],"current_hp_per_floor":[69,69,69,59,59,48,48,40,40,22,30,30,30,30,52,34,75,71,71,71,71,63,43,65,64,64,60,30,30,3,3,25,25,75,75,67,67,53,53,53,53,0],"gold":324,"neow_bonus":"TRANSFORM_CARD","is_prod":false,"is_daily":false,"chose_seed":false,"campfire_upgraded":1,"win_rate":0,"timestamp":1564351159,"path_taken":["M","?","?","?","?","E","M","M","T","E","M","M","?","$","R","BOSS","M","M","?","M","M","E","R","E","T","M","M","?","M","?","R","BOSS","M","M","M","M","?","E","R","E"],"build_version":"2019-07-17","purchased_purges":1,"victory":false,"max_hp_per_floor":[75,75,75,75,75,75,75,75,75,75,75,75,75,75,75,75,75,75,75,75,75,75,75,75,75,75,75,75,75,75,75,75,75,75,75,75,75,75,75,75,75,75],"card_choices":[{"not_picked":["Redo","Reprogram"],"picked":"Coolheaded","floor":1},{"not_picked":["Sweeping Beam","Beam Cell"],"picked":"Gash","floor":4},{"not_picked":["FTL","Stack"],"picked":"Streamline","floor":6},{"not_picked":["Redo","Fusion","Reprogram"],"picked":"SKIP","floor":7},{"not_picked":["Rebound","Multi-Cast"],"picked":"Glacier","floor":8},{"not_picked":["Lockon","Go for the Eyes"],"picked":"Beam Cell","floor":10},{"not_picked":["Ball Lightning","Fusion"],"picked":"Hologram","floor":11},{"not_picked":["Rebound","Turbo"],"picked":"Leap","floor":12},{"not_picked":["Storm","Skim","Ball Lightning"],"picked":"SKIP","floor":13},{"not_picked":["Storm","Ball Lightning"],"picked":"Skim","floor":13},{"not_picked":["Reprogram","Go for the Eyes"],"picked":"Blizzard","floor":15},{"not_picked":["Buffer","Electrodynamics"],"picked":"Creative AI","floor":16},{"not_picked":["Chaos+1","Beam Cell+1","Rip and Tear+1"],"picked":"SKIP","floor":18},{"not_picked":["FTL","BootSequence+1","Rebound"],"picked":"SKIP","floor":19},{"not_picked":["Sweeping Beam","Ball Lightning"],"picked":"Cold Snap+1","floor":21},{"not_picked":["Barrage","Beam Cell"],"picked":"Cold Snap","floor":22},{"not_picked":["Aggregate","Coolheaded"],"picked":"Seek","floor":23},{"not_picked":["Redo","Ball Lightning"],"picked":"Glacier+1","floor":24},{"not_picked":["Redo","Steam","Rebound"],"picked":"SKIP","floor":25},{"not_picked":["FTL+1","Streamline"],"picked":"Amplify","floor":27},{"not_picked":["Tempest","Stack+1","Steam+1"],"picked":"SKIP","floor":28},{"not_picked":["Go for the Eyes","Conserve Battery","Ball Lightning"],"picked":"Buffer","floor":30},{"not_picked":["Amplify","Seek","All For One"],"picked":"Biased Cognition","floor":33},{"not_picked":["Sweeping Beam+1","Gash+1","Steam Power"],"picked":"Barrage+1","floor":35},{"not_picked":["Conserve Battery","Ball Lightning","Coolheaded"],"picked":"Genetic Algorithm+1","floor":36},{"not_picked":["Conserve Battery","Melter+1","Leap"],"picked":"Hologram","floor":37},{"not_picked":["Scrape+1","Streamline","Ball Lightning+1"],"picked":"Capacitor+1","floor":38},{"not_picked":["Meteor Strike","Sweeping Beam+1","Cold Snap+1","Steam Power+1"],"picked":"SKIP","floor":40}],"player_experience":319267,"relics_obtained":[{"floor":6,"key":"Boot"},{"floor":9,"key":"Oddly Smooth Stone"},{"floor":10,"key":"Dream Catcher"},{"floor":23,"key":"Anchor"},{"floor":25,"key":"Centennial Puzzle"},{"floor":26,"key":"Bottled Lightning"},{"floor":29,"key":"Question Card"},{"floor":40,"key":"Dodecahedron"}],"event_choices":[{"damage_healed":0,"gold_gain":0,"player_choice":"Got Potions","damage_taken":0,"max_hp_gain":0,"max_hp_loss":0,"event_name":"Lab","floor":3,"gold_loss":0},{"cards_removed":["Strike_B"],"damage_healed":0,"gold_gain":0,"player_choice":"Purged","damage_taken":0,"max_hp_gain":0,"max_hp_loss":0,"event_name":"Purifier","floor":5,"gold_loss":0},{"cards_removed":["Strike_B"],"damage_healed":0,"gold_gain":0,"player_choice":"Gave Gold","damage_taken":0,"max_hp_gain":0,"max_hp_loss":0,"event_name":"Beggar","floor":20,"gold_loss":75},{"damage_healed":0,"gold_gain":0,"player_choice":"Obtained Relic","damage_taken":0,"relics_obtained":["PreservedInsect"],"max_hp_gain":0,"max_hp_loss":0,"event_name":"Addict","floor":31,"gold_loss":85},{"cards_removed":["Leap"],"damage_healed":0,"gold_gain":0,"player_choice":"Removed Skill","damage_taken":0,"max_hp_gain":0,"max_hp_loss":0,"event_name":"Falling","floor":39,"gold_loss":0}],"is_beta":false,"boss_relics":[{"not_picked":["Velvet Choker","Eternal Feather"],"picked":"Snecko Eye"},{"not_picked":["Empty Cage","Runic Pyramid"],"picked":"Cursed Key"}],"items_purged_floors":[2],"is_endless":false,"potions_floor_spawned":[4,10,13,16,18,28,30,33,37,38,40],"killed_by":"Reptomancer","ascension_level":0}