{"gold_per_floor":[11,11,26,44,64,64,64,64,139,173,173,191,191,216,216,320,320,333,350,369,209,224],"floor_reached":22,"playtime":1235,"items_purged":["Strike_R"],"score":208,"play_id":"85ff32f7-77e0-4b98-a8ce-55df9db9aee8","local_time":"20190528211419","is_ascension_mode":true,"campfire_choices":[{"data":"Battle Trance","floor":6,"key":"SMITH"},{"data":"Pommel Strike","floor":8,"key":"SMITH"},{"data":"Flex","floor":13,"key":"SMITH"},{"data":"Anger","floor":15,"key":"SMITH"}],"neow_cost":"NO_GOLD","seed_source_timestamp":359331444472642,"circlet_count":0,"master_deck":["Strike_R","Strike_R","Strike_R","Defend_R","Defend_R","Defend_R","Defend_R","Bash","Flex+1","Pommel Strike+1","Battle Trance+1","Anger+1","Carnage+1","Heavy Blade+1","Bloodletting","Shrug It Off"],"relics":["Burning Blood","Ginger","Dodecahedron","Omamori","Regal Pillow","Black Star"],"potions_floor_usage":[10,14,22],"damage_taken":[{"damage":4,"enemies":"Small Slimes","floor":1,"turns":4},{"damage":2,"enemies":"2 Louse","floor":3,"turns":2},{"damage":6,"enemies":"Cultist","floor":4,"turns":3},{"damage":3,"enemies":"2 Fungi Beasts","floor":5,"turns":3},{"damage":14,"enemies":"Gremlin Nob","floor":10,"turns":3},{"damage":6,"enemies":"Exordium Thugs","floor":12,"turns":3},{"damage":18,"enemies":"Lagavulin","floor":14,"turns":3},{"damage":19,"enemies":"Slime Boss","floor":16,"turns":7},{"damage":0,"enemies":"Chosen","floor":18,"turns":3},{"damage":15,"enemies":"2 Thieves","floor":19,"turns":3},{"damage":42,"enemies":"Snecko","floor":20,"turns":5},{"damage":35,"enemies":"Chosen and Byrds","floor":22,"turns":5}],"seed_played":"-5334910921753423394","potions_obtained":[{"floor":3,"key":"Dexterity Potion"},{"floor":4,"key":"FearPotion"},{"floor":5,"key":"BloodPotion"},{"floor":10,"key":"Fire Potion"}],"is_trial":false,"path_per_floor":["M","?","M","M","M","R","$","R","T","E","?","M","R","E","R","B",null,"M","M","M","$","M"],"character_chosen":"IRONCLAD","items_purchased":["Bloodletting","Shrug It Off"],"campfire_rested":0,"item_purchase_floors":[21,21],"current_hp_per_floor":[80,80,80,80,80,80,80,80,80,72,72,72,72,60,60,47,80,80,71,35,35,14],"gold":224,"neow_bonus":"ONE_RARE_RELIC","is_prod":false,"is_daily":false,"chose_seed":false,"campfire_upgraded":4,"win_rate":0,"timestamp":1559092459,"path_taken":["M","?","M","M","M","R","$","R","T","E","?","M","R","E","R","BOSS","M","M","?","$","M"],"build_version":"2019-01-23","purchased_purges":1,"victory":false,"max_hp_per_floor":[80,80,80,80,80,80,80,80,80,80,80,80,80,80,80,80,80,80,80,80,80,80],"card_choices":[{"not_picked":["Armaments","Perfected Strike"],"picked":"Flex","floor":1},{"not_picked":["Searing Blow","True Grit"],"picked":"Pommel Strike","floor":3},{"not_picked":["Rage","Rupture"],"picked":"Battle Trance","floor":4},{"not_picked":["Heavy Blade","Sword Boomerang"],"picked":"Anger","floor":5},{"not_picked":["Power Through","Disarm","Perfected Strike"],"picked":"SKIP","floor":10},{"not_picked":["Combust","Corruption","Havoc"],"picked":"SKIP","floor":12},{"not_picked":["Thunderclap","Iron Wave","Perfected Strike"],"picked":"SKIP","floor":14},{"not_picked":["Iron Wave","Combust+1"],"picked":"Carnage+1","floor":18},{"not_picked":["Wild Strike","Dual Wield+1","Clothesline+1"],"picked":"SKIP","floor":19},{"not_picked":["Entrench","Blood for Blood+1"],"picked":"Heavy Blade+1","floor":20}],"player_experience":51799,"relics_obtained":[{"floor":9,"key":"Dodecahedron"},{"floor":10,"key":"Omamori"},{"floor":14,"key":"Regal Pillow"}],"event_choices":[{"damage_healed":0,"gold_gain":0,"player_choice":"Leave","damage_taken":0,"max_hp_gain":0,"max_hp_loss":0,"event_name":"The Cleric","floor":2,"gold_loss":0},{"cards_removed":["Strike_R"],"damage_healed":0,"gold_gain":0,"player_choice":"Offered Basic","damage_taken":0,"max_hp_gain":0,"max_hp_loss":0,"event_name":"Bonfire Elementals","floor":11,"gold_loss":0}],"is_beta":false,"boss_relics":[{"not_picked":["Eternal Feather","Runic Dome"],"picked":"Black Star"}],"items_purged_floors":[21],"is_endless":false,"potions_floor_spawned":[3,4,5,10],"killed_by":"Chosen and Byrds","ascension_level":1}