{"gold_per_floor":[119,119,44,44,55,88,104,104,104,134,134,169,188,201,201,201],"floor_reached":16,"playtime":814,"items_purged":[],"score":268,"play_id":"ef019634-3bea-476e-873a-69da1752836a","local_time":"20191013202955","is_ascension_mode":true,"campfire_choices":[{"data":"Riddle With Holes","floor":8,"key":"SMITH"},{"data":"Malaise","floor":11,"key":"SMITH"},{"data":"Footwork","floor":15,"key":"SMITH"}],"neow_cost":"NONE","seed_source_timestamp":843444531000700,"circlet_count":0,"master_deck":["AscendersBane","Strike_G","Strike_G","Strike_G","Strike_G","Defend_G","Defend_G","Defend_G","Defend_G","Survivor","Neutralize","Riddle With Holes+1","Footwork+1","Quick Slash","PiercingWail","Malaise+1","Well Laid Plans","Blur","Predator"],"relics":["Ring of the Snake","NeowsBlessing","Darkstone Periapt","Centennial Puzzle","Ninja Scroll","Tough Bandages"],"potions_floor_usage":[10],"damage_taken":[{"damage":0,"enemies":"Cultist","floor":1,"turns":1},{"damage":0,"enemies":"Jaw Worm","floor":5,"turns":1},{"damage":0,"enemies":"Gremlin Nob","floor":6,"turns":1},{"damage":0,"enemies":"2 Louse","floor":7,"turns":2},{"damage":18,"enemies":"Lagavulin","floor":10,"turns":7},{"damage":18,"enemies":"Gremlin Nob","floor":12,"turns":4},{"damage":4,"enemies":"Exordium Thugs","floor":13,"turns":5},{"damage":0,"enemies":"Looter","floor":14,"turns":3},{"damage":26,"enemies":"Hexaghost","floor":16,"turns":14}],"seed_played":"2082816086396579594","potions_obtained":[{"floor":1,"key":"Strength Potion"},{"floor":5,"key":"Swift Potion"},{"floor":7,"key":"Explosive Potion"},{"floor":10,"key":"GhostInAJar"}],"is_trial":false,"path_per_floor":["M","?","?","?","M","E","M","R","T","E","R","E","M","M","R","B"],"character_chosen":"THE_SILENT","items_purchased":[],"campfire_rested":0,"item_purchase_floors":[],"current_hp_per_floor":[59,64,64,64,64,64,64,64,64,46,46,28,24,24,24,0],"gold":201,"neow_bonus":"THREE_ENEMY_KILL","is_prod":false,"is_daily":false,"chose_seed":false,"campfire_upgraded":3,"win_rate":0,"timestamp":1570994995,"path_taken":["M","?","?","?","M","E","?","R","T","E","R","E","M","M","R","BOSS"],"build_version":"2019-07-17","purchased_purges":0,"victory":false,"max_hp_per_floor":[66,71,71,71,71,71,71,71,71,71,71,71,71,71,71,71],"card_choices":[{"not_picked":["Calculated Gamble","Heel Hook"],"picked":"Riddle With Holes","floor":1},{"not_picked":["Infinite Blades","PiercingWail"],"picked":"Footwork","floor":5},{"not_picked":["Doppelganger","Flying Knee"],"picked":"Quick Slash","floor":6},{"not_picked":["Concentrate","Riddle With Holes"],"picked":"PiercingWail","floor":7},{"not_picked":["Flying Knee","Bane"],"picked":"Malaise","floor":10},{"not_picked":["Dash","Noxious Fumes"],"picked":"Well Laid Plans","floor":12},{"not_picked":["Masterful Stab","Deflect"],"picked":"Blur","floor":13},{"not_picked":["Deflect","Accuracy"],"picked":"Predator","floor":14}],"player_experience":1224854,"relics_obtained":[{"floor":6,"key":"Darkstone Periapt"},{"floor":9,"key":"Centennial Puzzle"},{"floor":10,"key":"Ninja Scroll"},{"floor":12,"key":"Tough Bandages"}],"event_choices":[{"damage_healed":0,"gold_gain":0,"player_choice":"Donut","damage_taken":0,"max_hp_gain":5,"max_hp_loss":0,"event_name":"Big Fish","floor":2,"gold_loss":0},{"cards_removed":["Strike_G"],"damage_healed":0,"gold_gain":0,"player_choice":"Card Removal","damage_taken":0,"max_hp_gain":0,"max_hp_loss":0,"event_name":"The Cleric","floor":3,"gold_loss":75},{"cards_removed":["Defend_G"],"damage_healed":0,"gold_gain":0,"player_choice":"Offered Basic","damage_taken":0,"max_hp_gain":0,"max_hp_loss":0,"event_name":"Bonfire Elementals","floor":4,"gold_loss":0}],"is_beta":false,"boss_relics":[],"items_purged_floors":[],"is_endless":false,"potions_floor_spawned":[1,5,7,10,12],"killed_by":"Hexaghost","ascension_level":17}