{"gold_per_floor":[118,118,118,135,145,180,180,211,211,230,245,300,400,434,434,536,536,555,570,580,635,658,688,688,707,707,719,434,434,444,189,189,291,291,301,95,114,134,1133,1159,1159,1159,1159,1169,442,461,461,461,461,461,461,461,31,64,64],"floor_reached":56,"playtime":3666,"items_purged":["Strike_G","Strike_G","Strike_G","Strike_G","Strike_G"],"score":1280,"play_id":"22b150e5-6f24-4b04-ad8b-6bcb7a0bf6d0","local_time":"20181119224251","is_ascension_mode":true,"campfire_choices":[{"data":"Backstab","floor":7.0,"key":"SMITH"},{"data":"A Thousand Cuts","floor":15.0,"key":"SMITH"},{"data":"Envenom","floor":24.0,"key":"SMITH"},{"floor":29.0,"key":"REST"},{"data":"Catalyst","floor":32.0,"key":"SMITH"},{"floor":42,"key":"REST"},{"floor":47,"key":"REST"},{"floor":49,"key":"RECALL"},{"data":"Malaise","floor":52,"key":"SMITH"}],"neow_cost":"NONE","seed_source_timestamp":173192809624354,"circlet_count":0,"master_deck":["Defend_G","Defend_G","Defend_G","Defend_G","Defend_G","Survivor","Neutralize+1","Riddle With Holes+1","Dodge and Roll","Flying Knee","Backstab+1","A Thousand Cuts+1","PiercingWail","Escape Plan","Infinite Blades","Predator","Envenom+1","Crippling Poison","Backflip+1","Crippling Poison","Acrobatics","Predator","Catalyst+1","Tools of the Trade","Corpse Explosion","Underhanded Strike","Footwork","Noxious Fumes+1","Leg Sweep","Malaise+1","Footwork+1"],"special_seed":0,"relics":["Ring of the Snake","Omamori","Question Card","Lantern","Tiny Chest","Pear","Snecko Eye","Snake Skull","Orichalcum","Gremlin Horn","Pocketwatch","Vajra","Lizard Tail","Paper Crane","Dodecahedron","Singing Bowl","Mummified Hand","Ninja Scroll","Bottled Tornado","Incense Burner"],"potions_floor_usage":[46,54,54,55,55],"damage_taken":[{"damage":0.0,"enemies":"Jaw Worm","floor":1.0,"turns":5.0},{"damage":0.0,"enemies":"Small Slimes","floor":4.0,"turns":3.0},{"damage":0.0,"enemies":"Cultist","floor":5.0,"turns":3.0},{"damage":14.0,"enemies":"Gremlin Nob","floor":6.0,"turns":4.0},{"damage":10.0,"enemies":"Lagavulin","floor":8.0,"turns":5.0},{"damage":0.0,"enemies":"Looter","floor":10.0,"turns":3.0},{"damage":0.0,"enemies":"Gremlin Gang","floor":11.0,"turns":3.0},{"damage":14.0,"enemies":"Gremlin Nob","floor":12.0,"turns":4.0},{"damage":4.0,"enemies":"3 Sentries","floor":14.0,"turns":7.0},{"damage":30.0,"enemies":"Hexaghost","floor":16.0,"turns":11.0},{"damage":3.0,"enemies":"Shell Parasite","floor":18.0,"turns":4.0},{"damage":1.0,"enemies":"Chosen","floor":19.0,"turns":4.0},{"damage":15.0,"enemies":"Centurion and Healer","floor":20.0,"turns":7.0},{"damage":12.0,"enemies":"Book of Stabbing","floor":23.0,"turns":5.0},{"damage":0.0,"enemies":"3 Cultists","floor":25.0,"turns":4.0},{"damage":7.0,"enemies":"Shelled Parasite and Fungi","floor":27.0,"turns":2.0},{"damage":5.0,"enemies":"Centurion and Healer","floor":30.0,"turns":4.0},{"damage":14.0,"enemies":"Automaton","floor":33.0,"turns":5.0},{"damage":0.0,"enemies":"3 Shapes","floor":35.0,"turns":3.0},{"damage":11,"enemies":"Orb Walker","floor":37,"turns":4},{"damage":5,"enemies":"3 Darklings","floor":38,"turns":3},{"damage":43,"enemies":"Nemesis","floor":40,"turns":7},{"damage":0,"enemies":"Sphere and 2 Shapes","floor":44,"turns":4},{"damage":19,"enemies":"Writhing Mass","floor":46,"turns":6},{"damage":23,"enemies":"Awakened One","floor":50,"turns":16},{"damage":11,"enemies":"Shield and Spear","floor":54,"turns":4},{"damage":60,"enemies":"The Heart","floor":55,"turns":9}],"seed_played":"-7501933945992507572","potions_obtained":[{"floor":4.0,"key":"FearPotion"},{"floor":5.0,"key":"Explosive Potion"},{"floor":6.0,"key":"FearPotion"},{"floor":14.0,"key":"Ancient Potion"},{"floor":23.0,"key":"LiquidBronze"},{"floor":27.0,"key":"Poison Potion"},{"floor":30.0,"key":"Block Potion"},{"floor":35.0,"key":"SteroidPotion"},{"floor":37,"key":"AttackPotion"},{"floor":46,"key":"Block Potion"},{"floor":54,"key":"GamblersBrew"}],"is_trial":false,"path_per_floor":["M","?","?","M","M","E","R","E","T","M","M","E","?","E","R","B",null,"M","M","M","T","T","E","R","M","T","M","$","R","M","$","R","B",null,"M","$","M","M","?","E","T","R","T","M","$","M","R","?","R","B",null,"R","$","E","B",null],"character_chosen":"THE_SILENT","items_purchased":["Catalyst","Tools of the Trade","Vajra","Footwork","Mummified Hand","LiquidBronze","Ninja Scroll","Bottled Tornado"],"campfire_rested":3,"item_purchase_floors":[28,28,31,36,45,45,45,53],"current_hp_per_floor":[70,67,67,67,67,53,53,43,43,43,43,29,29,35,35,5,80,77,76,61,61,61,49,49,49,49,42,42,66,61,61,61,47,80,80,80,69,64,64,21,21,45,45,47,47,28,52,52,52,29,82,82,82,73,13],"gold":64,"neow_bonus":"UPGRADE_CARD","is_prod":false,"is_daily":false,"chose_seed":false,"campfire_upgraded":5,"win_rate":0,"timestamp":1542667371,"path_taken":["M","?","?","M","M","E","R","E","T","?","M","E","?","E","R","BOSS","M","M","?","?","?","E","R","M","T","M","$","R","M","$","R","BOSS","M","$","?","?","?","E","?","R","T","M","$","M","R","?","R","BOSS","R","$","E","BOSS"],"build_version":"2018-11-15","purchased_purges":5,"victory":true,"max_hp_per_floor":[70,70,70,70,70,70,70,70,70,70,70,70,70,80,80,80,80,80,80,80,80,80,80,80,80,80,80,80,80,80,80,80,80,80,80,80,80,80,80,80,80,80,80,82,82,82,82,82,82,82,82,82,82,84,84],"card_choices":[{"not_picked":["Outmaneuver","Backstab"],"picked":"Riddle With Holes","floor":1.0},{"not_picked":["Outmaneuver","Prepared"],"picked":"Dodge and Roll","floor":4.0},{"not_picked":["Calculated Gamble","Endless Agony"],"picked":"Flying Knee","floor":5.0},{"not_picked":["Slice","PiercingWail"],"picked":"Backstab","floor":6.0},{"not_picked":["Flying Knee","All Out Attack","Skewer"],"picked":"A Thousand Cuts","floor":8.0},{"not_picked":["Deflect","Poisoned Stab","Acrobatics"],"picked":"PiercingWail","floor":10.0},{"not_picked":["Quick Slash","Dagger Spray","Sucker Punch"],"picked":"Escape Plan","floor":11.0},{"not_picked":["Dagger Throw","Quick Slash","Blur"],"picked":"Infinite Blades","floor":12.0},{"not_picked":["Accuracy","Tactician","PiercingWail"],"picked":"Predator","floor":14.0},{"not_picked":["Glass Knife","Tools of the Trade","Die Die Die"],"picked":"Envenom","floor":16.0},{"not_picked":["Blur","Bane+1","PiercingWail"],"picked":"Crippling Poison","floor":18.0},{"not_picked":["Setup+1","Dagger Spray","Dash+1"],"picked":"Backflip+1","floor":19.0},{"not_picked":["Sucker Punch+1","Flying Knee","Well Laid Plans"],"picked":"Crippling Poison","floor":20.0},{"not_picked":["Underhanded Strike","Sucker Punch","Escape Plan+1","Venomology"],"picked":"SKIP","floor":23.0},{"not_picked":["PiercingWail","Quick Slash","Flying Knee+1"],"picked":"Acrobatics","floor":25.0},{"not_picked":["Heel Hook","Deflect","Underhanded Strike"],"picked":"Predator","floor":27.0},{"not_picked":["Deflect","Dagger Throw","Slice+1","Bane+1"],"picked":"SKIP","floor":30.0},{"not_picked":["Tools of the Trade","Burst","Grand Finale"],"picked":"Corpse Explosion","floor":33.0},{"not_picked":["Masterful Stab+1","Flying Knee+1","Reflex"],"picked":"Underhanded Strike","floor":35.0},{"not_picked":["Dagger Throw+1","Infinite Blades","Quick Slash+1"],"picked":"Noxious Fumes+1","floor":37},{"not_picked":["Underhanded Strike","Deadly Poison+1","Dagger Throw+1"],"picked":"Leg Sweep","floor":38},{"not_picked":["Well Laid Plans+1","Setup+1","Dash"],"picked":"Malaise","floor":40},{"not_picked":["Sucker Punch+1","Cloak And Dagger","Slice+1","Prepared"],"picked":"Singing Bowl","floor":44},{"not_picked":["Underhanded Strike","Dodge and Roll","Leg Sweep"],"picked":"Footwork+1","floor":46},{"not_picked":["Heel Hook+1","Expertise","Venomology","Finisher"],"picked":"Singing Bowl","floor":54}],"player_experience":994630,"relics_obtained":[{"floor":6.0,"key":"Question Card"},{"floor":8.0,"key":"Lantern"},{"floor":12.0,"key":"Tiny Chest"},{"floor":14.0,"key":"Pear"},{"floor":21.0,"key":"Snake Skull"},{"floor":22.0,"key":"Orichalcum"},{"floor":23.0,"key":"Gremlin Horn"},{"floor":26.0,"key":"Pocketwatch"},{"floor":40,"key":"Paper Crane"},{"floor":41,"key":"Dodecahedron"},{"floor":43,"key":"Singing Bowl"},{"floor":54,"key":"Incense Burner"}],"event_choices":[{"damage_healed":0.0,"max_hp_gain":0.0,"max_hp_loss":0.0,"gold_gain":0.0,"event_name":"Scrap Ooze","player_choice":"Success","floor":2.0,"gold_loss":0.0,"damage_taken":3.0,"relics_obtained":["Omamori"]},{"damage_healed":0.0,"max_hp_gain":0.0,"max_hp_loss":0.0,"gold_gain":0.0,"event_name":"Upgrade Shrine","player_choice":"Upgraded","floor":3.0,"gold_loss":0.0,"damage_taken":0.0,"cards_upgraded":["Riddle With Holes"]},{"damage_healed":0.0,"max_hp_gain":0.0,"max_hp_loss":0.0,"gold_gain":100.0,"event_name":"Golden Shrine","player_choice":"Pray","floor":13.0,"gold_loss":0.0,"damage_taken":0.0},{"damage_healed":0,"gold_gain":999,"player_choice":"Gold","damage_taken":0,"max_hp_gain":0,"max_hp_loss":0,"event_name":"MindBloom","floor":39,"gold_loss":0,"cards_obtained":["Normality","Normality"]},{"damage_healed":0,"gold_gain":0,"player_choice":"Ignored","damage_taken":0,"max_hp_gain":0,"max_hp_loss":0,"event_name":"Mysterious Sphere","floor":48,"gold_loss":0}],"is_beta":false,"boss_relics":[{"not_picked":["Tiny House","Coffee Dripper"],"picked":"Snecko Eye"},{"not_picked":["Orrery","Calling Bell"],"picked":"Lizard Tail"}],"items_purged_floors":[28,31,36,45,53],"is_endless":false,"potions_floor_spawned":[4,5,6,14,23,27,30,35,37,46,54],"ascension_level":1}