{"path_per_floor":["M","M","$","?","M","E","M","E","T","$","R","E","$","M","R","B",null,"M","M","?","$","M","R","E","R","T","E","R","M","M","M","R","B",null,"M","M","$","M"],"character_chosen":"THE_SILENT","items_purchased":["Bronze Scales","Singing Bowl"],"gold_per_floor":[211,228,8,8,28,56,69,104,157,4,4,31,31,42,42,143,143,161,86,11,11,23,23,55,55,55,86,86,101,117,131,131,227,227,242,262,212,229],"floor_reached":39,"campfire_rested":5,"playtime":4023,"current_hp_per_floor":[68,68,68,61,60,38,18,10,10,10,31,16,16,18,39,42,70,70,73,73,73,54,54,6,28,28,11,33,12,9,13,37,11,82,64,53,53,19],"items_purged":["Defend_G","Defend_G"],"gold":229,"play_id":"b85da8a5-d6ea-4d4e-bafa-632767214fe8","is_prod":false,"is_daily":false,"is_ascension_mode":true,"campfire_upgraded":1,"path_taken":["M","?","$","?","M","E","M","E","T","$","R","E","$","M","R","BOSS","M","M","?","$","M","R","E","R","T","E","R","?","M","M","R","BOSS","M","M","?","M","M"],"build_version":"2018-01-25-PROD3","purchased_purges":2,"victory":false,"master_deck":["Defend_G","Defend_G","Defend_G","Strike_G","Strike_G+1","Strike_G","Strike_G","Survivor","Neutralize+1","Poisoned Stab","Backflip","Crippling Poison","Sucker Punch","Leg Sweep","Dagger Spray+1","Quick Slash","Malaise","Envenom","Bouncing Flask+1","Poisoned Stab+1","Terror+1","Cloak And Dagger+1","Blade Dance+1","Noxious Fumes+1"],"max_hp_per_floor":[70,70,70,70,70,70,70,70,70,70,70,70,70,70,70,70,70,72,74,74,74,74,74,74,74,74,74,74,76,78,80,80,82,82,82,82,82,82],"relics":["Ring of the Snake","Bronze Scales","Dodecahedron","Pantograph","Bag of Marbles","Whetstone","Singing Bowl","Blood Vial","Black Star","Ninja Scroll","Smiling Mask","Peace Pipe","Blue Candle","Matryoshka","Eternal Feather"],"card_choices":[{"not_picked":["Bane","Cloak And Dagger"],"picked":"Poisoned Stab"},{"not_picked":["Dagger Spray","Distraction"],"picked":"Backflip"},{"not_picked":["Dagger Spray","Calculated Gamble"],"picked":"Crippling Poison"},{"not_picked":["Dash","Accuracy"],"picked":"Sucker Punch"},{"not_picked":["Doppelganger","Backflip"],"picked":"Leg Sweep"},{"not_picked":["Underhanded Strike","Slice"],"picked":"Dagger Spray"},{"not_picked":["Dagger Spray","Deflect"],"picked":"Quick Slash"},{"not_picked":["Dodge and Roll","Leg Sweep"],"picked":"Malaise"},{"not_picked":["Wraith Form","Storm of Steel"],"picked":"Envenom"},{"not_picked":["Deadly Poison","Outmaneuver"],"picked":"Bouncing Flask"},{"not_picked":["Deadly Poison","Malaise"],"picked":"Poisoned Stab"},{"not_picked":["Dodge and Roll","Deflect"],"picked":"Terror"},{"not_picked":["Prepared","Acrobatics"],"picked":"Cloak And Dagger"},{"not_picked":["Quick Slash","Acrobatics"],"picked":"Blade Dance"},{"not_picked":["Flying Knee","Underhanded Strike"],"picked":"Noxious Fumes"}],"player_experience":131257,"potions_floor_usage":[33,39],"damage_taken":[{"damage":2.0,"enemies":"Blue Slaver","floor":1.0,"turns":6.0},{"damage":0.0,"enemies":"Small Slimes","floor":2.0,"turns":3.0},{"damage":1.0,"enemies":"Cultist","floor":5.0,"turns":3.0},{"damage":22.0,"enemies":"Gremlin Nob","floor":6.0,"turns":5.0},{"damage":20.0,"enemies":"Exordium Thugs","floor":7.0,"turns":4.0},{"damage":23.0,"enemies":"3 Sentries","floor":8.0,"turns":8.0},{"damage":15.0,"enemies":"Lagavulin","floor":12.0,"turns":6.0},{"damage":0.0,"enemies":"2 Fungi Beasts","floor":14.0,"turns":2.0},{"damage":24.0,"enemies":"The Guardian","floor":16.0,"turns":13.0},{"damage":2.0,"enemies":"Shell Parasite","floor":18.0,"turns":9.0},{"damage":1.0,"enemies":"2 Thieves","floor":19.0,"turns":5.0},{"damage":20.0,"enemies":"Chosen and Byrds","floor":22.0,"turns":6.0},{"damage":50.0,"enemies":"Gremlin Leader","floor":24.0,"turns":9.0},{"damage":19.0,"enemies":"Book of Stabbing","floor":27.0,"turns":6.0},{"damage":25.0,"enemies":"Sentry and Sphere","floor":29.0,"turns":8.0},{"damage":7.0,"enemies":"Centurion and Healer","floor":30.0,"turns":7.0},{"damage":0.0,"enemies":"Snake Plant","floor":31.0,"turns":3.0},{"damage":55,"enemies":"Collector","floor":33,"turns":10},{"damage":18,"enemies":"3 Shapes","floor":35,"turns":3},{"damage":13,"enemies":"Orb Walker","floor":36,"turns":3},{"damage":36,"enemies":"Sphere and 2 Shapes","floor":38,"turns":4},{"damage":22,"enemies":"Maw","floor":39,"turns":4}],"event_choices":[{"event_name":"Scrap Ooze","player_choice":"success","floor":4.0,"damage_taken":7.0},{"event_name":"Beggar","player_choice":"Gave Gold","floor":20.0,"damage_taken":0.0}],"boss_relics":[{"not_picked":["Question Card","Philosopher\u0027s Stone"],"picked":"Eternal Feather"}],"potions_floor_spawned":[2,6,14,27,29,33,35,38],"seed_played":"194516318963238345","killed_by":"Maw","ascension_level":1,"is_trial":false}