{"gold_per_floor":[19,30,40,54,28,28,63,63,63,63,88,88,88,88,88,88],"floor_reached":16,"playtime":449,"items_purged":[],"score":194,"play_id":"6fdd4f62-5deb-428f-8a22-97dce2b7a44b","local_time":"20190617070242","is_ascension_mode":true,"campfire_choices":[{"data":"Neutralize","floor":6.0,"key":"SMITH"},{"data":"A Thousand Cuts","floor":8,"key":"SMITH"},{"floor":10,"key":"REST"},{"floor":12,"key":"REST"},{"floor":15,"key":"REST"}],"neow_cost":"NO_GOLD","seed_source_timestamp":15240122621100,"circlet_count":0,"master_deck":["AscendersBane","Defend_G","Defend_G","Defend_G","Defend_G","Defend_G","Strike_G","Strike_G","Strike_G","Strike_G","Strike_G","Survivor","Neutralize+1","Dramatic Entrance","Trip","Blade Dance","Blur","A Thousand Cuts+1","Escape Plan","Dagger Spray","Skewer+1","Backflip+1"],"special_seed":0,"relics":["Ring of the Snake","Bottled Flame","Letter Opener","Shuriken"],"potions_floor_usage":[],"damage_taken":[{"damage":7.0,"enemies":"Small Slimes","floor":1.0,"turns":2.0},{"damage":4.0,"enemies":"Jaw Worm","floor":2.0,"turns":4.0},{"damage":0.0,"enemies":"2 Louse","floor":3.0,"turns":3.0},{"damage":4.0,"enemies":"Blue Slaver","floor":4.0,"turns":4.0},{"damage":29.0,"enemies":"Gremlin Nob","floor":7.0,"turns":5.0},{"damage":33,"enemies":"3 Sentries","floor":11,"turns":5},{"damage":32,"enemies":"Hexaghost","floor":16,"turns":11}],"seed_played":"-4099384712681223544","potions_obtained":[{"floor":2.0,"key":"Energy Potion"},{"floor":3.0,"key":"Poison Potion"}],"is_trial":false,"path_per_floor":["M","M","M","M","$","R","E","R","T","R","E","R","?","?","R","B"],"character_chosen":"THE_SILENT","items_purchased":["Dagger Spray"],"campfire_rested":3,"item_purchase_floors":[5],"current_hp_per_floor":[52,48,48,44,44,44,15,15,15,34,1,20,25,4,25,0],"gold":88,"neow_bonus":"RANDOM_COLORLESS_2","is_prod":false,"is_daily":false,"chose_seed":false,"campfire_upgraded":2,"win_rate":0,"timestamp":1560747762,"path_taken":["M","M","M","M","$","R","E","R","T","R","E","R","?","?","R","BOSS"],"build_version":"2019-01-23","purchased_purges":0,"victory":false,"max_hp_per_floor":[66,66,66,66,66,66,66,66,66,66,66,66,71,71,71,71],"card_choices":[{"not_picked":["Terror","Acrobatics"],"picked":"Blade Dance","floor":1.0},{"not_picked":["Blade Dance","Sucker Punch"],"picked":"Blur","floor":2.0},{"not_picked":["Eviscerate","Blade Dance"],"picked":"A Thousand Cuts","floor":3.0},{"not_picked":["Dagger Throw","Dagger Spray"],"picked":"Escape Plan","floor":4.0},{"not_picked":["Bane","Footwork"],"picked":"Skewer","floor":7},{"not_picked":["Dagger Spray","Blade Dance"],"picked":"Backflip","floor":11}],"player_experience":1383216,"relics_obtained":[{"floor":7,"key":"Bottled Flame"},{"floor":9,"key":"Letter Opener"},{"floor":11,"key":"Shuriken"}],"event_choices":[{"damage_healed":0,"gold_gain":0,"player_choice":"Donut","damage_taken":0,"max_hp_gain":5,"max_hp_loss":0,"event_name":"Big Fish","floor":13,"gold_loss":0},{"damage_healed":0,"gold_gain":0,"player_choice":"Entered Light","damage_taken":21,"max_hp_gain":0,"max_hp_loss":0,"event_name":"Shining Light","floor":14,"gold_loss":0,"cards_upgraded":["Backflip","Skewer"]}],"is_beta":false,"boss_relics":[],"items_purged_floors":[],"is_endless":false,"potions_floor_spawned":[2,3],"killed_by":"Hexaghost","ascension_level":16}