{"gold_per_floor":[119,129,129,142,156,156,156,156,206,206,216,216,216,234,234,309,309,322,247,257,47,47,47,47,47,47,47,63,1,14,34,34,110,110,127,127,127,141,0,0,0],"floor_reached":41,"playtime":1703,"items_purged":[],"score":766,"play_id":"1781ea55-aca4-4979-8a22-ab22f030d70a","local_time":"20181008220257","is_ascension_mode":true,"campfire_choices":[{"data":"Consume","floor":6.0,"key":"SMITH"},{"data":"Capacitor","floor":8.0,"key":"SMITH"},{"data":"Buffer","floor":10.0,"key":"SMITH"},{"floor":15.0,"key":"REST"},{"data":"Defragment","floor":23.0,"key":"SMITH"},{"floor":25.0,"key":"REST"},{"floor":27.0,"key":"REST"},{"floor":32.0,"key":"REST"},{"data":"Coolheaded","floor":40.0,"key":"SMITH"}],"neow_cost":"NONE","seed_source_timestamp":1819079599649491,"circlet_count":0,"master_deck":["Strike_B","Defend_B+1","Defend_B+1","Defend_B","Defend_B","Zap","Dualcast","AscendersBane","Buffer+1","Capacitor+1","Ball Lightning","Lockon","Consume+1","Conserve Battery","Steam","Multi-Cast","Hello World","Steam+1","Defragment+1","Cold Snap+1","Coolheaded+1","Ball Lightning+1","Coolheaded","Machine Learning","Cold Snap+1","Glacier","Lockon+1"],"special_seed":0,"relics":["FrozenCore","War Paint","Velvet Choker","Juzu Bracelet","Molten Egg 2","StoneCalendar","Red Mask"],"potions_floor_usage":[],"damage_taken":[{"damage":8.0,"enemies":"2 Louse","floor":1.0,"turns":3.0},{"damage":1.0,"enemies":"Cultist","floor":2.0,"turns":3.0},{"damage":3.0,"enemies":"Small Slimes","floor":4.0,"turns":3.0},{"damage":13.0,"enemies":"Exordium Thugs","floor":5.0,"turns":5.0},{"damage":0.0,"enemies":"Blue Slaver","floor":11.0,"turns":3.0},{"damage":8.0,"enemies":"2 Fungi Beasts","floor":14.0,"turns":3.0},{"damage":23.0,"enemies":"Slime Boss","floor":16.0,"turns":8.0},{"damage":5.0,"enemies":"Chosen","floor":18.0,"turns":4.0},{"damage":0.0,"enemies":"Spheric Guardian","floor":20.0,"turns":4.0},{"damage":8.0,"enemies":"Cultist and Chosen","floor":22.0,"turns":3.0},{"damage":25.0,"enemies":"Colosseum Slavers","floor":24.0,"turns":5.0},{"damage":21.0,"enemies":"Chosen and Byrds","floor":28.0,"turns":5.0},{"damage":17.0,"enemies":"3 Cultists","floor":30.0,"turns":7.0},{"damage":15.0,"enemies":"Snake Plant","floor":31.0,"turns":5.0},{"damage":3.0,"enemies":"Champ","floor":33.0,"turns":12.0},{"damage":0.0,"enemies":"Orb Walker","floor":35.0,"turns":6.0},{"damage":0.0,"enemies":"Mind Bloom Boss Battle","floor":36.0,"turns":9.0},{"damage":10.0,"enemies":"3 Darklings","floor":38.0,"turns":7.0},{"damage":63,"enemies":"Reptomancer","floor":41,"turns":3}],"seed_played":"7799653311436062960","potions_obtained":[{"floor":4.0,"key":"Block Potion"},{"floor":7.0,"key":"SneckoOil"},{"floor":7.0,"key":"EntropicBrew"},{"floor":11.0,"key":"Weak Potion"},{"floor":31.0,"key":"AttackPotion"},{"floor":33.0,"key":"SteroidPotion"},{"floor":35.0,"key":"Ancient Potion"}],"is_trial":false,"path_per_floor":["M","M","?","M","M","R","?","R","T","R","M","?","?","M","R","B",null,"M","?","M","$","M","R","?","R","T","R","M","$","M","M","R","B",null,"M","?","?","M","?","R"],"character_chosen":"DEFECT","items_purchased":["Defragment","Juzu Bracelet","Coolheaded"],"campfire_rested":4,"item_purchase_floors":[21,21,29],"current_hp_per_floor":[56,55,60,57,44,44,44,44,44,44,44,37,37,29,51,28,64,59,59,59,59,51,51,26,48,48,70,49,49,32,17,39,36,66,66,66,66,56,56,56,0],"gold":0,"neow_bonus":"ONE_RANDOM_RARE_CARD","is_prod":false,"is_daily":false,"chose_seed":false,"campfire_upgraded":5,"win_rate":0,"timestamp":1539028977,"path_taken":["M","M","?","M","?","R","?","R","T","R","M","?","?","M","R","BOSS","M","?","M","?","M","R","?","R","T","R","M","$","M","M","R","BOSS","M","?","?","M","?","R","M"],"build_version":"2018-10-04v2","purchased_purges":0,"victory":false,"max_hp_per_floor":[71,71,76,76,76,76,76,76,76,76,76,76,76,76,76,76,76,76,76,76,76,76,76,76,76,76,76,76,76,76,76,76,76,76,76,76,76,76,76,76,76],"card_choices":[{"not_picked":["Barrage","Redo"],"picked":"Capacitor","floor":1.0},{"not_picked":["Barrage","Redo"],"picked":"Ball Lightning","floor":2.0},{"not_picked":["Beam Cell","Compile Driver"],"picked":"Lockon","floor":4.0},{"not_picked":["Meteor Strike","Gash"],"picked":"Consume","floor":5.0},{"not_picked":["Blizzard","Leap"],"picked":"Conserve Battery","floor":11.0},{"not_picked":["Beam Cell","All For One"],"picked":"Steam","floor":14.0},{"not_picked":["Meteor Strike","Machine Learning"],"picked":"Multi-Cast","floor":16.0},{"not_picked":["Steam Power","Reprogram"],"picked":"Hello World","floor":18.0},{"not_picked":["Beam Cell","Undo"],"picked":"Steam+1","floor":20.0},{"not_picked":["Ball Lightning+1","Storm"],"picked":"Cold Snap+1","floor":28.0},{"not_picked":["Storm","Melter+1"],"picked":"Ball Lightning+1","floor":30.0},{"not_picked":["Double Energy","Storm"],"picked":"Coolheaded","floor":31.0},{"not_picked":["Thunder Strike+1","Amplify"],"picked":"Machine Learning","floor":33.0},{"not_picked":["Rebound+1","Self Repair"],"picked":"Cold Snap+1","floor":35.0},{"not_picked":["Go for the Eyes+1","Beam Cell+1"],"picked":"Glacier","floor":36.0},{"not_picked":["Self Repair","Glacier+1"],"picked":"Lockon+1","floor":38.0}],"player_experience":434610,"relics_obtained":[{"floor":9.0,"key":"War Paint"},{"floor":26.0,"key":"Molten Egg 2"},{"floor":36.0,"key":"StoneCalendar"}],"event_choices":[{"event_name":"Big Fish","player_choice":"Donut","floor":3.0,"damage_taken":0.0},{"event_name":"The Lab","player_choice":"Got Potions","floor":7.0,"damage_taken":0.0},{"event_name":"Golden Wing","player_choice":"Card Removal","floor":12.0,"damage_taken":0.0},{"event_name":"Living Wall","player_choice":"Forget","floor":13.0,"damage_taken":0.0},{"event_name":"Beggar","player_choice":"Gave Gold","floor":19.0,"damage_taken":0.0},{"event_name":"Colosseum","player_choice":"Fight","floor":24.0,"damage_taken":0.0},{"event_name":"Colosseum","player_choice":"Fled From Nobs","floor":24.0,"damage_taken":0.0},{"event_name":"MindBloom","player_choice":"Fight","floor":36.0,"damage_taken":0.0},{"event_name":"Mysterious Sphere","player_choice":"Ignore","floor":37.0,"damage_taken":0.0},{"event_name":"Tomb of Lord Red Mask","player_choice":"Paid","floor":39.0,"damage_taken":0.0}],"is_beta":false,"boss_relics":[{"not_picked":["Sozu","Lizard Tail"],"picked":"Velvet Choker"},{"not_picked":["Coffee Dripper","Black Star"],"picked":"FrozenCore"}],"items_purged_floors":[],"is_endless":false,"potions_floor_spawned":[4,11,16,22,31,33,35],"killed_by":"Reptomancer","ascension_level":20}