{"gold_per_floor":[114,114,132,82,82,82,100,100,152,182,182,195,195,227,227,227],"floor_reached":16,"playtime":557,"items_purged":[],"score":178,"play_id":"0a7b5dfd-e14d-415c-a288-2917dc0d8233","local_time":"20190306032225","is_ascension_mode":true,"campfire_choices":[{"data":"Armaments","floor":6,"key":"SMITH"},{"data":"Bash","floor":8,"key":"SMITH"},{"data":"Shockwave","floor":11,"key":"SMITH"},{"data":"Inflame","floor":15,"key":"SMITH"}],"neow_cost":"NONE","seed_source_timestamp":82887545691900,"circlet_count":0,"master_deck":["AscendersBane","Strike_R","Strike_R","Defend_R","Defend_R","Defend_R","Defend_R","Bash+1","Shockwave+1","Armaments+1","Iron Wave","Inflame+1","Infernal Blade"],"relics":["Burning Blood","NeowsBlessing","Strawberry","WingedGreaves","Meat on the Bone","Lantern"],"potions_floor_usage":[10,14],"damage_taken":[{"damage":0,"enemies":"Jaw Worm","floor":1,"turns":1},{"damage":0,"enemies":"2 Louse","floor":3,"turns":1},{"damage":0,"enemies":"Cultist","floor":7,"turns":2},{"damage":34,"enemies":"Gremlin Nob","floor":10,"turns":6},{"damage":5,"enemies":"Blue Slaver","floor":12,"turns":4},{"damage":43,"enemies":"3 Sentries","floor":14,"turns":10},{"damage":57,"enemies":"Slime Boss","floor":16,"turns":8}],"seed_played":"640109452588799360","potions_obtained":[{"floor":3,"key":"Block Potion"},{"floor":12,"key":"BloodPotion"}],"is_trial":false,"path_per_floor":["M","?","M","?","?","R","M","R","T","E","R","M","?","E","R","B"],"character_chosen":"IRONCLAD","items_purchased":[],"campfire_rested":0,"item_purchase_floors":[],"current_hp_per_floor":[78,71,77,77,77,77,80,80,87,59,59,60,57,40,40,0],"gold":227,"neow_bonus":"THREE_ENEMY_KILL","is_prod":false,"is_daily":false,"chose_seed":false,"campfire_upgraded":4,"win_rate":0,"timestamp":1551838945,"path_taken":["M","?","M","?","?","R","?","R","T","E","R","M","?","E","R","BOSS"],"build_version":"2019-01-23","purchased_purges":0,"victory":false,"max_hp_per_floor":[80,80,80,80,80,80,80,80,87,87,87,87,87,87,87,87],"card_choices":[{"not_picked":["Twin Strike","Second Wind"],"picked":"Shockwave","floor":1},{"not_picked":["Inflame","Body Slam"],"picked":"Armaments","floor":3},{"not_picked":["Perfected Strike","Dual Wield","Fire Breathing"],"picked":"SKIP","floor":7},{"not_picked":["Fire Breathing","Combust"],"picked":"Iron Wave","floor":10},{"not_picked":["Sword Boomerang","Headbutt"],"picked":"Inflame","floor":12},{"not_picked":["Perfected Strike","Reckless Charge"],"picked":"Infernal Blade","floor":14}],"player_experience":936693,"relics_obtained":[{"floor":9,"key":"Strawberry"},{"floor":10,"key":"WingedGreaves"},{"floor":14,"key":"Lantern"}],"event_choices":[{"cards_removed":["Strike_R"],"damage_healed":0,"gold_gain":0,"player_choice":"Card Removal","damage_taken":7,"max_hp_gain":0,"max_hp_loss":0,"event_name":"Golden Wing","floor":2,"gold_loss":0},{"cards_removed":["Strike_R"],"damage_healed":0,"gold_gain":0,"player_choice":"Card Removal","damage_taken":0,"max_hp_gain":0,"max_hp_loss":0,"event_name":"The Cleric","floor":4,"gold_loss":50},{"cards_removed":["Strike_R"],"damage_healed":0,"gold_gain":0,"player_choice":"Purged","damage_taken":0,"max_hp_gain":0,"max_hp_loss":0,"event_name":"Purifier","floor":5,"gold_loss":0},{"damage_healed":0,"gold_gain":0,"player_choice":"Success","damage_taken":3,"relics_obtained":["Meat on the Bone"],"max_hp_gain":0,"max_hp_loss":0,"event_name":"Scrap Ooze","floor":13,"gold_loss":0}],"is_beta":false,"boss_relics":[],"items_purged_floors":[],"is_endless":false,"potions_floor_spawned":[3,12],"killed_by":"Slime Boss","ascension_level":13}