{"gold_per_floor":[116,129,129,27,44,76,76,93,93,93,93,93,105,118,118,219,219,232,248,261,176,176,176,49,79,79,99,114,127,127,127,127,222,252,263,12,25,25,25],"floor_reached":39,"playtime":1525,"items_purged":["Strike_B","Normality"],"score":650,"play_id":"5063d3a0-6501-4dd2-a22a-ae005a585520","local_time":"20190216160539","is_ascension_mode":true,"campfire_choices":[{"data":"Zap","floor":7,"key":"SMITH"},{"data":"White Noise","floor":10,"key":"SMITH"},{"data":"Biased Cognition","floor":12,"key":"SMITH"},{"floor":15,"key":"REST"},{"data":"Fusion","floor":23,"key":"SMITH"},{"floor":30,"key":"REST"},{"floor":32,"key":"REST"}],"neow_cost":"NONE","seed_source_timestamp":33527299092300,"circlet_count":0,"master_deck":["AscendersBane","Defend_B+1","Defend_B","Zap+1","Dualcast","Biased Cognition+1","Go for the Eyes","Conserve Battery+1","White Noise+1","FTL","Cold Snap","Lockon","White Noise","Fusion+1","Electrodynamics","Aggregate+1","Static Discharge+1","Reprogram+1","Leap+1","Storm","Ball Lightning","Capacitor","Ball Lightning","Barrage","Core Surge","Redo","Coolheaded","Consume","Conserve Battery","Capacitor+1","Echo Form","Injury","Regret","Sunder+1","Barrage+1","Glacier+1","Coolheaded+1"],"relics":["Cracked Core","War Paint","Blue Candle","Astrolabe","Mango","Prayer Wheel","Pantograph","Nilry\u0027s Codex","Calling Bell","Tiny Chest","Kunai","FossilizedHelix","Art of War","Matryoshka"],"potions_floor_usage":[16,18,25,25,33],"damage_taken":[{"damage":3,"enemies":"2 Louse","floor":1,"turns":2},{"damage":0,"enemies":"Cultist","floor":2,"turns":3},{"damage":1,"enemies":"Small Slimes","floor":5,"turns":2},{"damage":35,"enemies":"Lagavulin","floor":6,"turns":6},{"damage":4,"enemies":"2 Fungi Beasts","floor":8,"turns":2},{"damage":13,"enemies":"3 Louse","floor":13,"turns":3},{"damage":0,"enemies":"Looter","floor":14,"turns":3},{"damage":5,"enemies":"Slime Boss","floor":16,"turns":8},{"damage":8,"enemies":"Chosen","floor":18,"turns":3},{"damage":0,"enemies":"Shell Parasite","floor":19,"turns":7},{"damage":18,"enemies":"Cultist and Chosen","floor":20,"turns":5},{"damage":10,"enemies":"Gremlin Leader","floor":25,"turns":5},{"damage":13,"enemies":"Sentry and Sphere","floor":27,"turns":3},{"damage":20,"enemies":"3 Cultists","floor":28,"turns":4},{"damage":3,"enemies":"Snecko","floor":29,"turns":4},{"damage":79,"enemies":"Automaton","floor":33,"turns":8},{"damage":12,"enemies":"3 Darklings","floor":35,"turns":2},{"damage":15,"enemies":"Orb Walker","floor":37,"turns":4},{"damage":46,"enemies":"Spire Growth","floor":39,"turns":4}],"seed_played":"-2301442617567895895","potions_obtained":[{"floor":8,"key":"Weak Potion"},{"floor":14,"key":"Strength Potion"},{"floor":16,"key":"Explosive Potion"},{"floor":20,"key":"Explosive Potion"},{"floor":27,"key":"FairyPotion"},{"floor":28,"key":"Swift Potion"}],"is_trial":false,"path_per_floor":["M","M","?","$","M","E","R","M","T","R","?","R","M","M","R","B",null,"M","M","M","?","?","R","$","E","T","M","M","M","R","?","R","B",null,"M","$","M","?","M"],"character_chosen":"DEFECT","items_purchased":["Conserve Battery","Capacitor","Ball Lightning","Art of War"],"campfire_rested":3,"item_purchase_floors":[4,24,24,36],"current_hp_per_floor":[65,65,65,65,64,29,29,25,25,25,25,25,12,12,34,29,64,56,56,38,52,52,52,52,42,42,29,9,6,32,16,42,8,69,57,57,42,42,0],"gold":25,"neow_bonus":"ONE_RANDOM_RARE_CARD","is_prod":false,"is_daily":false,"chose_seed":false,"campfire_upgraded":4,"win_rate":0,"timestamp":1550329539,"path_taken":["M","M","?","?","M","E","R","M","T","R","?","R","M","M","R","BOSS","M","M","M","?","?","R","$","E","T","M","M","M","R","?","R","BOSS","M","$","M","?","M"],"build_version":"2019-01-23","purchased_purges":2,"victory":false,"max_hp_per_floor":[75,75,75,75,75,75,75,75,75,75,75,75,75,75,75,75,75,75,75,75,89,89,89,89,89,89,89,89,89,89,89,89,89,89,89,89,89,89,89],"card_choices":[{"not_picked":["Sweeping Beam","Barrage"],"picked":"Go for the Eyes","floor":1},{"not_picked":["Chill","Hologram"],"picked":"White Noise","floor":2},{"not_picked":["Steam","Reprogram"],"picked":"White Noise","floor":5},{"not_picked":["Compile Driver","Aggregate"],"picked":"FTL","floor":6},{"not_picked":["Redo","Skim"],"picked":"Cold Snap","floor":8},{"not_picked":["Meteor Strike","Genetic Algorithm"],"picked":"White Noise","floor":13},{"not_picked":["Rebound","Double Energy"],"picked":"Fusion","floor":14},{"not_picked":["Biased Cognition","Creative AI"],"picked":"Electrodynamics","floor":16},{"not_picked":["Coolheaded","Sweeping Beam"],"picked":"Leap+1","floor":18},{"not_picked":["Streamline","Hello World"],"picked":"Storm","floor":19},{"not_picked":["Rebound","Genetic Algorithm"],"picked":"Ball Lightning","floor":20},{"not_picked":["Aggregate+1","Sweeping Beam"],"picked":"Barrage","floor":25},{"not_picked":["Turbo+1","Streamline"],"picked":"Core Surge","floor":27},{"not_picked":["Redo","Barrage","Recycle"],"picked":"SKIP","floor":27},{"not_picked":["Barrage","Recycle"],"picked":"Redo","floor":27},{"not_picked":["Doom and Gloom","Aggregate+1"],"picked":"Coolheaded","floor":28},{"not_picked":["Gash","Recycle"],"picked":"Consume","floor":28},{"not_picked":["Turbo","Sweeping Beam"],"picked":"Conserve Battery","floor":29},{"not_picked":["Hello World+1","Beam Cell"],"picked":"Capacitor+1","floor":29},{"not_picked":["Electrodynamics","Hyperbeam"],"picked":"Echo Form","floor":33},{"not_picked":["Steam","Rebound"],"picked":"Sunder+1","floor":35},{"not_picked":["BootSequence","Auto Shields+1"],"picked":"Barrage+1","floor":35},{"not_picked":["Coolheaded","Barrage"],"picked":"Glacier+1","floor":37},{"not_picked":["FTL","Conserve Battery+1"],"picked":"Coolheaded+1","floor":37}],"player_experience":786088,"relics_obtained":[{"floor":6,"key":"War Paint"},{"floor":9,"key":"Blue Candle"},{"floor":25,"key":"Prayer Wheel"},{"floor":26,"key":"Pantograph"},{"floor":31,"key":"Nilry\u0027s Codex"},{"floor":34,"key":"Tiny Chest"},{"floor":34,"key":"Kunai"},{"floor":34,"key":"FossilizedHelix"}],"event_choices":[{"damage_healed":0,"gold_gain":0,"player_choice":"Upgraded","damage_taken":0,"max_hp_gain":0,"max_hp_loss":0,"event_name":"Upgrade Shrine","floor":3,"gold_loss":0,"cards_upgraded":["White Noise"]},{"damage_healed":0,"gold_gain":0,"cards_transformed":["Strike_B"],"player_choice":"Change","damage_taken":0,"max_hp_gain":0,"max_hp_loss":0,"event_name":"Living Wall","floor":11,"gold_loss":0,"cards_obtained":["Lockon"]},{"damage_healed":0,"gold_gain":0,"player_choice":"Obtained Relic","damage_taken":0,"relics_obtained":["Mango"],"max_hp_gain":0,"max_hp_loss":0,"event_name":"Addict","floor":21,"gold_loss":85},{"cards_removed":["Defend_B"],"damage_healed":0,"gold_gain":0,"player_choice":"Elegance","damage_taken":0,"max_hp_gain":0,"max_hp_loss":0,"event_name":"Back to Basics","floor":22,"gold_loss":0},{"damage_healed":0,"gold_gain":0,"player_choice":"Obtained Book","damage_taken":16,"max_hp_gain":0,"max_hp_loss":0,"event_name":"Cursed Tome","floor":31,"gold_loss":0},{"cards_removed":["White Noise"],"damage_healed":0,"gold_gain":0,"player_choice":"Gave Card","damage_taken":0,"relics_obtained":["Matryoshka"],"max_hp_gain":0,"max_hp_loss":0,"event_name":"WeMeetAgain","floor":38,"gold_loss":0}],"is_beta":false,"boss_relics":[{"not_picked":["Busted Crown","Ectoplasm"],"picked":"Astrolabe"},{"not_picked":["Fusion Hammer","Snecko Eye"],"picked":"Calling Bell"}],"items_purged_floors":[4,36],"is_endless":false,"potions_floor_spawned":[8,14,16,20,27,28,29],"killed_by":"Spire Growth","ascension_level":11}