{"gold_per_floor":[118,98,109,109,122,156,156,156,205,222,40,40],"floor_reached":12,"playtime":318,"items_purged":["Strike_B"],"score":137,"play_id":"300c0c5e-d0e2-43e3-b577-a766d12a9e40","local_time":"20190521171744","is_ascension_mode":true,"campfire_choices":[{"data":"Zap","floor":8,"key":"SMITH"}],"neow_cost":"PERCENT_DAMAGE","seed_source_timestamp":670162516321100,"circlet_count":0,"master_deck":["AscendersBane","Strike_B","Strike_B","Defend_B","Defend_B","Defend_B","Defend_B","Zap+1","Dualcast","Biased Cognition","Compile Driver","Consume","Conserve Battery","Chaos","Rebound","White Noise","Coolheaded","Madness"],"relics":["Cracked Core","Centennial Puzzle","Bottled Lightning","Strawberry"],"potions_floor_usage":[6],"damage_taken":[{"damage":0,"enemies":"Cultist","floor":1,"turns":2},{"damage":0,"enemies":"Small Slimes","floor":3,"turns":2},{"damage":2,"enemies":"Jaw Worm","floor":5,"turns":3},{"damage":20,"enemies":"Lagavulin","floor":6,"turns":7},{"damage":25,"enemies":"Gremlin Gang","floor":10,"turns":3},{"damage":3,"enemies":"3 Sentries","floor":12,"turns":1}],"seed_played":"2379138192727571970","potions_obtained":[{"floor":2,"key":"GamblersBrew"},{"floor":3,"key":"Strength Potion"},{"floor":5,"key":"EssenceOfSteel"},{"floor":6,"key":"SteroidPotion"}],"is_trial":false,"path_per_floor":["M","?","M","?","M","E","?","R","T","M","$","E"],"character_chosen":"DEFECT","items_purchased":["Coolheaded","Madness"],"campfire_rested":0,"item_purchase_floors":[11,11],"current_hp_per_floor":[46,46,46,41,39,19,19,19,26,1,1,0],"gold":40,"neow_bonus":"THREE_RARE_CARDS","is_prod":false,"is_daily":false,"chose_seed":false,"campfire_upgraded":1,"win_rate":0,"timestamp":1558451864,"path_taken":["M","?","?","?","M","E","?","R","T","M","$","E"],"build_version":"2019-01-23","purchased_purges":1,"victory":false,"max_hp_per_floor":[71,71,71,71,71,71,71,71,78,78,78,78],"card_choices":[{"not_picked":["Multi-Cast","Machine Learning"],"picked":"Biased Cognition","floor":0},{"not_picked":["Barrage","Hologram"],"picked":"Compile Driver","floor":1},{"not_picked":["Steam Power","Stack"],"picked":"Consume","floor":3},{"not_picked":["Static Discharge","Cold Snap"],"picked":"Conserve Battery","floor":5},{"not_picked":["Reprogram","Conserve Battery"],"picked":"Chaos","floor":6},{"not_picked":["Gash","Ball Lightning"],"picked":"White Noise","floor":10}],"player_experience":1186476,"relics_obtained":[{"floor":6,"key":"Bottled Lightning"},{"floor":9,"key":"Strawberry"}],"event_choices":[{"damage_healed":0,"gold_gain":0,"player_choice":"Bought 1 Potion","damage_taken":0,"max_hp_gain":0,"max_hp_loss":0,"event_name":"The Woman in Blue","floor":2,"gold_loss":0},{"damage_healed":0,"gold_gain":0,"player_choice":"Success","damage_taken":5,"relics_obtained":["Centennial Puzzle"],"max_hp_gain":0,"max_hp_loss":0,"event_name":"Scrap Ooze","floor":4,"gold_loss":0},{"damage_healed":0,"gold_gain":0,"cards_transformed":["Strike_B"],"player_choice":"Change","damage_taken":0,"max_hp_gain":0,"max_hp_loss":0,"event_name":"Living Wall","floor":7,"gold_loss":0,"cards_obtained":["Rebound"]}],"is_beta":false,"boss_relics":[],"items_purged_floors":[11],"is_endless":false,"potions_floor_spawned":[3,5,6],"killed_by":"3 Sentries","ascension_level":15}