{"gold_per_floor":[116,116,0,0,16,16,41,85,110,140,215,215,234,269,269,269],"floor_reached":16,"playtime":586,"items_purged":["Strike_B"],"score":205,"play_id":"cb79590e-66b8-4a3e-a797-1b8a5b761540","local_time":"20190524182148","is_ascension_mode":true,"campfire_choices":[{"data":"Go for the Eyes","floor":6,"key":"SMITH"},{"floor":12,"key":"REST"},{"data":"Sunder","floor":15,"key":"SMITH"}],"neow_cost":"NONE","seed_source_timestamp":313813749028330,"circlet_count":0,"master_deck":["AscendersBane","Strike_B","Strike_B","Defend_B","Defend_B","Defend_B","Defend_B","Zap","Dualcast","Go for the Eyes+1","Rip and Tear","Glacier","Hologram","Sunder+1","Streamline"],"relics":["Cracked Core","Bronze Scales","Golden Idol","Anchor","Lantern","Tiny Chest","Smiling Mask"],"potions_floor_usage":[16],"damage_taken":[{"damage":2,"enemies":"Jaw Worm","floor":1,"turns":4},{"damage":0,"enemies":"Small Slimes","floor":5,"turns":3},{"damage":0,"enemies":"Cultist","floor":7,"turns":2},{"damage":18,"enemies":"Gremlin Nob","floor":8,"turns":4},{"damage":1,"enemies":"Looter","floor":13,"turns":2},{"damage":7,"enemies":"Lagavulin","floor":14,"turns":6},{"damage":17,"enemies":"Slime Boss","floor":16,"turns":5}],"seed_played":"-3237124609441753307","potions_obtained":[{"floor":1,"key":"EssenceOfSteel"},{"floor":8,"key":"Dexterity Potion"},{"floor":13,"key":"SkillPotion"}],"is_trial":false,"path_per_floor":["M","?","$","?","M","R","M","E","T","T","?","R","M","E","R","B"],"character_chosen":"DEFECT","items_purchased":["Glacier"],"campfire_rested":1,"item_purchase_floors":[3],"current_hp_per_floor":[62,57,57,33,33,33,33,15,15,15,4,25,24,17,17,0],"gold":269,"neow_bonus":"TRANSFORM_CARD","is_prod":false,"is_daily":false,"chose_seed":false,"campfire_upgraded":2,"win_rate":0,"timestamp":1558718508,"path_taken":["M","?","$","?","M","R","M","E","T","?","?","R","M","E","R","BOSS"],"build_version":"2019-01-23","purchased_purges":1,"victory":false,"max_hp_per_floor":[71,71,71,71,71,71,71,71,71,71,71,71,71,71,71,71],"card_choices":[{"not_picked":["White Noise","Hologram"],"picked":"Rip and Tear","floor":1},{"not_picked":["Leap","Lockon"],"picked":"Hologram","floor":5},{"not_picked":["Gash","Go for the Eyes"],"picked":"Sunder","floor":7},{"not_picked":["Coolheaded","Compile Driver"],"picked":"Streamline","floor":8},{"not_picked":["Barrage","Meteor Strike","Reinforced Body"],"picked":"SKIP","floor":13},{"not_picked":["Turbo","Go for the Eyes","Leap"],"picked":"SKIP","floor":14}],"player_experience":1044795,"relics_obtained":[{"floor":8,"key":"Anchor"},{"floor":9,"key":"Lantern"},{"floor":10,"key":"Tiny Chest"},{"floor":14,"key":"Smiling Mask"}],"event_choices":[{"damage_healed":0,"gold_gain":0,"player_choice":"Success","damage_taken":5,"relics_obtained":["Bronze Scales"],"max_hp_gain":0,"max_hp_loss":0,"event_name":"Scrap Ooze","floor":2,"gold_loss":0},{"damage_healed":0,"gold_gain":0,"player_choice":"Take Damage","damage_taken":24,"relics_obtained":["Golden Idol"],"max_hp_gain":0,"max_hp_loss":0,"event_name":"Golden Idol","floor":4,"gold_loss":0},{"damage_healed":0,"gold_gain":75,"player_choice":"Gather Gold","damage_taken":11,"max_hp_gain":0,"max_hp_loss":0,"event_name":"World of Goop","floor":11,"gold_loss":0}],"is_beta":false,"boss_relics":[],"items_purged_floors":[3],"is_endless":false,"potions_floor_spawned":[1,8,13],"killed_by":"Slime Boss","ascension_level":18}