{"gold_per_floor":[117,117,117,138,67,67,67,67,91,58,93,114,114,155,155,253,253,274,274,293,43,43,69,69,69,93,106,106,106,122,132,132,132],"floor_reached":33,"playtime":1929,"items_purged":[],"score":562,"play_id":"ef9fc8db-9c77-4840-adec-6e8b2ec16df8","local_time":"20190711182726","is_ascension_mode":true,"campfire_choices":[{"data":"Noxious Fumes","floor":6,"key":"SMITH"},{"data":"Endless Agony","floor":8,"key":"SMITH"},{"data":"Caltrops","floor":13,"key":"SMITH"},{"data":"Malaise","floor":15,"key":"SMITH"},{"data":"A Thousand Cuts","floor":24,"key":"SMITH"},{"floor":29,"key":"REST"},{"data":"Cloak And Dagger","floor":32,"key":"SMITH"}],"neow_cost":"NONE","seed_source_timestamp":73905878375776,"circlet_count":0,"master_deck":["AscendersBane","Strike_G","Strike_G","Strike_G","Defend_G","Defend_G+1","Defend_G","Defend_G+1","Survivor","Neutralize","Leg Sweep","Adrenaline","Endless Agony+1","Noxious Fumes+1","Caltrops+1","Malaise+1","A Thousand Cuts+1","Deadly Poison","Backflip","Escape Plan","Shame","Cloak And Dagger+1","Escape Plan"],"relics":["Empty Cage","Bloody Idol","Gremlin Horn","War Paint","PreservedInsect","Thread and Needle","Lizard Tail","Kunai","Blood Vial","Smiling Mask","Strawberry"],"potions_floor_usage":[23,23,31],"damage_taken":[{"damage":2,"enemies":"Small Slimes","floor":1,"turns":5},{"damage":0,"enemies":"2 Louse","floor":4,"turns":3},{"damage":22,"enemies":"Gremlin Nob","floor":11,"turns":6},{"damage":0,"enemies":"Jaw Worm","floor":12,"turns":4},{"damage":12,"enemies":"3 Sentries","floor":14,"turns":7},{"damage":0,"enemies":"Hexaghost","floor":16,"turns":10},{"damage":0,"enemies":"3 Byrds","floor":18,"turns":1},{"damage":1,"enemies":"Chosen","floor":20,"turns":6},{"damage":23,"enemies":"Slavers","floor":23,"turns":6},{"damage":30,"enemies":"Sentry and Sphere","floor":27,"turns":8},{"damage":0,"enemies":"Snake Plant","floor":30,"turns":5},{"damage":0,"enemies":"Snecko","floor":31,"turns":6},{"damage":109,"enemies":"Automaton","floor":33,"turns":18}],"seed_played":"-2749008173824169328","potions_obtained":[{"floor":4,"key":"SpeedPotion"},{"floor":11,"key":"FearPotion"},{"floor":27,"key":"Swift Potion"}],"is_trial":false,"path_per_floor":["M","?","?","M","$","R","?","R","T","$","E","M","R","E","R","B",null,"M","?","M","$","?","E","R","?","T","M","?","R","M","M","R","B"],"character_chosen":"THE_SILENT","items_purchased":["Noxious Fumes","Caltrops","Kunai"],"campfire_rested":1,"item_purchase_floors":[5,10,21],"current_hp_per_floor":[57,57,57,57,57,57,46,46,46,46,24,24,24,12,12,12,48,48,48,52,52,52,34,34,34,46,23,13,33,40,47,47,0],"gold":132,"neow_bonus":"BOSS_RELIC","is_prod":false,"is_daily":false,"chose_seed":false,"campfire_upgraded":6,"win_rate":0,"timestamp":1562866046,"path_taken":["M","?","?","M","$","R","?","R","T","$","E","M","R","E","R","BOSS","M","?","M","$","?","E","R","?","T","?","?","R","?","M","R","BOSS"],"build_version":"2019-07-05","purchased_purges":0,"victory":false,"max_hp_per_floor":[66,66,60,60,60,60,60,60,60,60,60,60,60,60,60,60,60,60,60,60,60,60,60,60,60,67,67,67,67,67,67,67,67],"card_choices":[{"not_picked":["Deflect","Blade Dance"],"picked":"Leg Sweep","floor":1},{"not_picked":["Leg Sweep","Tactician"],"picked":"Endless Agony","floor":4},{"not_picked":["Dagger Spray","Slice","Blur"],"picked":"SKIP","floor":11},{"not_picked":["Slice","Distraction","Sucker Punch"],"picked":"SKIP","floor":12},{"not_picked":["Acrobatics","Flying Knee"],"picked":"Malaise","floor":14},{"not_picked":["Bullet Time","Venomology"],"picked":"A Thousand Cuts","floor":16},{"not_picked":["Quick Slash+1","Dagger Spray"],"picked":"Deadly Poison","floor":18},{"not_picked":["Caltrops","Acrobatics"],"picked":"Backflip","floor":20},{"not_picked":["Outmaneuver","Accuracy+1"],"picked":"Escape Plan","floor":23},{"not_picked":["Underhanded Strike","Terror","Outmaneuver"],"picked":"SKIP","floor":27},{"not_picked":["Glass Knife","Dagger Throw"],"picked":"Cloak And Dagger","floor":30},{"not_picked":["Dagger Spray+1","Bane"],"picked":"Escape Plan","floor":31}],"player_experience":1162584,"relics_obtained":[{"floor":9,"key":"War Paint"},{"floor":11,"key":"PreservedInsect"},{"floor":14,"key":"Thread and Needle"},{"floor":23,"key":"Blood Vial"},{"floor":26,"key":"Strawberry"}],"event_choices":[{"damage_healed":0,"gold_gain":0,"cards_transformed":["Strike_G"],"player_choice":"Change","damage_taken":0,"max_hp_gain":0,"max_hp_loss":0,"event_name":"Living Wall","floor":2,"gold_loss":0,"cards_obtained":["Adrenaline"]},{"damage_healed":0,"gold_gain":0,"player_choice":"Lose Max HP","damage_taken":0,"relics_obtained":["Golden Idol"],"max_hp_gain":0,"max_hp_loss":6,"event_name":"Golden Idol","floor":3,"gold_loss":0},{"damage_healed":0,"gold_gain":0,"player_choice":"Success","damage_taken":11,"relics_obtained":["Gremlin Horn"],"max_hp_gain":0,"max_hp_loss":0,"event_name":"Scrap Ooze","floor":7,"gold_loss":0},{"damage_healed":0,"gold_gain":0,"player_choice":"Gave Idol","damage_taken":0,"relics_obtained":["Bloody Idol"],"max_hp_gain":0,"max_hp_loss":0,"event_name":"Forgotten Altar","floor":19,"relics_lost":["Golden Idol"],"gold_loss":0},{"damage_healed":0,"gold_gain":0,"player_choice":"Ignored","damage_taken":0,"max_hp_gain":0,"max_hp_loss":0,"event_name":"Vampires","floor":22,"gold_loss":0},{"damage_healed":0,"gold_gain":0,"player_choice":"Stole Relic","damage_taken":0,"relics_obtained":["Smiling Mask"],"max_hp_gain":0,"max_hp_loss":0,"event_name":"Addict","floor":25,"gold_loss":0,"cards_obtained":["Shame"]},{"damage_healed":0,"gold_gain":0,"player_choice":"Damaged","damage_taken":10,"max_hp_gain":0,"max_hp_loss":0,"event_name":"Wheel of Change","floor":28,"gold_loss":0}],"is_beta":false,"boss_relics":[{"not_picked":["Snecko Eye","Runic Dome"],"picked":"Lizard Tail"}],"items_purged_floors":[],"is_endless":false,"potions_floor_spawned":[4,11,12,18,27],"killed_by":"Automaton","ascension_level":15}