{"gold_per_floor":[367,63,78,93,109,142,142,161,161,161,186,206,218,293,293,398,398,417,692,27,45,62,88,33,45,45,45,45,45,45,45,45,149,149,163,178,178,178],"floor_reached":38,"playtime":19475,"items_purged":["Pain","Regret"],"score":743,"play_id":"8ebb779c-a08b-4887-806d-69aa49694818","local_time":"20190216050446","is_ascension_mode":true,"campfire_choices":[{"data":"Zap","floor":7,"key":"SMITH"},{"data":"Buffer","floor":10,"key":"SMITH"},{"data":"Consume","floor":15,"key":"SMITH"},{"floor":30,"key":"REST"},{"floor":32,"key":"REST"}],"neow_cost":"CURSE","seed_source_timestamp":348087336456400,"circlet_count":0,"master_deck":["AscendersBane","Defend_B","Defend_B","Defend_B","Defend_B","Zap+1","Dualcast","Leap","Reinforced Body","Coolheaded","Compile Driver","Undo","Sweeping Beam","Buffer+1","Conserve Battery","Skim","Consume+1","Electrodynamics","Hyperbeam+1","Fission+1","Fusion+1","Conserve Battery+1","Double Energy+1","Defragment","Chrysalis","Doom and Gloom+1","Stack","Aggregate","Bite","Bite","Bite","Bite","Bite","Rainbow","Hologram+1","Redo+1"],"relics":["Cracked Core","Lee\u0027s Waffle","Mercury Hourglass","Ornamental Fan","Astrolabe","Kunai","Regal Pillow","Tiny Chest","Mummified Hand","Smiling Mask","Eternal Feather"],"potions_floor_usage":[5,6,13,25,33,35],"damage_taken":[{"damage":13,"enemies":"Cultist","floor":1,"turns":4},{"damage":0,"enemies":"Small Slimes","floor":3,"turns":4},{"damage":0,"enemies":"2 Louse","floor":4,"turns":4},{"damage":0,"enemies":"Looter","floor":5,"turns":4},{"damage":8,"enemies":"3 Sentries","floor":6,"turns":9},{"damage":8,"enemies":"2 Fungi Beasts","floor":8,"turns":4},{"damage":0,"enemies":"Gremlin Nob","floor":11,"turns":4},{"damage":0,"enemies":"Blue Slaver","floor":12,"turns":4},{"damage":0,"enemies":"Lots of Slimes","floor":13,"turns":3},{"damage":43,"enemies":"Hexaghost","floor":16,"turns":15},{"damage":0,"enemies":"Spheric Guardian","floor":18,"turns":5},{"damage":9,"enemies":"3 Byrds","floor":21,"turns":2},{"damage":36,"enemies":"Snecko","floor":22,"turns":6},{"damage":11,"enemies":"Gremlin Leader","floor":23,"turns":8},{"damage":16,"enemies":"Snake Plant","floor":25,"turns":4},{"damage":90,"enemies":"Collector","floor":33,"turns":14},{"damage":14,"enemies":"Orb Walker","floor":35,"turns":5},{"damage":24,"enemies":"3 Shapes","floor":36,"turns":3},{"damage":44,"enemies":"Spire Growth","floor":38,"turns":4}],"seed_played":"4699920082260877442","potions_obtained":[{"floor":3,"key":"Swift Potion"},{"floor":4,"key":"FocusPotion"},{"floor":8,"key":"SpeedPotion"},{"floor":18,"key":"Strength Potion"},{"floor":23,"key":"Strength Potion"},{"floor":25,"key":"FocusPotion"},{"floor":33,"key":"Dexterity Potion"}],"is_trial":false,"path_per_floor":["M","$","M","M","M","E","R","M","T","R","E","M","M","?","R","B",null,"M","?","$","M","M","E","?","M","T","?","?","$","R","?","R","B",null,"M","M","?","M"],"character_chosen":"DEFECT","items_purchased":["Lee\u0027s Waffle","Reinforced Body","Double Energy","Defragment","Chrysalis","Kunai"],"campfire_rested":2,"item_purchase_floors":[2,2,20,20,20,20],"current_hp_per_floor":[55,82,82,82,82,74,74,68,68,68,70,72,74,63,63,22,67,69,69,69,62,28,19,19,5,5,5,5,5,44,44,82,12,65,59,37,37,0],"gold":178,"neow_bonus":"TWO_FIFTY_GOLD","is_prod":false,"is_daily":false,"chose_seed":false,"campfire_upgraded":3,"win_rate":0,"timestamp":1550289886,"path_taken":["M","$","M","M","M","E","R","M","T","R","E","M","M","?","R","BOSS","M","?","$","M","?","E","?","M","T","?","?","?","R","?","R","BOSS","M","?","?","M"],"build_version":"2019-01-23","purchased_purges":2,"victory":false,"max_hp_per_floor":[75,82,82,82,82,82,82,82,82,82,82,82,82,82,82,82,82,82,82,82,82,82,82,82,82,82,82,82,82,82,82,82,82,82,82,82,82,82],"card_choices":[{"not_picked":["Tempest","Reinforced Body"],"picked":"Leap","floor":1},{"not_picked":["Tempest","Rip and Tear"],"picked":"Coolheaded","floor":3},{"not_picked":["Gash","Turbo"],"picked":"Compile Driver","floor":4},{"not_picked":["Blizzard","Stack"],"picked":"Undo","floor":5},{"not_picked":["Aggregate","Hologram"],"picked":"Sweeping Beam","floor":6},{"not_picked":["Blizzard","Conserve Battery"],"picked":"Buffer","floor":8},{"not_picked":["Redo","Glacier"],"picked":"Conserve Battery","floor":11},{"not_picked":["Recycle","Beam Cell"],"picked":"Skim","floor":12},{"not_picked":["Cold Snap","Steam"],"picked":"Consume","floor":13},{"not_picked":["Creative AI","Machine Learning"],"picked":"Electrodynamics","floor":16},{"not_picked":["Barrage","Beam Cell"],"picked":"Conserve Battery+1","floor":18},{"not_picked":["Sweeping Beam","Go for the Eyes"],"picked":"Doom and Gloom+1","floor":21},{"not_picked":["Scrape","Fission"],"picked":"Stack","floor":22},{"not_picked":["Rebound+1","Turbo","Recycle"],"picked":"SKIP","floor":23},{"not_picked":["Turbo+1","Barrage"],"picked":"Aggregate","floor":25},{"not_picked":["Electrodynamics","All For One"],"picked":"Rainbow","floor":33},{"not_picked":["Streamline+1","Heatsinks+1"],"picked":"Hologram+1","floor":35},{"not_picked":["FTL","Compile Driver"],"picked":"Redo+1","floor":36}],"player_experience":762105,"relics_obtained":[{"floor":6,"key":"Blood Vial"},{"floor":9,"key":"Mercury Hourglass"},{"floor":11,"key":"Ornamental Fan"},{"floor":23,"key":"Regal Pillow"},{"floor":26,"key":"Mummified Hand"}],"event_choices":[{"damage_healed":0,"gold_gain":75,"player_choice":"Gather Gold","damage_taken":11,"max_hp_gain":0,"max_hp_loss":0,"event_name":"World of Goop","floor":14,"gold_loss":0},{"damage_healed":0,"gold_gain":275,"player_choice":"Desecrate","damage_taken":0,"max_hp_gain":0,"max_hp_loss":0,"event_name":"Golden Shrine","floor":19,"gold_loss":0,"cards_obtained":["Regret"]},{"damage_healed":0,"gold_gain":0,"player_choice":"Obtained Relic","damage_taken":0,"relics_obtained":["Tiny Chest"],"max_hp_gain":0,"max_hp_loss":0,"event_name":"Addict","floor":24,"gold_loss":85},{"damage_healed":0,"gold_gain":0,"player_choice":"Ignored","damage_taken":0,"max_hp_gain":0,"max_hp_loss":0,"event_name":"Beggar","floor":27,"gold_loss":0},{"damage_healed":0,"gold_gain":0,"player_choice":"Became a vampire (Vial)","damage_taken":0,"max_hp_gain":0,"max_hp_loss":0,"event_name":"Vampires","floor":28,"relics_lost":["Blood Vial"],"gold_loss":0,"cards_obtained":["Bite","Bite","Bite","Bite","Bite"]},{"damage_healed":0,"gold_gain":0,"player_choice":"Gave Potion","damage_taken":0,"relics_obtained":["Smiling Mask"],"max_hp_gain":0,"max_hp_loss":0,"event_name":"WeMeetAgain","floor":31,"gold_loss":0},{"damage_healed":0,"gold_gain":0,"player_choice":"Forge","damage_taken":0,"max_hp_gain":0,"max_hp_loss":0,"event_name":"Accursed Blacksmith","floor":37,"gold_loss":0,"cards_upgraded":["Double Energy"]}],"is_beta":false,"boss_relics":[{"not_picked":["White Beast Statue","Black Star"],"picked":"Astrolabe"},{"not_picked":["Snecko Eye","Philosopher\u0027s Stone"],"picked":"Eternal Feather"}],"items_purged_floors":[2,20],"is_endless":false,"potions_floor_spawned":[3,4,8,18,23,25,33],"killed_by":"Spire Growth","ascension_level":11}