{"gold_per_floor":[109,34,34,184,20,20,40,40,63,83,99,119,119],"floor_reached":13,"playtime":293,"items_purged":["Doubt"],"score":135,"play_id":"198e1cac-ce03-4bc7-a40a-bf372ee4b806","local_time":"20190520012151","is_ascension_mode":true,"campfire_choices":[{"data":"Inflame","floor":6,"key":"SMITH"},{"data":"Body Slam","floor":8,"key":"SMITH"}],"neow_cost":"NONE","seed_source_timestamp":526436788145500,"circlet_count":0,"master_deck":["AscendersBane","Strike_R","Strike_R+1","Strike_R","Strike_R+1","Defend_R","Defend_R","Defend_R","Defend_R","Bash","Berserk","Inflame+1","Injury","Second Wind","Body Slam+1","Shrug It Off","Armaments","Feel No Pain"],"relics":["Burning Blood","Golden Idol","Whetstone"],"potions_floor_usage":[10,13],"damage_taken":[{"damage":13,"enemies":"Jaw Worm","floor":1,"turns":5},{"damage":6,"enemies":"2 Louse","floor":7,"turns":3},{"damage":12,"enemies":"Small Slimes","floor":10,"turns":2},{"damage":4,"enemies":"Looter","floor":11,"turns":4},{"damage":28,"enemies":"Exordium Wildlife","floor":12,"turns":4},{"damage":48,"enemies":"Gremlin Nob","floor":13,"turns":5}],"seed_played":"6724034616974510469","potions_obtained":[{"floor":7,"key":"AttackPotion"},{"floor":11,"key":"SpeedPotion"}],"is_trial":false,"path_per_floor":["M","?","?","?","$","R","M","R","T","M","M","M","E"],"character_chosen":"IRONCLAD","items_purchased":["Second Wind"],"campfire_rested":0,"item_purchase_floors":[5],"current_hp_per_floor":[61,61,61,61,61,61,61,61,61,55,57,35,0],"gold":119,"neow_bonus":"ONE_RANDOM_RARE_CARD","is_prod":false,"is_daily":false,"chose_seed":false,"campfire_upgraded":2,"win_rate":0,"timestamp":1558308111,"path_taken":["M","?","?","?","$","R","M","R","T","M","M","M","E"],"build_version":"2019-01-23","purchased_purges":1,"victory":false,"max_hp_per_floor":[75,75,75,75,75,75,75,75,75,75,75,75,75],"card_choices":[{"not_picked":["Iron Wave","Entrench"],"picked":"Inflame","floor":1},{"not_picked":["Sever Soul","Perfected Strike"],"picked":"Body Slam","floor":7},{"not_picked":["Body Slam","Iron Wave"],"picked":"Shrug It Off","floor":10},{"not_picked":["Sword Boomerang","Perfected Strike"],"picked":"Armaments","floor":11},{"not_picked":["Perfected Strike","Armaments"],"picked":"Feel No Pain","floor":12}],"player_experience":1162044,"relics_obtained":[{"floor":9,"key":"Whetstone"}],"event_choices":[{"cards_removed":["Strike_R"],"damage_healed":0,"gold_gain":0,"player_choice":"Card Removal","damage_taken":0,"max_hp_gain":0,"max_hp_loss":0,"event_name":"The Cleric","floor":2,"gold_loss":75},{"damage_healed":0,"gold_gain":0,"player_choice":"Take Wound","damage_taken":0,"relics_obtained":["Golden Idol"],"max_hp_gain":0,"max_hp_loss":0,"event_name":"Golden Idol","floor":3,"gold_loss":0,"cards_obtained":["Injury"]},{"damage_healed":0,"gold_gain":150,"player_choice":"AGREE","damage_taken":0,"max_hp_gain":0,"max_hp_loss":0,"event_name":"Liars Game","floor":4,"gold_loss":0,"cards_obtained":["Doubt"]}],"is_beta":false,"boss_relics":[],"items_purged_floors":[5],"is_endless":false,"potions_floor_spawned":[7,11],"killed_by":"Gremlin Nob","ascension_level":16}