{"path_per_floor":["M","?","$","?","T","R","E","R","T","R","$","E","M","$","R","B",null,"M","$","?","M","$","E","R","M","T","?","M","R","E","$","R","B",null,"M","M","$","?","?","E","T","R","T","?","R","M","M","?","R","B"],"character_chosen":"DEFECT","items_purchased":["Melter","Capacitor","White Noise","Static Discharge","Toxic Egg 2","Finesse+1"],"gold_per_floor":[115,115,44,119,119,119,149,149,223,223,75,102,121,51,51,152,152,167,92,342,355,11,36,36,54,54,54,65,65,95,0,0,104,104,123,136,11,11,11,43,43,43,43,43,43,56,73,73,73,73],"floor_reached":51,"campfire_rested":5,"playtime":3787,"item_purchase_floors":[],"current_hp_per_floor":[74,74,74,63,63,63,43,43,43,69,69,53,53,53,53,43,92,80,80,80,42,42,15,42,14,14,14,3,30,12,12,39,1,92,75,75,75,75,92,60,60,60,60,60,89,89,69,69,69,24],"items_purged":["Strike_B","Regret","Defend_B"],"gold":73,"score":748,"play_id":"0b3032bf-d852-49d8-acec-afec5b33b8ee","local_time":"20180614231733","is_prod":false,"is_daily":false,"chose_seed":false,"is_ascension_mode":true,"campfire_upgraded":5,"win_rate":0,"timestamp":1529014653,"campfire_choices":[{"data":"Zap","floor":6.0,"key":"SMITH"},{"data":"Melter","floor":8.0,"key":"SMITH"},{"floor":10.0,"key":"REST"},{"data":"Loop","floor":15.0,"key":"SMITH"},{"floor":24.0,"key":"REST"},{"floor":29.0,"key":"REST"},{"floor":32.0,"key":"REST"},{"data":"Machine Learning","floor":42,"key":"SMITH"},{"floor":45,"key":"REST"},{"data":"Defragment","floor":49,"key":"SMITH"}],"path_taken":["M","?","$","?","?","R","E","R","T","R","$","E","?","$","R","BOSS","M","$","?","M","$","E","R","M","T","?","M","R","E","$","R","BOSS","M","M","$","?","?","E","?","R","T","?","R","M","?","?","R","BOSS"],"build_version":"2018-06-07v3","seed_source_timestamp":0,"purchased_purges":3,"victory":true,"master_deck":["Strike_B","Strike_B","Defend_B","Defend_B","Defend_B","Zap+1","Dualcast","Compile Driver","Melter","Melter+1","Capacitor","White Noise","Tempest","Loop+1","Static Discharge","Seek","Fusion","Beam Cell+1","Ball Lightning","Hologram+1","Auto Shields+1","Force Field+1","Stack+1","Decay","Go for the Eyes","Tempest+1","Force Field+1","Finesse+1","Machine Learning+1","Storm+1","Chaos+1","Cold Snap+1","Writhe","Streamline+1","Storm+1","Defragment+1","Storm+1"],"max_hp_per_floor":[75,75,75,75,75,75,87,87,87,87,87,87,87,87,87,92,92,92,92,92,92,92,92,92,92,92,92,92,92,92,92,92,92,92,92,92,92,92,92,97,97,97,97,97,97,97,97,97,97,97],"relics":["Cracked Core","Potion Belt","Prayer Wheel","Strawberry","Gremlin Horn","Mummified Hand","White Beast Statue","Toxic Egg 2","Dodecahedron","Anchor","Bronze Scales","Inserter","Omamori","Question Card","Centennial Puzzle","Dead Branch"],"card_choices":[{"not_picked":["Sunder","Redo"],"picked":"Compile Driver","floor":1.0},{"not_picked":["Gash","Stack"],"picked":"Melter","floor":7.0},{"not_picked":["Go for the Eyes","Beam Cell"],"picked":"Tempest","floor":12.0},{"not_picked":["Ball Lightning","Tempest"],"picked":"Loop","floor":13.0},{"not_picked":["Sweeping Beam","Steam Power","Coolheaded"],"picked":"SKIP","floor":13.0},{"not_picked":["Sweeping Beam","Steam Power","Coolheaded"],"picked":"SKIP","floor":13.0},{"not_picked":["Rainbow","Thunder Strike"],"picked":"Seek","floor":16.0},{"not_picked":["Gash+1","Reprogram"],"picked":"Fusion","floor":18.0},{"not_picked":["Gash","Leap"],"picked":"Beam Cell+1","floor":18.0},{"not_picked":["Steam","FTL"],"picked":"Ball Lightning","floor":21.0},{"not_picked":["Undo+1","Sweeping Beam"],"picked":"Hologram+1","floor":21.0},{"not_picked":["Machine Learning","Cold Snap+1"],"picked":"Auto Shields+1","floor":23.0},{"not_picked":["Lockon","Rebound+1"],"picked":"Force Field+1","floor":25.0},{"not_picked":["Barrage","Lockon+1"],"picked":"Stack+1","floor":25.0},{"not_picked":["Coolheaded+1","Steam Power+1"],"picked":"Go for the Eyes","floor":28.0},{"not_picked":["Reprogram+1","Coolheaded+1"],"picked":"Tempest+1","floor":28.0},{"not_picked":["Genetic Algorithm+1","Redo+1"],"picked":"Force Field+1","floor":30.0},{"not_picked":["Fission+1","Rainbow+1"],"picked":"Machine Learning","floor":33.0},{"not_picked":["Compile Driver","Auto Shields+1"],"picked":"Storm+1","floor":35.0},{"not_picked":["Gash+1","Capacitor+1","Turbo+1"],"picked":"SKIP","floor":35.0},{"not_picked":["Hologram+1","Compile Driver+1"],"picked":"Chaos+1","floor":36.0},{"not_picked":["Static Discharge","Gash"],"picked":"Cold Snap+1","floor":36.0},{"not_picked":["Compile Driver+1","Steam+1"],"picked":"Streamline+1","floor":40},{"not_picked":["Hologram+1","Fusion+1","Conserve Battery+1"],"picked":"Storm+1","floor":44},{"not_picked":["Lockon+1","Conserve Battery+1","Gash"],"picked":"Defragment","floor":46},{"not_picked":["Echo Form","Sweeping Beam+1","Auto Shields+1","Steam Power+1"],"picked":"SKIP","floor":46},{"not_picked":["Static Discharge+1","Auto Shields+1","Go for the Eyes+1"],"picked":"Storm+1","floor":47},{"not_picked":["Hello World","Rebound+1","Capacitor","Melter+1"],"picked":"SKIP","floor":47}],"player_experience":434857,"potions_floor_usage":[44,50,50],"damage_taken":[{"damage":1.0,"enemies":"Jaw Worm","floor":1.0,"turns":3.0},{"damage":32.0,"enemies":"Gremlin Nob","floor":7.0,"turns":4.0},{"damage":16.0,"enemies":"Lagavulin","floor":12.0,"turns":5.0},{"damage":0.0,"enemies":"Cultist","floor":13.0,"turns":2.0},{"damage":15.0,"enemies":"Slime Boss","floor":16.0,"turns":7.0},{"damage":19.0,"enemies":"Chosen","floor":18.0,"turns":5.0},{"damage":38.0,"enemies":"2 Thieves","floor":21.0,"turns":4.0},{"damage":27.0,"enemies":"Slavers","floor":23.0,"turns":4.0},{"damage":28.0,"enemies":"Slaver and Parasite","floor":25.0,"turns":5.0},{"damage":11.0,"enemies":"Snake Plant","floor":28.0,"turns":3.0},{"damage":32.0,"enemies":"Book of Stabbing","floor":30.0,"turns":5.0},{"damage":38.0,"enemies":"Automaton","floor":33.0,"turns":11.0},{"damage":17.0,"enemies":"3 Darklings","floor":35.0,"turns":6.0},{"damage":0.0,"enemies":"Orb Walker","floor":36.0,"turns":4.0},{"damage":37.0,"enemies":"Giant Head","floor":40.0,"turns":9.0},{"damage":0,"floor":44,"turns":7},{"damage":0,"enemies":"Sphere and 2 Shapes","floor":46,"turns":3},{"damage":20,"enemies":"Maw","floor":47,"turns":5},{"damage":52,"enemies":"Time Eater","floor":50,"turns":8}],"relics_obtained":[{"floor":5.0,"key":"Prayer Wheel"},{"floor":7.0,"key":"Strawberry"},{"floor":9.0,"key":"Gremlin Horn"},{"floor":12.0,"key":"Mummified Hand"},{"floor":23.0,"key":"Dodecahedron"},{"floor":26.0,"key":"Anchor"},{"floor":30.0,"key":"Bronze Scales"},{"floor":40,"key":"Omamori"},{"floor":41,"key":"Question Card"},{"floor":43,"key":"Centennial Puzzle"},{"floor":44,"key":"Dead Branch"}],"event_choices":[{"event_name":"The Lab","player_choice":"Got Potions","floor":2.0,"damage_taken":0.0},{"event_name":"World of Goop","player_choice":"Gather Gold","floor":4.0,"damage_taken":0.0},{"event_name":"Golden Shrine","player_choice":"Desecrate","floor":20.0,"damage_taken":0.0},{"event_name":"Forgotten Altar","player_choice":"Smashed Altar","floor":27.0,"damage_taken":0.0},{"event_name":"Falling","player_choice":"Removed Attack","floor":38.0,"damage_taken":0.0},{"event_name":"Winding Halls","player_choice":"Writhe","floor":39.0,"damage_taken":0.0},{"event_name":"MindBloom","player_choice":"Fight","floor":44,"damage_taken":0},{"event_name":"Mysterious Sphere","player_choice":"Ignore","floor":48,"damage_taken":0}],"boss_relics":[{"not_picked":["Ectoplasm","Philosopher\u0027s Stone"],"picked":"White Beast Statue"},{"not_picked":["Velvet Choker","Astrolabe"],"picked":"Inserter"}],"items_purged_floors":[],"potions_floor_spawned":[1,12,13,16,18,21,23,25,28,30,33,35,36,40,44,46,47],"seed_played":"3631481265502499155","ascension_level":1,"potions_obtained":[{"floor":1.0,"key":"SteroidPotion"},{"floor":2.0,"key":"Fruit Juice"},{"floor":2.0,"key":"FairyPotion"},{"floor":2.0,"key":"EssenceOfSteel"},{"floor":12.0,"key":"GamblersBrew"},{"floor":13.0,"key":"Fruit Juice"},{"floor":16.0,"key":"LiquidBronze"},{"floor":18.0,"key":"Fire Potion"},{"floor":21.0,"key":"PowerPotion"},{"floor":23.0,"key":"LiquidBronze"},{"floor":25.0,"key":"Ancient Potion"},{"floor":28.0,"key":"Regen Potion"},{"floor":30.0,"key":"FearPotion"},{"floor":33.0,"key":"Ancient Potion"},{"floor":36.0,"key":"Fruit Juice"},{"floor":40,"key":"Explosive Potion"},{"floor":44,"key":"Fire Potion"},{"floor":47,"key":"Fire Potion"}],"is_trial":false}