{"gold_per_floor":[113,131,150,165,176,176,176,176,203,203,221,241,95,114,114,212,212,232,232,246,55,67,67,98,98,98,98,116,128,128,145,145,145],"floor_reached":33,"playtime":1650,"items_purged":["Strike_B"],"score":355,"play_id":"5b09e88d-ad52-4e12-8d9b-6d661963649d","local_time":"20191012134806","is_ascension_mode":true,"campfire_choices":[{"data":"Zap","floor":6,"key":"SMITH"},{"floor":10,"key":"REST"},{"floor":15,"key":"REST"},{"data":"Fission","floor":23,"key":"SMITH"},{"data":"Capacitor","floor":25,"key":"SMITH"},{"floor":32,"key":"REST"}],"neow_cost":"NONE","seed_source_timestamp":149130782558724,"circlet_count":0,"master_deck":["Zap+1","Dualcast","Leap","Darkness","Ball Lightning","Sweeping Beam","Genetic Algorithm","Compile Driver","Streamline","Loop","Capacitor+1","Conserve Battery","Reinforced Body","Fission+1","Creative AI","Streamline","Consume","Glacier","Leap+1","Fusion","Cold Snap","Steam+1","Genetic Algorithm","Biased Cognition","Self Repair","Echo Form"],"relics":["Cracked Core","DataDisk","Dream Catcher","Pandora\u0027s Box","Boot","Lee\u0027s Waffle","Bag of Marbles","Sundial"],"potions_floor_usage":[5,5,14,24,29,33,33],"damage_taken":[{"damage":0,"enemies":"Small Slimes","floor":1,"turns":3},{"damage":1,"enemies":"Jaw Worm","floor":2,"turns":5},{"damage":0,"enemies":"Cultist","floor":3,"turns":4},{"damage":8,"enemies":"Red Slaver","floor":4,"turns":4},{"damage":16,"enemies":"Exordium Thugs","floor":5,"turns":4},{"damage":3,"enemies":"Blue Slaver","floor":11,"turns":3},{"damage":21,"enemies":"Exordium Wildlife","floor":12,"turns":4},{"damage":0,"enemies":"2 Fungi Beasts","floor":14,"turns":3},{"damage":31,"enemies":"The Guardian","floor":16,"turns":9},{"damage":13,"enemies":"2 Thieves","floor":18,"turns":5},{"damage":0,"enemies":"Shell Parasite","floor":20,"turns":7},{"damage":18,"enemies":"Shelled Parasite and Fungi","floor":22,"turns":9},{"damage":24,"enemies":"Slavers","floor":24,"turns":6},{"damage":20,"enemies":"Centurion and Healer","floor":28,"turns":9},{"damage":0,"enemies":"Chosen and Byrds","floor":29,"turns":7},{"damage":3,"enemies":"Snake Plant","floor":31,"turns":5},{"damage":50,"enemies":"Collector","floor":33,"turns":5}],"seed_played":"-6528750284112202744","potions_obtained":[{"floor":2,"key":"Block Potion"},{"floor":3,"key":"AttackPotion"},{"floor":4,"key":"FearPotion"},{"floor":11,"key":"Ancient Potion"},{"floor":14,"key":"Block Potion"},{"floor":16,"key":"Swift Potion"},{"floor":22,"key":"FocusPotion"},{"floor":28,"key":"FearPotion"},{"floor":29,"key":"Swift Potion"}],"is_trial":false,"path_per_floor":["M","M","M","M","M","R","?","?","T","R","M","M","$","M","R","B",null,"M","T","M","$","M","R","E","R","T","?","M","M","?","M","R","B"],"character_chosen":"DEFECT","items_purchased":["Capacitor","Lee\u0027s Waffle","Cold Snap"],"campfire_rested":3,"item_purchase_floors":[13,21,21],"current_hp_per_floor":[68,67,67,59,43,43,25,25,25,47,44,23,23,23,45,14,60,47,47,47,82,64,64,40,40,40,40,20,20,20,24,48,0],"gold":145,"neow_bonus":"REMOVE_CARD","is_prod":false,"is_daily":false,"chose_seed":false,"campfire_upgraded":3,"win_rate":0,"timestamp":1570902486,"path_taken":["M","M","M","M","M","R","?","?","T","R","M","M","$","?","R","BOSS","M","?","M","?","M","R","E","R","T","?","M","?","?","M","R","BOSS"],"build_version":"2019-10-11","purchased_purges":1,"victory":false,"max_hp_per_floor":[75,75,75,75,75,75,75,75,75,75,75,75,75,75,75,75,75,75,75,75,82,82,82,82,82,82,82,82,82,82,82,82,82],"card_choices":[{"not_picked":["Rebound","Rip and Tear"],"picked":"Leap","floor":1},{"not_picked":["Hologram","Steam"],"picked":"Darkness","floor":2},{"not_picked":["Rip and Tear","Barrage"],"picked":"Ball Lightning","floor":3},{"not_picked":["Conserve Battery","Steam"],"picked":"Sweeping Beam","floor":4},{"not_picked":["BootSequence","Conserve Battery"],"picked":"Genetic Algorithm","floor":5},{"not_picked":["Lockon","Chaos"],"picked":"Compile Driver","floor":10},{"not_picked":["Beam Cell","Gash"],"picked":"Streamline","floor":11},{"not_picked":["Steam","Stack"],"picked":"Loop","floor":12},{"not_picked":["Multi-Cast","Redo"],"picked":"Conserve Battery","floor":14},{"not_picked":["Steam","Beam Cell"],"picked":"Reinforced Body","floor":15},{"not_picked":["Meteor Strike","Reboot"],"picked":"Fission","floor":16},{"not_picked":["Auto Shields","Go for the Eyes"],"picked":"Leap+1","floor":18},{"not_picked":["Beam Cell","Go for the Eyes+1"],"picked":"Fusion","floor":20},{"not_picked":["Streamline+1","Hologram"],"picked":"Steam+1","floor":22},{"not_picked":["Compile Driver","Sweeping Beam"],"picked":"Genetic Algorithm","floor":24},{"not_picked":["Cold Snap+1","Streamline"],"picked":"Biased Cognition","floor":28},{"not_picked":["Beam Cell","Coolheaded+1"],"picked":"Self Repair","floor":29},{"not_picked":["Conserve Battery","Hologram","Leap+1"],"picked":"SKIP","floor":31},{"not_picked":["Compile Driver","Rebound"],"picked":"Echo Form","floor":32}],"player_experience":518246,"relics_obtained":[{"floor":9,"key":"Dream Catcher"},{"floor":19,"key":"Boot"},{"floor":24,"key":"Bag of Marbles"},{"floor":26,"key":"Sundial"}],"event_choices":[{"damage_healed":0,"gold_gain":0,"player_choice":"Success","damage_taken":18,"relics_obtained":["DataDisk"],"max_hp_gain":0,"max_hp_loss":0,"event_name":"Scrap Ooze","floor":7,"gold_loss":0},{"cards_removed":["Strike_B"],"damage_healed":0,"gold_gain":0,"player_choice":"Offered Basic","damage_taken":0,"max_hp_gain":0,"max_hp_loss":0,"event_name":"Bonfire Elementals","floor":8,"gold_loss":0},{"damage_healed":0,"gold_gain":0,"player_choice":"Ignored","damage_taken":0,"max_hp_gain":0,"max_hp_loss":0,"event_name":"Cursed Tome","floor":27,"gold_loss":0},{"cards_removed":["Gash"],"damage_healed":0,"gold_gain":0,"player_choice":"Elegance","damage_taken":0,"max_hp_gain":0,"max_hp_loss":0,"event_name":"Back to Basics","floor":30,"gold_loss":0}],"is_beta":true,"boss_relics":[{"not_picked":["Tiny House","Ectoplasm"],"picked":"Pandora\u0027s Box"}],"items_purged_floors":[13],"is_endless":false,"potions_floor_spawned":[2,3,4,11,14,16,18,22,28,29],"killed_by":"Collector","ascension_level":7}