{"gold_per_floor":[117,64,64,74,48,82,382,407,407,407,420,476,476,222,222,234],"floor_reached":16,"playtime":399,"items_purged":["Strike_G"],"score":282,"play_id":"ea19872a-ef5c-45ee-b59a-3b022a457ca4","local_time":"20190415005316","is_ascension_mode":true,"campfire_choices":[{"floor":7,"key":"DIG"},{"floor":10,"key":"REST"},{"floor":13,"key":"DIG"},{"floor":15,"key":"DIG"}],"neow_cost":"NONE","seed_source_timestamp":195672930270487,"circlet_count":0,"master_deck":["AscendersBane","Defend_G","Defend_G","Defend_G","Defend_G","Defend_G","Strike_G","Strike_G","Strike_G","Strike_G","Survivor","Neutralize","Slice","Deadly Poison","Caltrops","Dagger Throw","Dodge and Roll","Backflip","Backflip","Night Terror"],"relics":["Ring of the Snake","NeowsBlessing","Shovel","Mango","Old Coin","Snake Skull","FossilizedHelix","Tiny Chest","Ancient Tea Set","MawBank"],"potions_floor_usage":[8,8,12,12],"damage_taken":[{"damage":0,"enemies":"Cultist","floor":1,"turns":1},{"damage":0,"enemies":"Jaw Worm","floor":4,"turns":1},{"damage":0,"enemies":"Lagavulin","floor":6,"turns":1},{"damage":44,"enemies":"Gremlin Nob","floor":8,"turns":4},{"damage":0,"enemies":"Small Slimes","floor":11,"turns":3},{"damage":6,"enemies":"3 Sentries","floor":12,"turns":9},{"damage":22,"enemies":"Hexaghost","floor":16,"turns":9}],"seed_played":"-4875724168112515936","potions_obtained":[{"floor":4,"key":"Fire Potion"},{"floor":6,"key":"SneckoOil"},{"floor":8,"key":"AttackPotion"},{"floor":11,"key":"Block Potion"}],"is_trial":false,"path_per_floor":["M","$","?","M","$","E","R","E","T","R","M","E","R","$","R","B"],"character_chosen":"THE_SILENT","items_purchased":["Deadly Poison","Dagger Throw","Night Terror"],"campfire_rested":1,"item_purchase_floors":[2,5,14],"current_hp_per_floor":[59,59,33,33,33,47,47,3,3,27,27,21,21,21,21,0],"gold":234,"neow_bonus":"THREE_ENEMY_KILL","is_prod":false,"is_daily":false,"chose_seed":false,"campfire_upgraded":0,"win_rate":0,"timestamp":1555282396,"path_taken":["M","$","?","M","?","E","R","E","T","R","M","E","R","?","R","BOSS"],"build_version":"2019-01-23","purchased_purges":1,"victory":false,"max_hp_per_floor":[66,66,66,66,66,80,80,80,80,80,80,80,80,80,80,80],"card_choices":[{"not_picked":["Deflect","Underhanded Strike"],"picked":"Slice","floor":1},{"not_picked":["Choke","Prepared"],"picked":"Caltrops","floor":4},{"not_picked":["Endless Agony","Finisher"],"picked":"Dodge and Roll","floor":6},{"not_picked":["Heel Hook","Masterful Stab"],"picked":"Backflip","floor":8},{"not_picked":["Deflect","Blade Dance"],"picked":"Backflip","floor":11},{"not_picked":["Acrobatics","Bane","Underhanded Strike"],"picked":"SKIP","floor":12},{"not_picked":["Acrobatics","Bane","Underhanded Strike"],"picked":"SKIP","floor":12}],"player_experience":773200,"relics_obtained":[{"floor":6,"key":"Mango"},{"floor":7,"key":"Old Coin"},{"floor":8,"key":"Snake Skull"},{"floor":9,"key":"FossilizedHelix"},{"floor":12,"key":"Tiny Chest"},{"floor":13,"key":"Ancient Tea Set"},{"floor":15,"key":"MawBank"}],"event_choices":[{"damage_healed":0,"gold_gain":0,"player_choice":"Success","damage_taken":26,"relics_obtained":["Shovel"],"max_hp_gain":0,"max_hp_loss":0,"event_name":"Scrap Ooze","floor":3,"gold_loss":0}],"is_beta":false,"boss_relics":[],"items_purged_floors":[14],"is_endless":false,"potions_floor_spawned":[4,6,8,11],"killed_by":"Hexaghost","ascension_level":20}