{"gold_per_floor":[113,66,84,9,28,28,28,39,39,59,59,86,86,104,104,199,199,212,127,127,145,162,193,193,204,204,204,204,204,219,244,244,347,347,360,360,372,372,170,170,181,181,181,181,191,191,124,134,134,134],"floor_reached":50,"playtime":3744,"items_purged":["Strike_B","Strike_B"],"score":532,"play_id":"87eb18ec-30e5-4e59-bb48-c607994918f1","local_time":"20190325223234","is_ascension_mode":true,"campfire_choices":[{"data":"Hologram","floor":6.0,"key":"SMITH"},{"data":"Dualcast","floor":11,"key":"SMITH"},{"data":"Hologram","floor":13,"key":"SMITH"},{"data":"Zap","floor":15,"key":"SMITH"},{"data":"Hyperbeam","floor":24,"key":"SMITH"},{"data":"Scrape","floor":27,"key":"SMITH"},{"data":"Turbo","floor":29,"key":"SMITH"},{"data":"Conserve Battery","floor":32,"key":"SMITH"},{"data":"Reprogram","floor":40,"key":"SMITH"},{"data":"Flash of Steel","floor":42,"key":"SMITH"},{"data":"All For One","floor":44,"key":"SMITH"},{"data":"Glacier","floor":46,"key":"SMITH"},{"data":"Consume","floor":49,"key":"SMITH"}],"neow_cost":"NONE","seed_source_timestamp":0,"circlet_count":0,"master_deck":["Defend_B","Defend_B","Defend_B","Defend_B","Zap+1","Dualcast+1","Steam","Hologram+1","Conserve Battery+1","Hologram+1","Glacier+1","Hyperbeam+1","Turbo+1","Steam","Self Repair+1","Scrape+1","All For One+1","Reprogram+1","Flash of Steel+1","Consume+1"],"special_seed":0,"relics":["Runic Pyramid","Omamori","Frozen Egg 2","Cursed Key","Letter Opener","Gremlin Horn","Sundial","Empty Cage"],"potions_floor_usage":[31,50,50,50],"damage_taken":[{"damage":0.0,"enemies":"Cultist","floor":1.0,"turns":4.0},{"damage":0.0,"enemies":"Small Slimes","floor":3.0,"turns":3.0},{"damage":0.0,"enemies":"Jaw Worm","floor":5.0,"turns":4.0},{"damage":0.0,"enemies":"Blue Slaver","floor":8.0,"turns":5.0},{"damage":0.0,"enemies":"Looter","floor":10.0,"turns":5.0},{"damage":7,"enemies":"Gremlin Nob","floor":12,"turns":5},{"damage":0,"enemies":"Exordium Thugs","floor":14,"turns":7},{"damage":56,"enemies":"Slime Boss","floor":16,"turns":17},{"damage":1,"enemies":"Shell Parasite","floor":18,"turns":6},{"damage":1,"enemies":"3 Byrds","floor":21,"turns":3},{"damage":1,"enemies":"Sentry and Sphere","floor":22,"turns":4},{"damage":0,"enemies":"Book of Stabbing","floor":23,"turns":8},{"damage":1,"enemies":"Centurion and Healer","floor":25,"turns":4},{"damage":20,"enemies":"Snake Plant","floor":30,"turns":5},{"damage":10,"enemies":"Slavers","floor":31,"turns":4},{"damage":32,"enemies":"Automaton","floor":33,"turns":9},{"damage":0,"enemies":"3 Shapes","floor":35,"turns":1},{"damage":16,"enemies":"3 Darklings","floor":37,"turns":3},{"damage":0,"enemies":"Sphere and 2 Shapes","floor":41,"turns":3},{"damage":0,"enemies":"Spire Growth","floor":45,"turns":5},{"damage":9,"enemies":"Writhing Mass","floor":48,"turns":3},{"damage":83,"enemies":"Time Eater","floor":50,"turns":14}],"seed_played":"6101417568631670063","potions_obtained":[{"floor":1.0,"key":"SpeedPotion"},{"floor":3.0,"key":"Explosive Potion"},{"floor":5.0,"key":"EssenceOfSteel"},{"floor":7.0,"key":"Regen Potion"},{"floor":48,"key":"FocusPotion"}],"is_trial":false,"path_per_floor":["M","$","M","$","M","R","?","M","T","M","R","E","R","M","R","B",null,"M","?","T","M","M","E","R","M","T","R","?","R","M","E","R","B",null,"M","?","M","?","$","R","M","R","T","R","M","R","$","M","R","B"],"character_chosen":"DEFECT","items_purchased":["Hologram","Dexterity Potion","Dexterity Potion","Consume"],"campfire_rested":0,"item_purchase_floors":[2,39,39,47],"current_hp_per_floor":[75,75,75,75,75,75,75,75,75,75,75,68,68,68,68,12,75,74,74,74,73,72,75,75,75,75,75,75,75,65,65,65,43,75,75,75,69,69,69,69,75,75,75,75,75,75,75,75,75,0],"gold":134,"neow_bonus":"BOSS_RELIC","is_prod":false,"is_daily":false,"chose_seed":false,"campfire_upgraded":13,"win_rate":0,"timestamp":1553578354,"path_taken":["M","$","M","$","M","R","?","M","T","?","R","E","R","M","R","BOSS","M","?","?","M","M","E","R","M","T","R","?","R","M","E","R","BOSS","M","?","M","?","$","R","M","R","T","R","M","R","$","?","R","BOSS"],"build_version":"2019-01-23","purchased_purges":2,"victory":false,"max_hp_per_floor":[75,75,75,75,75,75,75,75,75,75,75,75,75,75,75,75,75,75,75,75,75,75,75,75,75,75,75,75,75,75,75,75,75,75,75,75,75,75,75,75,75,75,75,75,75,75,75,75,75,75],"card_choices":[{"not_picked":["Rip and Tear","Static Discharge"],"picked":"Steam","floor":1.0},{"not_picked":["Cold Snap","Barrage"],"picked":"Conserve Battery","floor":3.0},{"not_picked":["Rebound","Steam"],"picked":"Hologram","floor":5.0},{"not_picked":["All For One","Hologram"],"picked":"Glacier","floor":8.0},{"not_picked":["Heatsinks","Steam Power"],"picked":"Sweeping Beam","floor":10.0},{"not_picked":["Turbo","Hello World","Recycle"],"picked":"SKIP","floor":12},{"not_picked":["Undo","Double Energy","Storm+1"],"picked":"SKIP","floor":14},{"not_picked":["Amplify","Meteor Strike"],"picked":"Hyperbeam","floor":16},{"not_picked":["Hello World+1","Barrage"],"picked":"Turbo","floor":18},{"not_picked":["Sweeping Beam+1","Loop+1"],"picked":"Steam","floor":21},{"not_picked":["Hello World+1","Go for the Eyes"],"picked":"Self Repair+1","floor":22},{"not_picked":["Rebound","Cold Snap"],"picked":"Scrape","floor":23},{"not_picked":["Compile Driver","Rebound","Self Repair+1"],"picked":"SKIP","floor":25},{"not_picked":["Cold Snap","Self Repair+1","Leap"],"picked":"SKIP","floor":30},{"not_picked":["Self Repair+1","Ball Lightning"],"picked":"All For One","floor":31},{"not_picked":["Defragment+1","Capacitor+1","Force Field+1"],"picked":"SKIP","floor":35},{"not_picked":["Cold Snap","Stack+1"],"picked":"Reprogram","floor":37},{"not_picked":["Discovery","Mind Blast"],"picked":"Flash of Steel","floor":38},{"not_picked":["Blizzard","Coolheaded+1","Consume"],"picked":"SKIP","floor":41},{"not_picked":["Consume+1","Genetic Algorithm+1","Ball Lightning"],"picked":"SKIP","floor":45},{"not_picked":["FTL","Redo+1","Compile Driver+1"],"picked":"SKIP","floor":48}],"player_experience":34399,"relics_obtained":[{"floor":9.0,"key":"Omamori"},{"floor":12,"key":"Frozen Egg 2"},{"floor":23,"key":"Gremlin Horn"},{"floor":31,"key":"Sundial"}],"event_choices":[{"damage_healed":0.0,"max_hp_gain":0.0,"max_hp_loss":0.0,"gold_gain":0.0,"event_name":"Lab","player_choice":"Got Potions","floor":7.0,"gold_loss":0.0,"damage_taken":0.0},{"damage_healed":0,"gold_gain":0,"player_choice":"Obtained Relic","damage_taken":0,"relics_obtained":["Letter Opener"],"max_hp_gain":0,"max_hp_loss":0,"event_name":"Addict","floor":19,"gold_loss":85},{"damage_healed":0,"gold_gain":0,"player_choice":"Ignored","damage_taken":0,"max_hp_gain":0,"max_hp_loss":0,"event_name":"Ghosts","floor":28,"gold_loss":0},{"cards_removed":["Sweeping Beam"],"damage_healed":0,"gold_gain":0,"player_choice":"Removed Attack","damage_taken":0,"max_hp_gain":0,"max_hp_loss":0,"event_name":"Falling","floor":36,"gold_loss":0},{"damage_healed":0,"gold_gain":0,"player_choice":"Memory 1","damage_taken":0,"max_hp_gain":0,"max_hp_loss":0,"event_name":"SensoryStone","floor":38,"gold_loss":0}],"is_beta":false,"boss_relics":[{"not_picked":["Coffee Dripper","Runic Dome"],"picked":"Cursed Key"},{"not_picked":["Nuclear Battery","Calling Bell"],"picked":"Empty Cage"}],"items_purged_floors":[4,39],"is_endless":false,"potions_floor_spawned":[1,3,5,18,21,23,30,45,48],"killed_by":"Time Eater","ascension_level":1}