{"gold_per_floor":[118,135,135,135,151,183,183,71,126,144,221,221,221,237,237,335,335,347,347,376,98,88,88,107,107,107,107,121,156,168,279,291,303],"floor_reached":33,"playtime":865,"items_purged":["Strike_R","Strike_R"],"score":263,"play_id":"1f130618-eebe-46af-a39a-911bea118a63","local_time":"20191010174021","is_ascension_mode":false,"campfire_choices":[{"data":"Bash","floor":7,"key":"SMITH"},{"data":"Disarm","floor":13,"key":"SMITH"},{"data":"Cleave","floor":15,"key":"SMITH"},{"data":"Limit Break","floor":23,"key":"SMITH"},{"data":"Secret Technique","floor":25,"key":"SMITH"},{"data":"Spot Weakness","floor":27,"key":"SMITH"},{"data":"Shrug It Off","floor":30,"key":"SMITH"},{"data":"Clothesline","floor":32,"key":"SMITH"}],"neow_cost":"NONE","seed_source_timestamp":314079220131212,"circlet_count":0,"master_deck":["Strike_R+1","Defend_R","Defend_R","Defend_R+1","Defend_R","Bash+1","Disarm+1","Clothesline+1","Cleave+1","Flame Barrier+1","Impervious","Limit Break+1","Spot Weakness+1","Secret Technique+1","Shrug It Off+1"],"relics":["Black Blood","Ancient Tea Set","Tiny Chest","Question Card","Gremlin Horn","Red Mask","Red Skull","MawBank"],"potions_floor_usage":[6,16,20,29,33,33],"damage_taken":[{"damage":7,"enemies":"2 Louse","floor":1,"turns":3},{"damage":7,"enemies":"Small Slimes","floor":2,"turns":5},{"damage":0,"enemies":"Jaw Worm","floor":5,"turns":4},{"damage":40,"enemies":"Lagavulin","floor":6,"turns":6},{"damage":1,"enemies":"2 Fungi Beasts","floor":10,"turns":3},{"damage":8,"enemies":"Gremlin Gang","floor":14,"turns":4},{"damage":22,"enemies":"The Guardian","floor":16,"turns":14},{"damage":36,"enemies":"Spheric Guardian","floor":18,"turns":6},{"damage":24,"enemies":"Masked Bandits","floor":20,"turns":4},{"damage":13,"enemies":"2 Thieves","floor":22,"turns":4},{"damage":0,"enemies":"Snake Plant","floor":24,"turns":4},{"damage":0,"enemies":"Centurion and Healer","floor":28,"turns":6},{"damage":23,"enemies":"Slavers","floor":29,"turns":4},{"damage":44,"enemies":"Automaton","floor":33,"turns":10}],"seed_played":"-5705226528187546404","potions_obtained":[{"floor":1,"key":"Swift Potion"},{"floor":5,"key":"PowerPotion"},{"floor":6,"key":"Weak Potion"},{"floor":14,"key":"Block Potion"},{"floor":18,"key":"EssenceOfSteel"},{"floor":28,"key":"Block Potion"}],"is_trial":false,"path_per_floor":["M","M","?","?","M","E","R","$","T","M","T","?","R","M","R","B",null,"M","T","?","$","M","R","M","R","T","R","M","E","R","?","R","B"],"character_chosen":"IRONCLAD","items_purchased":["Flame Barrier","Secret Technique"],"campfire_rested":0,"item_purchase_floors":[8,21],"current_hp_per_floor":[79,78,62,55,61,27,27,27,27,32,32,32,32,30,30,14,80,54,54,40,40,37,37,47,47,47,47,57,44,44,44,44,0],"gold":303,"neow_bonus":"REMOVE_CARD","is_prod":false,"is_daily":false,"chose_seed":false,"campfire_upgraded":8,"win_rate":0,"timestamp":1570754421,"path_taken":["M","M","?","?","M","E","R","$","T","M","?","?","R","?","R","BOSS","M","?","?","$","M","R","M","R","T","R","M","E","R","?","R","BOSS"],"build_version":"2019-07-17","purchased_purges":2,"victory":false,"max_hp_per_floor":[80,80,80,80,80,80,80,80,80,80,80,80,80,80,80,80,80,80,80,80,80,80,80,80,80,80,80,80,80,80,80,80,80],"card_choices":[{"not_picked":["Intimidate","Ghostly Armor"],"picked":"Disarm","floor":1},{"not_picked":["Pummel","Sword Boomerang","Clash"],"picked":"SKIP","floor":2},{"not_picked":["True Grit","Hemokinesis"],"picked":"Clothesline","floor":5},{"not_picked":["Pommel Strike","Carnage"],"picked":"Cleave","floor":6},{"not_picked":["Warcry","Perfected Strike","Thunderclap"],"picked":"SKIP","floor":10},{"not_picked":["Intimidate","Clash","Sentinel"],"picked":"Impervious","floor":14},{"not_picked":["Dark Embrace","Fiend Fire","Berserk"],"picked":"Limit Break","floor":16},{"not_picked":["Heavy Blade","Uppercut+1","Cleave"],"picked":"Spot Weakness","floor":18},{"not_picked":["Armaments","Power Through","Anger","True Grit"],"picked":"SKIP","floor":22},{"not_picked":["Dropkick","Anger","Sword Boomerang","Body Slam"],"picked":"SKIP","floor":24},{"not_picked":["Havoc","Iron Wave","Inflame","Wild Strike"],"picked":"SKIP","floor":28},{"not_picked":["Dropkick","Clash","Flex"],"picked":"Shrug It Off","floor":29}],"player_experience":394065,"relics_obtained":[{"floor":6,"key":"Ancient Tea Set"},{"floor":9,"key":"Tiny Chest"},{"floor":11,"key":"Question Card"},{"floor":19,"key":"Gremlin Horn"},{"floor":20,"key":"Red Mask"},{"floor":26,"key":"Red Skull"},{"floor":29,"key":"MawBank"}],"event_choices":[{"damage_healed":0,"gold_gain":0,"player_choice":"Entered Light","damage_taken":16,"max_hp_gain":0,"max_hp_loss":0,"event_name":"Shining Light","floor":3,"gold_loss":0,"cards_upgraded":["Strike_R","Defend_R"]},{"cards_removed":["Strike_R"],"damage_healed":0,"gold_gain":0,"player_choice":"Card Removal","damage_taken":7,"max_hp_gain":0,"max_hp_loss":0,"event_name":"Golden Wing","floor":4,"gold_loss":0},{"damage_healed":0,"gold_gain":0,"player_choice":"Forge","damage_taken":0,"max_hp_gain":0,"max_hp_loss":0,"event_name":"Accursed Blacksmith","floor":12,"gold_loss":0,"cards_upgraded":["Flame Barrier"]},{"damage_healed":0,"gold_gain":0,"player_choice":"Fought Bandits","damage_taken":0,"max_hp_gain":0,"max_hp_loss":0,"event_name":"Masked Bandits","floor":20,"gold_loss":0},{"damage_healed":0,"gold_gain":99,"player_choice":"Stole From Cult","damage_taken":0,"max_hp_gain":0,"max_hp_loss":0,"event_name":"Nest","floor":31,"gold_loss":0}],"is_beta":false,"boss_relics":[{"not_picked":["Eternal Feather","Black Star"],"picked":"Black Blood"}],"items_purged_floors":[8,21],"is_endless":false,"potions_floor_spawned":[1,5,6,14,18,28],"killed_by":"Automaton","ascension_level":0}