{"gold_per_floor":[111,125,125,275,15,46,46,90,90,106,106,121,165,189,189,189],"floor_reached":16,"playtime":506,"items_purged":["Doubt"],"score":268,"play_id":"187b6176-fb8a-4150-8732-5049c91e58f2","local_time":"20190701082424","is_ascension_mode":true,"campfire_choices":[{"data":"Enlightenment","floor":11,"key":"SMITH"},{"data":"Seeing Red","floor":15,"key":"SMITH"}],"neow_cost":"NONE","seed_source_timestamp":1152879399919700,"circlet_count":0,"master_deck":["AscendersBane","Strike_R","Strike_R","Strike_R","Strike_R","Strike_R","Defend_R","Defend_R","Defend_R","Defend_R","Bash","Body Slam","Seeing Red+1","Barricade","Enlightenment+1","Uppercut","Shrug It Off","Rupture","Feed","Havoc"],"relics":["Burning Blood","NeowsBlessing","Golden Idol","Pantograph","Bag of Marbles","The Courier","Singing Bowl"],"potions_floor_usage":[8,8,12,16],"damage_taken":[{"damage":0,"enemies":"Small Slimes","floor":1,"turns":1},{"damage":0,"enemies":"Jaw Worm","floor":2,"turns":1},{"damage":0,"enemies":"Gremlin Nob","floor":6,"turns":1},{"damage":19,"enemies":"3 Sentries","floor":8,"turns":10},{"damage":4,"enemies":"2 Louse","floor":10,"turns":3},{"damage":8,"enemies":"Exordium Thugs","floor":12,"turns":4},{"damage":37,"enemies":"Gremlin Nob","floor":13,"turns":5},{"damage":9,"enemies":"2 Fungi Beasts","floor":14,"turns":3},{"damage":63,"enemies":"Slime Boss","floor":16,"turns":9}],"seed_played":"-6254294266895731506","potions_obtained":[{"floor":2,"key":"Fire Potion"},{"floor":6,"key":"Dexterity Potion"},{"floor":10,"key":"BloodPotion"},{"floor":14,"key":"Regen Potion"}],"is_trial":false,"path_per_floor":["M","M","?","?","$","E","$","E","T","M","R","M","E","M","R","B"],"character_chosen":"IRONCLAD","items_purchased":["Barricade","Enlightenment"],"campfire_rested":0,"item_purchase_floors":[5,5],"current_hp_per_floor":[74,75,49,49,49,55,55,42,42,44,44,49,18,20,20,0],"gold":189,"neow_bonus":"THREE_ENEMY_KILL","is_prod":false,"is_daily":false,"chose_seed":false,"campfire_upgraded":2,"win_rate":0,"timestamp":1561962264,"path_taken":["M","M","?","?","$","E","?","E","T","M","R","M","E","M","R","BOSS"],"build_version":"2019-01-23","purchased_purges":1,"victory":false,"max_hp_per_floor":[75,75,75,75,75,75,75,75,75,75,75,75,75,80,80,80],"card_choices":[{"not_picked":["Wild Strike","Disarm"],"picked":"Body Slam","floor":1},{"not_picked":["Sword Boomerang","Clash"],"picked":"Seeing Red","floor":2},{"not_picked":["Heavy Blade","Havoc"],"picked":"Uppercut","floor":6},{"not_picked":["Uppercut","Sentinel"],"picked":"Shrug It Off","floor":8},{"not_picked":["Twin Strike","Clothesline"],"picked":"Rupture","floor":10},{"not_picked":["Clothesline","Body Slam"],"picked":"Feed","floor":12},{"not_picked":["Cleave","Clash"],"picked":"Havoc","floor":13},{"not_picked":["Wild Strike","Havoc","Thunderclap"],"picked":"Singing Bowl","floor":14}],"player_experience":1533053,"relics_obtained":[{"floor":6,"key":"Pantograph"},{"floor":8,"key":"Bag of Marbles"},{"floor":9,"key":"The Courier"},{"floor":13,"key":"Singing Bowl"}],"event_choices":[{"damage_healed":0,"gold_gain":0,"player_choice":"Take Damage","damage_taken":26,"relics_obtained":["Golden Idol"],"max_hp_gain":0,"max_hp_loss":0,"event_name":"Golden Idol","floor":3,"gold_loss":0},{"damage_healed":0,"gold_gain":150,"player_choice":"AGREE","damage_taken":0,"max_hp_gain":0,"max_hp_loss":0,"event_name":"Liars Game","floor":4,"gold_loss":0,"cards_obtained":["Doubt"]}],"is_beta":false,"boss_relics":[],"items_purged_floors":[5],"is_endless":false,"potions_floor_spawned":[2,6,10,14],"killed_by":"Slime Boss","ascension_level":17}