{"gold_per_floor":[111,25,25,44,44,44,69,69,69,95,107,107,130,146,146,223,223,243,262,177,177],"floor_reached":21,"playtime":831,"items_purged":[],"score":350,"play_id":"bcbd9ba5-4f40-43a8-ada2-d12702f84d0c","local_time":"20181102112043","is_ascension_mode":true,"campfire_choices":[{"data":"Noxious Fumes","floor":6,"key":"SMITH"},{"data":"All Out Attack","floor":12,"key":"SMITH"},{"data":"Caltrops","floor":15,"key":"SMITH"}],"neow_cost":"NONE","seed_source_timestamp":441468717212781,"circlet_count":0,"master_deck":["AscendersBane","Defend_G","Defend_G","Defend_G","Defend_G","Defend_G","Strike_G","Strike_G","Strike_G","Strike_G","Strike_G","Survivor","Neutralize+1","Poisoned Stab","Noxious Fumes+1","Poisoned Stab","Noxious Fumes","Slice","All Out Attack+1","Poisoned Stab","Backflip","Caltrops+1","Riddle With Holes","Tools of the Trade","Bouncing Flask"],"relics":["Ring of the Snake","NeowsBlessing","Ancient Tea Set","Mummified Hand","Du-Vu Doll","Odd Mushroom","Busted Crown","Bag of Marbles"],"potions_floor_usage":[16,16],"damage_taken":[{"damage":0,"enemies":"Jaw Worm","floor":1,"turns":1},{"damage":0,"enemies":"Cultist","floor":4,"turns":1},{"damage":0,"enemies":"3 Sentries","floor":7,"turns":1},{"damage":17,"enemies":"Lagavulin","floor":10,"turns":5},{"damage":5,"enemies":"Small Slimes","floor":11,"turns":3},{"damage":13,"enemies":"The Mushroom Lair","floor":13,"turns":3},{"damage":7,"enemies":"Exordium Thugs","floor":14,"turns":4},{"damage":16,"enemies":"The Guardian","floor":16,"turns":7},{"damage":25,"enemies":"Spheric Guardian","floor":18,"turns":5},{"damage":13,"enemies":"Shell Parasite","floor":19,"turns":4},{"damage":22,"enemies":"Snake Plant","floor":21,"turns":2}],"seed_played":"9063704457959606733","potions_obtained":[{"floor":4,"key":"Swift Potion"},{"floor":7,"key":"FearPotion"}],"is_trial":false,"path_per_floor":["M","$","?","M","?","R","E","$","T","E","M","R","?","M","R","B",null,"M","M","?","M"],"character_chosen":"THE_SILENT","items_purchased":["Noxious Fumes","Poisoned Stab"],"campfire_rested":0,"item_purchase_floors":[2,2],"current_hp_per_floor":[63,63,63,63,63,63,63,63,63,46,41,41,28,21,21,5,54,29,16,16,0],"gold":177,"neow_bonus":"THREE_ENEMY_KILL","is_prod":false,"is_daily":false,"chose_seed":false,"campfire_upgraded":3,"win_rate":0,"timestamp":1541157643,"path_taken":["M","$","?","?","?","R","E","?","T","E","M","R","?","M","R","BOSS","M","M","?","M"],"build_version":"2018-11-01","purchased_purges":0,"victory":false,"max_hp_per_floor":[70,70,70,70,70,70,70,70,70,70,70,70,70,70,70,70,70,70,70,70,70],"card_choices":[{"not_picked":["Backflip","Reflex"],"picked":"Poisoned Stab","floor":1},{"not_picked":["Underhanded Strike","Choke"],"picked":"Slice","floor":4},{"not_picked":["Outmaneuver","Prepared"],"picked":"All Out Attack","floor":7},{"not_picked":["Sucker Punch","Unload"],"picked":"Poisoned Stab","floor":10},{"not_picked":["Dodge and Roll","Dagger Throw"],"picked":"Backflip","floor":11},{"not_picked":["Flying Knee","Quick Slash"],"picked":"Caltrops","floor":13},{"not_picked":["Backflip","Eviscerate"],"picked":"Riddle With Holes","floor":14},{"not_picked":["Storm of Steel","A Thousand Cuts"],"picked":"Tools of the Trade","floor":16},{"not_picked":[],"picked":"Bouncing Flask","floor":18},{"not_picked":["Bane"],"picked":"SKIP","floor":19}],"player_experience":956192,"relics_obtained":[{"floor":7,"key":"Ancient Tea Set"},{"floor":9,"key":"Mummified Hand"},{"floor":10,"key":"Du-Vu Doll"},{"floor":13,"key":"Odd Mushroom"}],"event_choices":[{"damage_healed":0,"gold_gain":0,"player_choice":"1 cards matched","damage_taken":0,"max_hp_gain":0,"max_hp_loss":0,"event_name":"Match and Keep!","floor":3,"gold_loss":0,"cards_obtained":["Noxious Fumes"]},{"damage_healed":0,"gold_gain":0,"player_choice":"Grow","damage_taken":0,"max_hp_gain":0,"max_hp_loss":0,"event_name":"Living Wall","floor":5,"gold_loss":0,"cards_upgraded":["Neutralize"]},{"damage_healed":0,"gold_gain":0,"player_choice":"Fought Mushrooms","damage_taken":0,"max_hp_gain":0,"max_hp_loss":0,"event_name":"Mushrooms","floor":13,"gold_loss":0},{"damage_healed":0,"gold_gain":0,"player_choice":"Obtained Relic","damage_taken":0,"relics_obtained":["Bag of Marbles"],"max_hp_gain":0,"max_hp_loss":0,"event_name":"Addict","floor":20,"gold_loss":85}],"is_beta":false,"boss_relics":[{"not_picked":["Astrolabe","Runic Pyramid"],"picked":"Busted Crown"}],"items_purged_floors":[],"is_endless":false,"potions_floor_spawned":[4,7,14],"killed_by":"Snake Plant","ascension_level":13}