{"gold_per_floor":[110,110,125,144,21,47,47,80,80,115,145,145,173,50,50,127,127,139,149,149,166,31,62,62,77,77,95,95,20,50,70,70,148,148,166,176,193,211,211,211,311,231,308,308,335,350,62,76,76,76],"floor_reached":51,"playtime":1903,"items_purged":["Defend_R","Defend_R","Defend_R"],"score":1316,"play_id":"f9bc9e66-9ea2-4492-84f2-a9aad421c931","local_time":"20190516205705","is_ascension_mode":true,"campfire_choices":[{"data":"Perfected Strike","floor":7.0,"key":"SMITH"},{"floor":12.0,"key":"REST"},{"floor":15.0,"key":"REST"},{"data":"Apotheosis","floor":24.0,"key":"SMITH"},{"floor":28.0,"key":"REST"},{"data":"Juggernaut","floor":32.0,"key":"SMITH"},{"data":"Double Tap","floor":40,"key":"SMITH"},{"floor":49,"key":"REST"}],"neow_cost":"NONE","seed_source_timestamp":0,"circlet_count":0,"master_deck":["AscendersBane","Strike_R","Strike_R","Strike_R","Strike_R","Strike_R","Bash+1","Clothesline+1","Perfected Strike+1","Perfected Strike","Twin Strike","Juggernaut+1","Flex","Shrug It Off","Metallicize","Inflame","Pommel Strike","Shockwave","Apotheosis+1","Shrug It Off+1","Battle Trance","Twin Strike+1","Twin Strike","Body Slam+1","Double Tap+1","Wild Strike","Warcry+1","Metallicize+1","Disarm","Bandage Up","Violence","Battle Trance+1","Writhe","Madness","Madness","Perfected Strike+1","Iron Wave","Inflame","Magnetism","Perfected Strike"],"special_seed":0,"relics":["Burning Blood","The Courier","Anchor","Kunai","Turnip","Odd Mushroom","Blue Candle","Bronze Scales","Sozu","Mummified Hand","Red Skull","Art of War","Mango","Cursed Key","Charon\u0027s Ashes","Self Forming Clay","Ornamental Fan"],"potions_floor_usage":[],"damage_taken":[{"damage":9.0,"enemies":"Jaw Worm","floor":1.0,"turns":3.0},{"damage":6.0,"enemies":"Cultist","floor":3.0,"turns":3.0},{"damage":1.0,"enemies":"2 Louse","floor":4.0,"turns":2.0},{"damage":35.0,"enemies":"3 Sentries","floor":6.0,"turns":7.0},{"damage":12.0,"enemies":"Gremlin Nob","floor":8.0,"turns":3.0},{"damage":20.0,"enemies":"Lagavulin","floor":10.0,"turns":5.0},{"damage":13.0,"enemies":"The Mushroom Lair","floor":11.0,"turns":4.0},{"damage":6.0,"enemies":"3 Sentries","floor":13.0,"turns":7.0},{"damage":27.0,"enemies":"Slime Boss","floor":16.0,"turns":9.0},{"damage":0.0,"enemies":"Chosen","floor":18.0,"turns":4.0},{"damage":8.0,"enemies":"Spheric Guardian","floor":19.0,"turns":3.0},{"damage":13.0,"enemies":"Snecko","floor":21.0,"turns":4.0},{"damage":27.0,"enemies":"Book of Stabbing","floor":23.0,"turns":5.0},{"damage":0.0,"enemies":"Centurion and Healer","floor":25.0,"turns":4.0},{"damage":16.0,"enemies":"Snake Plant","floor":27.0,"turns":3.0},{"damage":13.0,"enemies":"Gremlin Leader","floor":30.0,"turns":4.0},{"damage":2.0,"enemies":"Cultist and Chosen","floor":31.0,"turns":3.0},{"damage":63.0,"enemies":"Collector","floor":33.0,"turns":8.0},{"damage":0,"enemies":"3 Shapes","floor":35,"turns":3},{"damage":0,"enemies":"Orb Walker","floor":36,"turns":2},{"damage":0,"enemies":"Writhing Mass","floor":37,"turns":4},{"damage":20,"enemies":"4 Shapes","floor":38,"turns":3},{"damage":9,"enemies":"Mind Bloom Boss Battle","floor":41,"turns":4},{"damage":10,"enemies":"Nemesis","floor":45,"turns":5},{"damage":5,"enemies":"3 Darklings","floor":46,"turns":3},{"damage":19,"enemies":"Jaw Worm Horde","floor":48,"turns":3},{"damage":48,"enemies":"Donu and Deca","floor":50,"turns":6}],"seed_played":"7876781804750383712","potions_obtained":[{"floor":4.0,"key":"Energy Potion"},{"floor":8.0,"key":"Poison Potion"},{"floor":10.0,"key":"Poison Potion"},{"floor":11.0,"key":"EssenceOfSteel"}],"is_trial":false,"path_per_floor":["M","?","M","M","$","E","R","E","T","E","?","R","E","$","R","B",null,"M","M","?","M","$","E","R","M","T","M","R","?","E","M","R","B",null,"M","M","M","M","?","R","?","$","T","?","E","M","$","M","R","B",null],"character_chosen":"IRONCLAD","items_purchased":["Twin Strike","Bronze Scales","Apotheosis","Inflame","Magnetism"],"campfire_rested":4,"item_purchase_floors":[5,14,22,47,47],"current_hp_per_floor":[65,65,65,70,70,41,41,35,35,21,14,36,36,36,58,37,66,72,70,70,63,63,42,42,48,48,38,60,60,67,71,71,14,70,76,82,88,74,69,69,72,72,72,56,58,59,59,46,72,36],"gold":76,"neow_bonus":"UPGRADE_CARD","is_prod":false,"is_daily":false,"chose_seed":false,"campfire_upgraded":4,"win_rate":0,"timestamp":1558033025,"path_taken":["M","?","?","M","$","E","R","E","T","E","?","R","E","$","R","BOSS","M","M","?","M","$","E","R","M","T","?","R","?","E","M","R","BOSS","M","M","M","M","?","R","?","$","T","?","E","M","$","M","R","BOSS"],"build_version":"2019-01-23","purchased_purges":3,"victory":true,"max_hp_per_floor":[75,75,75,75,75,75,75,75,75,75,75,75,75,75,75,75,75,75,75,75,75,75,75,75,75,75,75,75,75,89,89,89,89,89,89,89,89,89,89,89,89,89,89,89,89,89,89,89,89,89],"card_choices":[{"not_picked":["Anger","Clash"],"picked":"Clothesline","floor":1.0},{"not_picked":["Flex","Sword Boomerang"],"picked":"Perfected Strike","floor":3.0},{"not_picked":["Flex","Combust"],"picked":"Perfected Strike","floor":4.0},{"not_picked":["Carnage","Fiend Fire","Anger"],"picked":"SKIP","floor":6.0},{"not_picked":["Thunderclap","Pummel"],"picked":"Juggernaut","floor":8.0},{"not_picked":["Warcry","Twin Strike"],"picked":"Flex","floor":10.0},{"not_picked":["Inflame","True Grit"],"picked":"Shrug It Off","floor":11.0},{"not_picked":["Reckless Charge","Wild Strike"],"picked":"Metallicize","floor":13.0},{"not_picked":["Iron Wave","Havoc"],"picked":"Inflame","floor":18.0},{"not_picked":["Cleave","Rampage"],"picked":"Pommel Strike","floor":19.0},{"not_picked":["Flex","Body Slam"],"picked":"Shockwave","floor":21.0},{"not_picked":["Thunderclap","Heavy Blade"],"picked":"Shrug It Off+1","floor":23.0},{"not_picked":["Rage","Dropkick"],"picked":"Battle Trance","floor":25.0},{"not_picked":["Warcry+1","Perfected Strike"],"picked":"Twin Strike+1","floor":27.0},{"not_picked":["Sword Boomerang","Disarm"],"picked":"Twin Strike","floor":30.0},{"not_picked":["Thunderclap","Warcry"],"picked":"Body Slam+1","floor":31.0},{"not_picked":["Feed","Impervious"],"picked":"Double Tap","floor":33.0},{"not_picked":["Flex","Rage"],"picked":"Wild Strike","floor":35},{"not_picked":["Thunderclap","Bloodletting"],"picked":"Warcry+1","floor":36},{"not_picked":["Thunderclap","Combust"],"picked":"Metallicize+1","floor":37},{"not_picked":["Cleave","Pummel"],"picked":"Disarm","floor":38},{"not_picked":["Jack Of All Trades","Swift Strike"],"picked":"Bandage Up","floor":39},{"not_picked":["Good Instincts","Forethought"],"picked":"Violence","floor":39},{"not_picked":["True Grit","Anger+1"],"picked":"Battle Trance+1","floor":41},{"not_picked":["Fiend Fire","Pommel Strike"],"picked":"Perfected Strike+1","floor":45},{"not_picked":["Searing Blow","Body Slam+1"],"picked":"Iron Wave","floor":46},{"not_picked":["Thunderclap+1","Rampage"],"picked":"Perfected Strike","floor":48}],"player_experience":1117655,"relics_obtained":[{"floor":6.0,"key":"The Courier"},{"floor":8.0,"key":"Anchor"},{"floor":9.0,"key":"Kunai"},{"floor":10.0,"key":"Turnip"},{"floor":11.0,"key":"Odd Mushroom"},{"floor":13.0,"key":"Blue Candle"},{"floor":23.0,"key":"Red Skull"},{"floor":26.0,"key":"Art of War"},{"floor":30.0,"key":"Mango"},{"floor":41,"key":"Charon\u0027s Ashes"},{"floor":43,"key":"Self Forming Clay"},{"floor":45,"key":"Ornamental Fan"}],"event_choices":[{"damage_healed":0.0,"max_hp_gain":0.0,"max_hp_loss":0.0,"gold_gain":0.0,"event_name":"Upgrade Shrine","player_choice":"Upgraded","floor":2.0,"gold_loss":0.0,"damage_taken":0.0,"cards_upgraded":["Clothesline"]},{"damage_healed":0.0,"max_hp_gain":0.0,"max_hp_loss":0.0,"gold_gain":0.0,"event_name":"Mushrooms","player_choice":"Fought Mushrooms","floor":11.0,"gold_loss":0.0,"damage_taken":0.0},{"damage_healed":0.0,"max_hp_gain":0.0,"max_hp_loss":0.0,"gold_gain":0.0,"event_name":"WeMeetAgain","player_choice":"Gave Potion","floor":20.0,"gold_loss":0.0,"damage_taken":0.0,"relics_obtained":["Mummified Hand"]},{"cards_removed":["Defend_R"],"damage_healed":0.0,"max_hp_gain":0.0,"max_hp_loss":0.0,"gold_gain":0.0,"event_name":"Beggar","player_choice":"Gave Gold","floor":29.0,"gold_loss":75.0,"damage_taken":0.0},{"damage_healed":0,"gold_gain":0,"player_choice":"Memory 2","damage_taken":5,"max_hp_gain":0,"max_hp_loss":0,"event_name":"SensoryStone","floor":39,"gold_loss":0},{"damage_healed":0,"gold_gain":0,"player_choice":"Fight","damage_taken":0,"max_hp_gain":0,"max_hp_loss":0,"event_name":"MindBloom","floor":41,"gold_loss":0},{"damage_healed":0,"gold_gain":0,"player_choice":"Embrace Madness","damage_taken":16,"max_hp_gain":0,"max_hp_loss":0,"event_name":"Winding Halls","floor":44,"gold_loss":0,"cards_obtained":["Madness","Madness"]}],"is_beta":false,"boss_relics":[{"not_picked":["Fusion Hammer","Mark of Pain"],"picked":"Sozu"},{"not_picked":["Runic Dome","Philosopher\u0027s Stone"],"picked":"Cursed Key"}],"items_purged_floors":[5,42,47],"is_endless":false,"potions_floor_spawned":[4,8,10,11,18,27,31,33,37,41,46],"ascension_level":15}