{"gold_per_floor":[118,135,210,226,151,151,164,164,243,0,0,0,0,16,16,16],"floor_reached":16,"playtime":217,"items_purged":["Strike_R","Strike_R"],"score":90,"play_id":"271c9d8b-f48f-40f5-b29c-33694764eaf5","local_time":"20191014045208","is_ascension_mode":false,"campfire_choices":[{"data":"Searing Blow","floor":6,"key":"SMITH"},{"data":"Searing Blow+1","floor":11,"key":"SMITH"},{"data":"Searing Blow+2","floor":15,"key":"SMITH"}],"neow_cost":"NONE","seed_source_timestamp":35569508499226,"circlet_count":0,"master_deck":["Strike_R","Strike_R","Strike_R","Defend_R","Defend_R","Defend_R+1","Defend_R","Bash","Searing Blow+3","True Grit+1"],"relics":["Burning Blood","NeowsBlessing","Oddly Smooth Stone","Self Forming Clay","PrismaticShard"],"potions_floor_usage":[16],"damage_taken":[{"damage":0,"enemies":"Small Slimes","floor":1,"turns":1},{"damage":0,"enemies":"Jaw Worm","floor":2,"turns":1},{"damage":0,"enemies":"2 Louse","floor":4,"turns":2},{"damage":22,"enemies":"Lots of Slimes","floor":7,"turns":5},{"damage":0,"enemies":"Exordium Wildlife","floor":14,"turns":3},{"damage":51,"enemies":"The Guardian","floor":16,"turns":11}],"seed_played":"-5114900382609107871","potions_obtained":[{"floor":1,"key":"GamblersBrew"},{"floor":7,"key":"BloodPotion"},{"floor":14,"key":"SteroidPotion"}],"is_trial":false,"path_per_floor":["M","M","?","M","$","R","M","?","T","$","R","$","?","M","R","B"],"character_chosen":"IRONCLAD","items_purchased":["PrismaticShard"],"campfire_rested":0,"item_purchase_floors":[10],"current_hp_per_floor":[80,80,69,75,75,75,59,41,41,41,41,41,25,31,31,0],"gold":16,"neow_bonus":"THREE_ENEMY_KILL","is_prod":false,"is_daily":false,"chose_seed":false,"campfire_upgraded":3,"win_rate":0,"timestamp":1571050328,"path_taken":["M","M","?","M","$","R","M","?","T","$","R","?","?","?","R","BOSS"],"build_version":"2019-10-11","purchased_purges":2,"victory":false,"max_hp_per_floor":[80,80,80,80,80,80,80,80,80,80,80,80,80,80,80,80],"card_choices":[{"not_picked":["Clash","Headbutt"],"picked":"Searing Blow","floor":1},{"not_picked":["Reckless Charge","Sword Boomerang"],"picked":"True Grit","floor":2},{"not_picked":["Twin Strike","Feel No Pain","Second Wind"],"picked":"SKIP","floor":4},{"not_picked":["Headbutt","Shrug It Off","Feed"],"picked":"SKIP","floor":7},{"not_picked":["Swift Strike","Well Laid Plans","Deflect"],"picked":"SKIP","floor":14}],"player_experience":1612179,"relics_obtained":[{"floor":9,"key":"Self Forming Clay"}],"event_choices":[{"damage_healed":0,"gold_gain":75,"player_choice":"Gather Gold","damage_taken":11,"max_hp_gain":0,"max_hp_loss":0,"event_name":"World of Goop","floor":3,"gold_loss":0},{"damage_healed":0,"gold_gain":0,"player_choice":"Success","damage_taken":18,"relics_obtained":["Oddly Smooth Stone"],"max_hp_gain":0,"max_hp_loss":0,"event_name":"Scrap Ooze","floor":8,"gold_loss":0},{"damage_healed":0,"gold_gain":0,"player_choice":"Entered Light","damage_taken":16,"max_hp_gain":0,"max_hp_loss":0,"event_name":"Shining Light","floor":13,"gold_loss":0,"cards_upgraded":["Defend_R","True Grit"]}],"is_beta":true,"boss_relics":[],"items_purged_floors":[5,10],"is_endless":false,"potions_floor_spawned":[1,7,14],"killed_by":"The Guardian","ascension_level":0}