{"gold_per_floor":[111,111,125,125,144,144,172,122,122,71,129,142,142,160,160,264,264,275,275,275,295,314,348,348,348,373,417,442,454,103,122,122,226,226,241,257,268,40,59,59,76,107,107,142,142,142,15,27,27,27],"floor_reached":51,"playtime":1669,"items_purged":["Defend_R","Defend_R"],"score":822,"play_id":"5b89e049-2278-4cdb-ba81-6b2f4174827f","local_time":"20191014021650","is_ascension_mode":false,"campfire_choices":[{"data":"Bash","floor":6.0,"key":"SMITH"},{"data":"True Grit","floor":13.0,"key":"SMITH"},{"data":"Seeing Red","floor":15.0,"key":"SMITH"},{"data":"Pommel Strike","floor":25.0,"key":"SMITH"},{"data":"Berserk","floor":29.0,"key":"SMITH"},{"data":"Fire Breathing","floor":32.0,"key":"SMITH"},{"data":"Twin Strike","floor":40,"key":"SMITH"},{"data":"Fire Breathing","floor":49,"key":"SMITH"}],"neow_cost":"TEN_PERCENT_HP_LOSS","seed_source_timestamp":0,"circlet_count":0,"master_deck":["Strike_R","Strike_R","Strike_R","Defend_R","Bash+1","Pommel Strike+1","Twin Strike+1","Perfected Strike+1","True Grit+1","Thunderclap+1","Wild Strike+1","Feed+1","Wild Strike+1","Shrug It Off","Perfected Strike+1","Iron Wave+1","Bash+1","Fire Breathing+1","Berserk+1","True Grit+1","Iron Wave+1","Perfected Strike+1","Feed+1","Twin Strike+1","Headbutt+1","True Grit+1","Perfected Strike+1","Offering","Offering","Metallicize+1","Shrug It Off+1","Fire Breathing+1","Twin Strike+1"],"special_seed":0,"relics":["Burning Blood","Molten Egg 2","Blood Vial","Blue Candle","Unceasing Top","SlaversCollar","Lantern","MawBank","Vajra","Gremlin Horn","Mark of Pain","DollysMirror","Centennial Puzzle","Smiling Mask","Dodecahedron"],"potions_floor_usage":[41,42,50],"damage_taken":[{"damage":3.0,"enemies":"Jaw Worm","floor":1.0,"turns":3.0},{"damage":0.0,"enemies":"2 Louse","floor":3.0,"turns":2.0},{"damage":0.0,"enemies":"Small Slimes","floor":5.0,"turns":2.0},{"damage":24.0,"enemies":"Lagavulin","floor":7.0,"turns":5.0},{"damage":18.0,"enemies":"3 Sentries","floor":11.0,"turns":4.0},{"damage":0.0,"enemies":"Exordium Wildlife","floor":12.0,"turns":1.0},{"damage":13.0,"enemies":"Large Slime","floor":14.0,"turns":6.0},{"damage":20.0,"enemies":"Slime Boss","floor":16.0,"turns":8.0},{"damage":30.0,"enemies":"3 Byrds","floor":18.0,"turns":6.0},{"damage":16.0,"enemies":"2 Thieves","floor":21.0,"turns":4.0},{"damage":6.0,"enemies":"Chosen and Byrds","floor":22.0,"turns":6.0},{"damage":22.0,"enemies":"Book of Stabbing","floor":23.0,"turns":3.0},{"damage":14.0,"enemies":"Gremlin Leader","floor":27.0,"turns":6.0},{"damage":1.0,"enemies":"Snecko","floor":28.0,"turns":3.0},{"damage":11.0,"enemies":"Centurion and Healer","floor":31.0,"turns":6.0},{"damage":59.0,"enemies":"Collector","floor":33.0,"turns":7.0},{"damage":0.0,"enemies":"3 Shapes","floor":35.0,"turns":3.0},{"damage":15.0,"enemies":"Orb Walker","floor":36.0,"turns":2.0},{"damage":27.0,"enemies":"3 Darklings","floor":37.0,"turns":5.0},{"damage":19.0,"enemies":"Jaw Worm Horde","floor":39.0,"turns":3.0},{"damage":29,"enemies":"Maw","floor":41,"turns":7},{"damage":25,"enemies":"Reptomancer","floor":42,"turns":4},{"damage":40,"enemies":"Nemesis","floor":44,"turns":3},{"damage":6,"enemies":"Spire Growth","floor":48,"turns":2},{"damage":98,"enemies":"Time Eater","floor":50,"turns":7}],"seed_played":"-4483504346240393084","potions_obtained":[{"floor":3.0,"key":"BloodPotion"},{"floor":5.0,"key":"LiquidBronze"},{"floor":14.0,"key":"EssenceOfSteel"},{"floor":21.0,"key":"Energy Potion"},{"floor":22.0,"key":"ElixirPotion"},{"floor":27.0,"key":"SpeedPotion"},{"floor":28.0,"key":"Swift Potion"},{"floor":39.0,"key":"Swift Potion"},{"floor":44,"key":"Regen Potion"}],"is_trial":false,"path_per_floor":["M","?","M","$","M","R","E","?","T","$","?","M","R","M","R","B",null,"M","$","?","M","M","E","?","R","T","E","M","R","$","M","R","B",null,"M","M","M","$","M","R","M","E","T","E","?","?","$","M","R","B",null],"character_chosen":"IRONCLAD","items_purchased":["Wild Strike+1","Iron Wave+1","Gremlin Horn","DollysMirror","Offering","Fire Breathing"],"campfire_rested":0,"item_purchase_floors":[10,30,30,38,38,47],"current_hp_per_floor":[72,69,72,72,72,72,54,54,54,54,58,70,70,69,69,61,84,64,64,98,92,98,84,84,84,84,78,85,85,85,86,86,35,110,118,113,94,94,91,91,74,61,61,33,124,124,124,128,128,48],"gold":27,"neow_bonus":"TRANSFORM_TWO_CARDS","is_prod":false,"is_daily":false,"chose_seed":false,"campfire_upgraded":8,"win_rate":0,"timestamp":1571041010,"path_taken":["M","?","M","$","M","R","E","?","T","?","?","?","R","M","R","BOSS","M","$","?","?","M","E","?","R","T","E","?","R","$","M","R","BOSS","M","M","M","$","M","R","M","E","T","E","?","?","$","?","R","BOSS"],"build_version":"2019-10-11","purchased_purges":2,"victory":true,"max_hp_per_floor":[72,72,72,72,72,72,72,72,72,72,72,76,76,80,80,84,84,88,88,98,102,106,106,106,106,106,106,106,106,106,110,110,110,110,118,122,122,122,130,130,134,138,138,142,124,124,124,128,128,128],"card_choices":[{"not_picked":["Sword Boomerang","Thunderclap"],"picked":"Twin Strike","floor":1.0},{"not_picked":["Spot Weakness","Offering"],"picked":"Perfected Strike+1","floor":3.0},{"not_picked":["Warcry","Spot Weakness"],"picked":"True Grit","floor":5.0},{"not_picked":["Body Slam+1","Sword Boomerang+1"],"picked":"Thunderclap+1","floor":7.0},{"not_picked":["Cleave+1","Anger+1"],"picked":"Feed+1","floor":11.0},{"not_picked":["Cleave+1","Armaments"],"picked":"Wild Strike+1","floor":12.0},{"not_picked":["Clash+1","Dual Wield","Corruption"],"picked":"SKIP","floor":14.0},{"not_picked":["Double Tap","Brutality"],"picked":"Offering","floor":16.0},{"not_picked":["Heavy Blade+1","Anger+1","Body Slam+1"],"picked":"SKIP","floor":18.0},{"not_picked":["Warcry","Armaments"],"picked":"Shrug It Off","floor":21.0},{"not_picked":["Havoc","Warcry+1","Dual Wield"],"picked":"SKIP","floor":22.0},{"not_picked":["Shrug It Off","Clothesline+1"],"picked":"Perfected Strike+1","floor":23.0},{"not_picked":["Metallicize","Hemokinesis+1","Berserk"],"picked":"SKIP","floor":27.0},{"not_picked":["Metallicize","Hemokinesis+1"],"picked":"Berserk","floor":27.0},{"not_picked":["Inflame+1","Feel No Pain"],"picked":"True Grit+1","floor":28.0},{"not_picked":["Armaments+1","Sword Boomerang+1"],"picked":"Perfected Strike+1","floor":31.0},{"not_picked":["Dark Embrace","Double Tap"],"picked":"Feed+1","floor":33.0},{"not_picked":["Sword Boomerang+1","Clash+1"],"picked":"Twin Strike+1","floor":35.0},{"not_picked":["Iron Wave+1","Wild Strike+1"],"picked":"Headbutt+1","floor":36.0},{"not_picked":["Rage+1","Havoc"],"picked":"True Grit+1","floor":37.0},{"not_picked":["Entrench","Warcry","Cleave+1"],"picked":"SKIP","floor":39.0},{"not_picked":["True Grit+1","Headbutt+1"],"picked":"Offering","floor":41},{"not_picked":["Shrug It Off","Warcry+1"],"picked":"Metallicize+1","floor":42},{"not_picked":["Warcry","Clash+1"],"picked":"Shrug It Off+1","floor":44},{"not_picked":["Wild Strike+1","Shrug It Off+1"],"picked":"Twin Strike+1","floor":48}],"player_experience":1602274,"relics_obtained":[{"floor":7.0,"key":"Blood Vial"},{"floor":9.0,"key":"Blue Candle"},{"floor":11.0,"key":"Unceasing Top"},{"floor":23.0,"key":"Lantern"},{"floor":26.0,"key":"MawBank"},{"floor":27.0,"key":"Vajra"},{"floor":42,"key":"Centennial Puzzle"},{"floor":43,"key":"Smiling Mask"},{"floor":44,"key":"Dodecahedron"}],"event_choices":[{"damage_healed":0.0,"max_hp_gain":0.0,"max_hp_loss":0.0,"gold_gain":0.0,"event_name":"Scrap Ooze","player_choice":"Success","floor":2.0,"gold_loss":0.0,"damage_taken":3.0,"relics_obtained":["Molten Egg 2"]},{"cards_removed":["Defend_R"],"damage_healed":0.0,"max_hp_gain":0.0,"max_hp_loss":0.0,"gold_gain":0.0,"event_name":"The Cleric","player_choice":"Card Removal","floor":8.0,"gold_loss":50.0,"damage_taken":0.0},{"damage_healed":0.0,"max_hp_gain":0.0,"max_hp_loss":0.0,"gold_gain":0.0,"event_name":"Dead Adventurer","player_choice":"Searched \u00271\u0027 times","floor":11.0,"gold_loss":0.0,"damage_taken":0.0},{"cards_removed":["Offering"],"damage_healed":24.0,"max_hp_gain":10.0,"max_hp_loss":0.0,"gold_gain":0.0,"event_name":"Bonfire Elementals","player_choice":"Offered Rare","floor":20.0,"gold_loss":0.0,"damage_taken":0.0},{"damage_healed":0.0,"max_hp_gain":0.0,"max_hp_loss":0.0,"gold_gain":0.0,"event_name":"Match and Keep!","player_choice":"3 cards matched","floor":24.0,"gold_loss":0.0,"damage_taken":0.0,"cards_obtained":["Iron Wave","Bash","Fire Breathing"]},{"damage_healed":124,"gold_gain":0,"player_choice":"Heal","damage_taken":0,"max_hp_gain":0,"max_hp_loss":18,"event_name":"The Moai Head","floor":45,"gold_loss":0},{"cards_removed":["Seeing Red"],"damage_healed":0,"gold_gain":0,"player_choice":"Removed Skill","damage_taken":0,"max_hp_gain":0,"max_hp_loss":0,"event_name":"Falling","floor":46,"gold_loss":0}],"is_beta":true,"boss_relics":[{"not_picked":["SacredBark","Empty Cage"],"picked":"SlaversCollar"},{"not_picked":["Black Star","Tiny House"],"picked":"Mark of Pain"}],"items_purged_floors":[30,47],"is_endless":false,"potions_floor_spawned":[3,5,14,21,22,27,28,39,44],"ascension_level":0}