{"gold_per_floor":[113,113,113,113,125,125,275,302,349,349,360,391,391,109,109,180,180,139,139,152,10,10,10,24,39,39,39],"floor_reached":27,"playtime":918,"items_purged":["Pain","Doubt"],"score":451,"play_id":"fb6df64f-1e11-4a9b-b869-8d3ed5348694","local_time":"20190722172523","is_ascension_mode":true,"campfire_choices":[{"data":"Zap","floor":6,"key":"SMITH"},{"data":"Buffer","floor":15,"key":"SMITH"},{"data":"Creative AI","floor":23,"key":"SMITH"}],"neow_cost":"NONE","seed_source_timestamp":113347132848900,"circlet_count":0,"master_deck":["AscendersBane","Strike_B","Strike_B","Strike_B","Defend_B","Defend_B","Defend_B","Defend_B","Zap+1","Dualcast","Sunder+1","Darkness","Stack","Buffer+1","Ball Lightning","Compile Driver","Conserve Battery","Cold Snap","Steam","Flash of Steel","Biased Cognition","Stack+1","Writhe","FTL","Chaos","Cold Snap","Creative AI+1","Static Discharge","Capacitor"],"relics":["Cracked Core","NeowsBlessing","Orichalcum","Bag of Preparation","Letter Opener","Oddly Smooth Stone","Inserter","Singing Bowl","Centennial Puzzle"],"potions_floor_usage":[12,16,24,24,27],"damage_taken":[{"damage":0,"enemies":"Small Slimes","floor":1,"turns":1},{"damage":0,"enemies":"Cultist","floor":5,"turns":1},{"damage":0,"enemies":"3 Sentries","floor":8,"turns":1},{"damage":1,"enemies":"2 Louse","floor":11,"turns":3},{"damage":16,"enemies":"Lagavulin","floor":12,"turns":5},{"damage":35,"enemies":"The Guardian","floor":16,"turns":10},{"damage":8,"enemies":"2 Thieves","floor":18,"turns":5},{"damage":5,"enemies":"Spheric Guardian","floor":20,"turns":4},{"damage":18,"enemies":"Snake Plant","floor":24,"turns":5},{"damage":16,"enemies":"Shelled Parasite and Fungi","floor":25,"turns":7},{"damage":12,"enemies":"Centurion and Healer","floor":27,"turns":5}],"seed_played":"6253351059880371317","potions_obtained":[{"floor":1,"key":"SteroidPotion"},{"floor":8,"key":"PowerPotion"},{"floor":11,"key":"LiquidBronze"},{"floor":12,"key":"SpeedPotion"},{"floor":20,"key":"Swift Potion"},{"floor":25,"key":"FocusPotion"}],"is_trial":false,"path_per_floor":["M","$","?","?","M","R","?","E","T","?","M","E","T","$","R","B",null,"M","?","M","$","?","R","M","M","T","M"],"character_chosen":"DEFECT","items_purchased":["Cold Snap","Steam","Flash of Steel","Chaos"],"campfire_rested":0,"item_purchase_floors":[14,14,14,21],"current_hp_per_floor":[64,64,64,64,64,64,64,64,64,64,63,47,47,47,47,12,56,48,48,43,43,43,43,25,9,9,0],"gold":39,"neow_bonus":"THREE_ENEMY_KILL","is_prod":false,"is_daily":false,"chose_seed":false,"campfire_upgraded":3,"win_rate":0,"timestamp":1563809123,"path_taken":["M","$","?","?","?","R","?","E","T","?","?","E","?","$","R","BOSS","M","?","M","$","?","R","M","M","T","?"],"build_version":"2019-07-17","purchased_purges":2,"victory":false,"max_hp_per_floor":[71,71,71,71,71,71,71,71,71,71,71,71,71,71,71,71,71,71,71,71,71,71,71,71,71,71,71],"card_choices":[{"not_picked":["Skim","Redo"],"picked":"Sunder","floor":1},{"not_picked":["Sweeping Beam","Streamline"],"picked":"Darkness","floor":5},{"not_picked":["Barrage","Hyperbeam"],"picked":"Stack","floor":8},{"not_picked":["Ball Lightning","Gash"],"picked":"Compile Driver","floor":11},{"not_picked":["Leap","Aggregate"],"picked":"Conserve Battery","floor":12},{"not_picked":["Hyperbeam","Buffer"],"picked":"Biased Cognition","floor":16},{"not_picked":["Barrage","Rebound"],"picked":"Stack+1","floor":18},{"not_picked":["Barrage","Blizzard"],"picked":"FTL","floor":20},{"not_picked":["Melter","Go for the Eyes"],"picked":"Static Discharge","floor":24},{"not_picked":["Sweeping Beam","Fusion"],"picked":"Capacitor","floor":25}],"player_experience":1737462,"relics_obtained":[{"floor":8,"key":"Orichalcum"},{"floor":9,"key":"Bag of Preparation"},{"floor":12,"key":"Letter Opener"},{"floor":13,"key":"Oddly Smooth Stone"},{"floor":26,"key":"Centennial Puzzle"}],"event_choices":[{"damage_healed":0,"gold_gain":0,"player_choice":"Grow","damage_taken":0,"max_hp_gain":0,"max_hp_loss":0,"event_name":"Living Wall","floor":3,"gold_loss":0,"cards_upgraded":["Sunder"]},{"cards_removed":["Strike_B"],"damage_healed":0,"gold_gain":0,"player_choice":"Purged","damage_taken":0,"max_hp_gain":0,"max_hp_loss":0,"event_name":"Purifier","floor":4,"gold_loss":0},{"damage_healed":0,"gold_gain":150,"player_choice":"AGREE","damage_taken":0,"max_hp_gain":0,"max_hp_loss":0,"event_name":"Liars Game","floor":7,"gold_loss":0,"cards_obtained":["Doubt"]},{"damage_healed":0,"gold_gain":0,"player_choice":"3 cards matched","damage_taken":0,"max_hp_gain":0,"max_hp_loss":0,"event_name":"Match and Keep!","floor":10,"gold_loss":0,"cards_obtained":["Buffer","Pain","Ball Lightning"]},{"damage_healed":0,"gold_gain":0,"player_choice":"Opened","damage_taken":0,"relics_obtained":["Singing Bowl"],"max_hp_gain":0,"max_hp_loss":0,"event_name":"The Mausoleum","floor":19,"gold_loss":0,"cards_obtained":["Writhe"]},{"damage_healed":0,"gold_gain":0,"player_choice":"2 cards matched","damage_taken":0,"max_hp_gain":0,"max_hp_loss":0,"event_name":"Match and Keep!","floor":22,"gold_loss":0,"cards_obtained":["Cold Snap","Creative AI"]}],"is_beta":false,"boss_relics":[{"not_picked":["Astrolabe","Lizard Tail"],"picked":"Inserter"}],"items_purged_floors":[14,21],"is_endless":false,"potions_floor_spawned":[1,8,11,12,20,25],"killed_by":"Centurion and Healer","ascension_level":17}