{"gold_per_floor":[364,364,37,60,74,74,74,74,74,74,117,117,131,34,34,34],"floor_reached":16,"playtime":338,"items_purged":["Writhe"],"score":186,"play_id":"d08ab405-8d72-4bc0-923f-93a5a121d49b","local_time":"20190822170313","is_ascension_mode":true,"campfire_choices":[{"data":"Zap","floor":6,"key":"SMITH"},{"data":"White Noise","floor":8,"key":"SMITH"},{"floor":12,"key":"REST"},{"floor":15,"key":"REST"}],"neow_cost":"CURSE","seed_source_timestamp":734670416137900,"circlet_count":0,"master_deck":["AscendersBane","Strike_B","Strike_B","Strike_B","Strike_B","Defend_B","Defend_B","Defend_B","Defend_B","Zap+1","Dualcast","Conserve Battery","Capacitor","Chaos","White Noise+1","Ball Lightning","Gash","Conserve Battery","Cold Snap","Double Energy","Leap","Sunder","Stack"],"relics":["Cracked Core","Golden Idol","Prayer Wheel","Gremlin Horn"],"potions_floor_usage":[11,13],"damage_taken":[{"damage":2,"enemies":"Jaw Worm","floor":1,"turns":3},{"damage":4,"enemies":"2 Louse","floor":4,"turns":3},{"damage":18,"enemies":"Small Slimes","floor":5,"turns":3},{"damage":23,"enemies":"Lagavulin","floor":11,"turns":5},{"damage":17,"enemies":"Exordium Thugs","floor":13,"turns":4},{"damage":47,"enemies":"Slime Boss","floor":16,"turns":6}],"seed_played":"-2946184476127936193","potions_obtained":[{"floor":5,"key":"Fire Potion"},{"floor":11,"key":"Regen Potion"}],"is_trial":false,"path_per_floor":["M","?","$","M","M","R","?","R","T","$","E","R","M","$","R","B"],"character_chosen":"DEFECT","items_purchased":["Capacitor","Chaos","White Noise","Ball Lightning","Sunder","Stack"],"campfire_rested":2,"item_purchase_floors":[3,3,3,3,14,14],"current_hp_per_floor":[62,62,62,58,40,40,33,33,33,33,10,31,26,26,47,0],"gold":34,"neow_bonus":"TWO_FIFTY_GOLD","is_prod":false,"is_daily":false,"chose_seed":false,"campfire_upgraded":2,"win_rate":0,"timestamp":1566486193,"path_taken":["M","?","$","M","M","R","?","R","T","$","E","R","M","?","R","BOSS"],"build_version":"2019-07-17","purchased_purges":1,"victory":false,"max_hp_per_floor":[71,71,71,71,71,71,71,71,71,71,71,71,71,71,71,71],"card_choices":[{"not_picked":["Streamline","Redo"],"picked":"Conserve Battery","floor":1},{"not_picked":["Recycle","Tempest"],"picked":"Gash","floor":4},{"not_picked":["Turbo","Go for the Eyes"],"picked":"Conserve Battery","floor":5},{"not_picked":["Turbo","Hologram"],"picked":"Cold Snap","floor":11},{"not_picked":["Undo","Steam"],"picked":"Double Energy","floor":13},{"not_picked":["Barrage","Glacier"],"picked":"Leap","floor":13}],"player_experience":1947645,"relics_obtained":[{"floor":9,"key":"Prayer Wheel"},{"floor":11,"key":"Gremlin Horn"}],"event_choices":[{"damage_healed":0,"gold_gain":0,"player_choice":"Take Wound","damage_taken":0,"relics_obtained":["Golden Idol"],"max_hp_gain":0,"max_hp_loss":0,"event_name":"Golden Idol","floor":2,"gold_loss":0,"cards_obtained":["Injury"]},{"cards_removed":["Injury"],"damage_healed":0,"gold_gain":0,"player_choice":"Card Removal","damage_taken":7,"max_hp_gain":0,"max_hp_loss":0,"event_name":"Golden Wing","floor":7,"gold_loss":0}],"is_beta":false,"boss_relics":[],"items_purged_floors":[3],"is_endless":false,"potions_floor_spawned":[5,11],"killed_by":"Slime Boss","ascension_level":18}