{"gold_per_floor":[411,428,428,451,451,451,89,89,89,11,44,9,22,46,46,172,172,196,295,345,108,122,122,135,158,233,249,270,270,195,214,214,343,343,358,372,705,25,37,37,57,57,110,129,143,143,167,183,183,183],"floor_reached":50,"playtime":2953,"items_purged":["Writhe"],"score":540,"play_id":"2c55911b-8758-4a4a-9fd4-15d5259ab6c7","local_time":"20180624113321","is_ascension_mode":true,"campfire_choices":[{"floor":6,"key":"REST"},{"data":"Loop","floor":8,"key":"SMITH"},{"data":"Zap","floor":15,"key":"SMITH"},{"data":"Dualcast","floor":23,"key":"SMITH"},{"floor":29,"key":"REST"},{"data":"All For One","floor":32,"key":"SMITH"},{"data":"Defragment","floor":40,"key":"SMITH"},{"data":"Mind Blast","floor":46,"key":"SMITH"},{"floor":49,"key":"REST"}],"neow_cost":"","seed_source_timestamp":0,"circlet_count":0,"master_deck":["Zap+1","Dualcast+1","Sweeping Beam+1","Loop+1","Gash","All For One+1","Leap","Chill+1","Electrodynamics","Cold Snap","Steam+1","Rainbow+1","Coolheaded+1","FTL","Mind Blast+1","Beam Cell+1","Recycle+1","Redo+1","Coolheaded+1","Beam Cell+1","Creative AI","Conserve Battery+1","Recycle+1","Gash","Go for the Eyes","Cold Snap","Conserve Battery+1","Defragment+1","Rebound","Capacitor+1","Madness+1","Madness+1","Gash","White Noise+1"],"special_seed":0,"relics":["Cracked Core","Old Coin","Bottled Tornado","Toxic Egg 2","Shuriken","Empty Cage","Question Card","Pandora\u0027s Box","Unceasing Top","Turnip","Tiny Chest","Regal Pillow"],"potions_floor_usage":[14,27,44,45,50,50],"damage_taken":[{"damage":0.0,"enemies":"Small Slimes","floor":1.0,"turns":3.0},{"damage":9,"enemies":"Jaw Worm","floor":2,"turns":3},{"damage":1,"enemies":"Cultist","floor":4,"turns":3},{"damage":25,"enemies":"Gremlin Nob","floor":11,"turns":4},{"damage":0,"enemies":"Gremlin Gang","floor":13,"turns":3},{"damage":0,"enemies":"Blue Slaver","floor":14,"turns":3},{"damage":33,"enemies":"Slime Boss","floor":16,"turns":7},{"damage":0,"enemies":"Chosen","floor":18,"turns":4},{"damage":0,"enemies":"3 Byrds","floor":22,"turns":3},{"damage":0,"enemies":"Snecko","floor":24,"turns":4},{"damage":27,"enemies":"Snake Plant","floor":25,"turns":3},{"damage":19,"enemies":"Slaver and Parasite","floor":27,"turns":4},{"damage":0,"enemies":"3 Cultists","floor":28,"turns":3},{"damage":0,"enemies":"Sentry and Sphere","floor":31,"turns":5},{"damage":40,"enemies":"Champ","floor":33,"turns":8},{"damage":6,"enemies":"3 Shapes","floor":35,"turns":4},{"damage":0,"enemies":"Orb Walker","floor":36,"turns":3},{"damage":3,"enemies":"Sphere and 2 Shapes","floor":39,"turns":8},{"damage":0,"enemies":"3 Darklings","floor":41,"turns":4},{"damage":13,"enemies":"Maw","floor":44,"turns":5},{"damage":0,"enemies":"4 Shapes","floor":45,"turns":5},{"damage":0,"enemies":"3 Darklings","floor":48,"turns":2},{"damage":78,"enemies":"Time Eater","floor":50,"turns":8}],"seed_played":"1420503990055355981","potions_obtained":[{"floor":1,"key":"Regen Potion"},{"floor":2,"key":"Block Potion"},{"floor":16,"key":"Fire Potion"},{"floor":18,"key":"Regen Potion"},{"floor":39,"key":"Energy Potion"},{"floor":44,"key":"GamblersBrew"},{"floor":48,"key":"Swift Potion"}],"is_trial":false,"path_per_floor":["M","M","?","M","?","R","$","R","T","$","E","?","M","M","R","B",null,"M","?","?","$","M","R","M","M","T","M","M","R","?","M","R","B",null,"M","M","?","$","M","R","M","?","T","M","M","R","T","M","R"],"character_chosen":"DEFECT","items_purchased":["All For One","Leap","Bottled Tornado","Chill+1","FTL","Mind Blast","Defragment","Rebound","Unceasing Top","Turnip"],"campfire_rested":3,"item_purchase_floors":[7,7,7,10,21,21,38,38,38,38],"current_hp_per_floor":[75,66,48,47,32,54,54,54,54,54,29,47,47,47,47,14,75,75,75,75,75,75,75,75,48,48,41,41,63,63,63,63,23,75,69,69,69,69,66,66,66,57,57,53,53,53,53,53,75,0],"gold":183,"neow_bonus":"","is_prod":false,"is_daily":false,"chose_seed":false,"campfire_upgraded":6,"win_rate":0,"timestamp":1529836401,"path_taken":["M","M","?","M","?","R","$","R","T","?","E","?","M","?","R","BOSS","M","?","?","$","M","R","M","M","T","M","M","R","?","?","R","BOSS","M","M","?","$","M","R","M","?","T","M","M","R","?","M","R","BOSS"],"build_version":"2018-06-21v2","purchased_purges":1,"victory":false,"max_hp_per_floor":[75,75,75,75,75,75,75,75,75,75,75,75,75,75,75,75,75,75,75,75,75,75,75,75,75,75,75,75,75,75,75,75,75,75,75,75,75,75,75,75,75,75,75,75,75,75,75,75,75,75],"card_choices":[{"not_picked":["Rip and Tear","Hologram"],"picked":"Sweeping Beam","floor":1},{"not_picked":["Hologram","Sunder"],"picked":"Loop","floor":2},{"not_picked":["Conserve Battery","Redo"],"picked":"Gash","floor":4},{"not_picked":["Barrage","BootSequence+1"],"picked":"Electrodynamics","floor":11},{"not_picked":["Barrage","Ball Lightning"],"picked":"Cold Snap","floor":13},{"not_picked":["Reprogram+1","Cold Snap"],"picked":"Steam+1","floor":14},{"not_picked":["Buffer","Seek+1"],"picked":"Rainbow+1","floor":16},{"not_picked":["Darkness+1","Gash"],"picked":"Coolheaded+1","floor":18},{"not_picked":["Reprogram+1","Static Discharge","BootSequence+1"],"picked":"SKIP","floor":22},{"not_picked":["Leap+1","Coolheaded+1"],"picked":"Beam Cell+1","floor":24},{"not_picked":["Scrape","Steam+1"],"picked":"Recycle+1","floor":25},{"not_picked":["Conserve Battery+1","Stack+1","Hologram+1"],"picked":"Redo+1","floor":27},{"not_picked":["Machine Learning","Redo+1","Ball Lightning"],"picked":"Coolheaded+1","floor":28},{"not_picked":["Go for the Eyes","Steam+1","Cold Snap+1"],"picked":"Beam Cell+1","floor":31},{"not_picked":["Buffer","Machine Learning","Rainbow+1"],"picked":"Creative AI","floor":33},{"not_picked":["Stack+1","Lockon+1","Barrage"],"picked":"Conserve Battery+1","floor":35},{"not_picked":["Chaos+1","Beam Cell","Conserve Battery+1","BootSequence+1"],"picked":"SKIP","floor":36},{"not_picked":["Darkness+1","Sunder+1","Force Field+1","Doom and Gloom"],"picked":"SKIP","floor":39},{"not_picked":["Blizzard+1","Hologram+1","Compile Driver+1"],"picked":"Capacitor+1","floor":41},{"not_picked":["Buffer","Coolheaded+1","Cold Snap+1","Ball Lightning+1"],"picked":"SKIP","floor":44},{"not_picked":["Compile Driver+1","Recycle+1","Fusion+1"],"picked":"Gash","floor":45},{"not_picked":["Recycle+1","Self Repair+1","Steam+1"],"picked":"White Noise+1","floor":48}],"player_experience":485983,"relics_obtained":[{"floor":9,"key":"Toxic Egg 2"},{"floor":11,"key":"Shuriken"},{"floor":26,"key":"Question Card"},{"floor":43,"key":"Tiny Chest"},{"floor":47,"key":"Regal Pillow"}],"event_choices":[{"event_name":"Golden Idol","player_choice":"Take Damage","floor":3,"damage_taken":0},{"event_name":"Shining Light","player_choice":"Entered Light","floor":5,"damage_taken":0},{"event_name":"The Cleric","player_choice":"Healed","floor":12,"damage_taken":0},{"event_name":"Nest","player_choice":"Stole From Cult","floor":19,"damage_taken":0},{"event_name":"The Joust","player_choice":"Bet on Murderer","floor":20,"damage_taken":0},{"event_name":"Beggar","player_choice":"Gave Gold","floor":30,"damage_taken":0},{"event_name":"The Moai Head","player_choice":"Gave Idol","floor":37,"damage_taken":0},{"event_name":"Winding Halls","player_choice":"Embrace Madness","floor":42,"damage_taken":0}],"boss_relics":[{"not_picked":["Coffee Dripper","Black Star"],"picked":"Empty Cage"},{"not_picked":["Orrery","Runic Pyramid"],"picked":"Pandora\u0027s Box"}],"items_purged_floors":[21],"is_endless":false,"potions_floor_spawned":[1,2,16,18,22,24,39,41,44,48],"killed_by":"Time Eater","ascension_level":3}