{"gold_per_floor":[117,136,136,86,99,128,128,128,202,202,231,244,274,291,291,386,386,386,326,326,241,241,241,241,241,241,241,121,121,121,121,121,121,121,121,23,23,23,23,23,23,23,23,23,23,23,23,23,23,23],"floor_reached":50,"playtime":3504,"items_purged":[],"score":785,"play_id":"8d9ff75a-3a08-41e4-897f-06ce46cd6207","local_time":"20191007171028","is_ascension_mode":true,"campfire_choices":[{"data":"Defragment","floor":7,"key":"SMITH"},{"floor":10,"key":"REST"},{"floor":15,"key":"REST"},{"floor":23,"key":"REST"},{"data":"Decay","floor":25,"key":"PURGE"},{"data":"Strike_B","floor":27,"key":"PURGE"},{"floor":32,"key":"REST"},{"floor":40,"key":"REST"},{"data":"Self Repair","floor":42,"key":"SMITH"},{"floor":49,"key":"REST"}],"neow_cost":"NONE","seed_source_timestamp":25769403789068,"circlet_count":0,"master_deck":["Defend_B+1","Zap","Dualcast","FTL","Ball Lightning","Coolheaded","Defragment+1","Electrodynamics","Turbo+1","Echo Form","Coolheaded","Melter","Multi-Cast","Amplify","Coolheaded+1","Creative AI","Chaos+1","Sunder+1","Ball Lightning+1","Leap+1","Self Repair+1","Coolheaded","Heatsinks","Doom and Gloom","Glacier+1","Hologram+1"],"relics":["Cracked Core","PreservedInsect","Shuriken","The Courier","Peace Pipe","Ectoplasm","Mummified Hand","Du-Vu Doll","Lantern","ClockworkSouvenir","War Paint","Astrolabe","Bottled Tornado","Sundial"],"potions_floor_usage":[13,29,31,31,33,50,50],"damage_taken":[{"damage":2,"enemies":"Small Slimes","floor":1,"turns":4},{"damage":2,"enemies":"Jaw Worm","floor":2,"turns":2},{"damage":0,"enemies":"2 Louse","floor":5,"turns":2},{"damage":33,"enemies":"Lagavulin","floor":6,"turns":5},{"damage":26,"enemies":"3 Sentries","floor":11,"turns":4},{"damage":0,"enemies":"2 Fungi Beasts","floor":12,"turns":2},{"damage":0,"enemies":"Gremlin Nob","floor":13,"turns":2},{"damage":9,"enemies":"Blue Slaver","floor":14,"turns":3},{"damage":10,"enemies":"The Guardian","floor":16,"turns":11},{"damage":26,"enemies":"3 Byrds","floor":18,"turns":3},{"damage":17,"enemies":"2 Thieves","floor":19,"turns":3},{"damage":14,"enemies":"Centurion and Healer","floor":24,"turns":5},{"damage":20,"enemies":"Shelled Parasite and Fungi","floor":29,"turns":3},{"damage":0,"enemies":"Gremlin Leader","floor":31,"turns":4},{"damage":22,"enemies":"Champ","floor":33,"turns":15},{"damage":1,"enemies":"Orb Walker","floor":35,"turns":3},{"damage":40,"enemies":"3 Darklings","floor":38,"turns":5},{"damage":0,"enemies":"Maw","floor":45,"turns":6},{"damage":28,"enemies":"Writhing Mass","floor":46,"turns":4},{"damage":37,"enemies":"Spire Growth","floor":47,"turns":6},{"damage":27,"enemies":"Reptomancer","floor":48,"turns":44},{"damage":68,"enemies":"Awakened One","floor":50,"turns":8}],"seed_played":"-7302847697994136083","potions_obtained":[{"floor":0,"key":"Explosive Potion"},{"floor":0,"key":"FocusPotion"},{"floor":0,"key":"FearPotion"},{"floor":5,"key":"PotionOfCapacity"},{"floor":11,"key":"Fire Potion"},{"floor":13,"key":"Weak Potion"},{"floor":24,"key":"DuplicationPotion"},{"floor":29,"key":"FearPotion"},{"floor":31,"key":"Ancient Potion"},{"floor":35,"key":"EssenceOfSteel"},{"floor":37,"key":"SkillPotion"},{"floor":38,"key":"Swift Potion"},{"floor":47,"key":"FocusPotion"}],"is_trial":false,"path_per_floor":["M","M","?","?","M","E","R","?","T","R","E","M","E","M","R","B",null,"M","M","?","?","?","R","M","R","T","R","$","M","?","E","R","B",null,"M","$","?","M","?","R","$","R","T","?","M","M","M","E","R","B"],"character_chosen":"DEFECT","items_purchased":["ClockworkSouvenir","Self Repair","Coolheaded"],"campfire_rested":6,"item_purchase_floors":[28,36,36],"current_hp_per_floor":[73,71,71,71,71,38,38,38,38,60,34,34,34,25,47,37,66,40,23,23,23,23,45,31,31,31,31,31,11,11,11,33,11,59,58,58,58,32,32,54,54,54,54,54,74,66,49,42,64,0],"gold":23,"neow_bonus":"THREE_SMALL_POTIONS","is_prod":false,"is_daily":false,"chose_seed":false,"campfire_upgraded":2,"win_rate":0,"timestamp":1570482628,"path_taken":["M","M","?","?","M","E","R","?","T","R","E","M","E","M","R","BOSS","M","M","?","?","?","R","M","R","T","R","?","M","?","E","R","BOSS","M","$","?","?","?","R","?","R","T","?","M","M","M","E","R","BOSS"],"build_version":"2019-10-04","purchased_purges":0,"victory":false,"max_hp_per_floor":[75,75,75,75,75,75,75,75,75,75,75,75,75,75,75,75,75,75,75,75,75,75,75,75,75,75,75,75,75,75,75,75,75,75,75,75,75,75,75,75,75,75,75,75,75,75,75,75,75,75],"card_choices":[{"not_picked":["Hologram","Conserve Battery"],"picked":"FTL","floor":1},{"not_picked":["Scrape","Gash"],"picked":"Ball Lightning","floor":2},{"not_picked":["Machine Learning","Turbo"],"picked":"Coolheaded","floor":5},{"not_picked":["Hologram","Scrape"],"picked":"Defragment","floor":6},{"not_picked":["Stack","Undo"],"picked":"Electrodynamics","floor":11},{"not_picked":["Stack","Steam Power","Redo"],"picked":"SKIP","floor":12},{"not_picked":["Stack","Gash"],"picked":"Turbo","floor":13},{"not_picked":["Gash","Go for the Eyes"],"picked":"Cold Snap","floor":14},{"not_picked":["Fission","Machine Learning"],"picked":"Echo Form","floor":16},{"not_picked":["Melter","Compile Driver"],"picked":"Coolheaded","floor":18},{"not_picked":["Sweeping Beam+1","Steam+1"],"picked":"Melter","floor":19},{"not_picked":["Sweeping Beam","Rebound+1","Redo"],"picked":"SKIP","floor":24},{"not_picked":["Beam Cell","Rebound","Redo"],"picked":"SKIP","floor":29},{"not_picked":["Cold Snap","Leap"],"picked":"Coolheaded+1","floor":31},{"not_picked":["Electrodynamics","Hyperbeam"],"picked":"Creative AI","floor":33},{"not_picked":["Sweeping Beam","Scrape+1"],"picked":"Leap+1","floor":35},{"not_picked":["Lockon","Stack","Force Field"],"picked":"SKIP","floor":38},{"not_picked":["Sweeping Beam","Gash"],"picked":"Heatsinks","floor":45},{"not_picked":["Compile Driver+1","Cold Snap"],"picked":"Doom and Gloom","floor":46},{"not_picked":["Redo","Leap"],"picked":"Glacier+1","floor":47},{"not_picked":["Self Repair","Doom and Gloom"],"picked":"Hologram+1","floor":48}],"player_experience":477495,"relics_obtained":[{"floor":6,"key":"PreservedInsect"},{"floor":9,"key":"Shuriken"},{"floor":11,"key":"The Courier"},{"floor":13,"key":"Peace Pipe"},{"floor":26,"key":"Lantern"},{"floor":31,"key":"War Paint"},{"floor":43,"key":"Bottled Tornado"},{"floor":48,"key":"Sundial"}],"event_choices":[{"damage_healed":0,"gold_gain":0,"player_choice":"Ignored","damage_taken":0,"max_hp_gain":0,"max_hp_loss":0,"event_name":"Golden Idol","floor":3,"gold_loss":0},{"cards_removed":["Strike_B"],"damage_healed":0,"gold_gain":0,"player_choice":"Card Removal","damage_taken":0,"max_hp_gain":0,"max_hp_loss":0,"event_name":"The Cleric","floor":4,"gold_loss":50},{"damage_healed":0,"gold_gain":0,"player_choice":"Ignored","damage_taken":0,"max_hp_gain":0,"max_hp_loss":0,"event_name":"Liars Game","floor":8,"gold_loss":0},{"damage_healed":0,"gold_gain":0,"player_choice":"Smashed Altar","damage_taken":0,"max_hp_gain":0,"max_hp_loss":0,"event_name":"Forgotten Altar","floor":20,"gold_loss":0,"cards_obtained":["Decay"]},{"damage_healed":0,"gold_gain":0,"player_choice":"Obtained Relic","damage_taken":0,"relics_obtained":["Mummified Hand"],"max_hp_gain":0,"max_hp_loss":0,"event_name":"Addict","floor":21,"gold_loss":85},{"damage_healed":0,"gold_gain":0,"player_choice":"Opened","damage_taken":0,"relics_obtained":["Du-Vu Doll"],"max_hp_gain":0,"max_hp_loss":0,"event_name":"The Mausoleum","floor":22,"gold_loss":0},{"damage_healed":0,"gold_gain":0,"cards_transformed":["Strike_B","Strike_B"],"player_choice":"Became Test Subject","damage_taken":0,"max_hp_gain":0,"max_hp_loss":0,"event_name":"Drug Dealer","floor":30,"gold_loss":0,"cards_obtained":["Multi-Cast","Amplify"]},{"damage_healed":0,"gold_gain":0,"player_choice":"Got Potions","damage_taken":0,"max_hp_gain":0,"max_hp_loss":0,"event_name":"Lab","floor":37,"gold_loss":0},{"damage_healed":0,"gold_gain":0,"player_choice":"Memory 1","damage_taken":0,"max_hp_gain":0,"max_hp_loss":0,"event_name":"SensoryStone","floor":39,"gold_loss":0},{"cards_removed":["Cold Snap"],"damage_healed":0,"gold_gain":0,"player_choice":"Removed Attack","damage_taken":0,"max_hp_gain":0,"max_hp_loss":0,"event_name":"Falling","floor":44,"gold_loss":0}],"is_beta":true,"boss_relics":[{"not_picked":["Black Star","FrozenCore"],"picked":"Ectoplasm"},{"not_picked":["Runic Dome","Velvet Choker"],"picked":"Astrolabe"}],"items_purged_floors":[],"is_endless":false,"potions_floor_spawned":[5,11,13,14,16,24,29,31,35,38,47,48],"killed_by":"Awakened One","ascension_level":5}