{"gold_per_floor":[114,26,26,38,48,48,48,48,48,48,68,97,97,22,22,22],"floor_reached":16,"playtime":437,"items_purged":[],"score":181,"play_id":"1d5a048c-abe6-4dc7-8aeb-b53e66157bb1","local_time":"20190706145612","is_ascension_mode":true,"campfire_choices":[{"data":"Zap","floor":6,"key":"SMITH"},{"data":"Fission","floor":8,"key":"SMITH"},{"data":"Chaos","floor":10,"key":"SMITH"},{"data":"Consume","floor":15,"key":"SMITH"}],"neow_cost":"NONE","seed_source_timestamp":19772936116000,"circlet_count":0,"master_deck":["AscendersBane","Strike_B","Strike_B","Strike_B","Defend_B","Defend_B","Defend_B","Defend_B","Zap+1","Dualcast","Consume+1","Self Repair","Fission+1","Zap","Chaos+1","Redo","Conserve Battery","FTL","Genetic Algorithm"],"relics":["Cracked Core","NeowsBlessing","Prayer Wheel","Ornamental Fan"],"potions_floor_usage":[11,16],"damage_taken":[{"damage":0,"enemies":"2 Louse","floor":1,"turns":1},{"damage":0,"enemies":"Cultist","floor":4,"turns":1},{"damage":0,"enemies":"Small Slimes","floor":5,"turns":1},{"damage":25,"enemies":"Exordium Wildlife","floor":11,"turns":5},{"damage":18,"enemies":"Lagavulin","floor":12,"turns":5},{"damage":47,"enemies":"Slime Boss","floor":16,"turns":7}],"seed_played":"8901825774108063028","potions_obtained":[{"floor":4,"key":"SteroidPotion"},{"floor":12,"key":"GamblersBrew"}],"is_trial":false,"path_per_floor":["M","$","?","M","M","R","$","R","T","R","M","E","?","?","R","B"],"character_chosen":"DEFECT","items_purchased":["Self Repair"],"campfire_rested":0,"item_purchase_floors":[2],"current_hp_per_floor":[64,64,64,64,64,64,64,64,64,64,46,35,40,40,40,0],"gold":22,"neow_bonus":"THREE_ENEMY_KILL","is_prod":false,"is_daily":false,"chose_seed":false,"campfire_upgraded":4,"win_rate":0,"timestamp":1562417772,"path_taken":["M","$","?","M","?","R","$","R","T","R","M","E","?","?","R","BOSS"],"build_version":"2019-07-05","purchased_purges":0,"victory":false,"max_hp_per_floor":[71,71,71,71,71,71,71,71,71,71,71,71,76,76,76,76],"card_choices":[{"not_picked":["Go for the Eyes","Stack"],"picked":"Consume","floor":1},{"not_picked":["Rebound","Ball Lightning"],"picked":"Chaos","floor":4},{"not_picked":["Barrage","Rip and Tear"],"picked":"Redo","floor":5},{"not_picked":["Gash","Consume"],"picked":"Conserve Battery","floor":11},{"not_picked":["Consume","Force Field"],"picked":"FTL","floor":11},{"not_picked":["Ball Lightning","Leap"],"picked":"Genetic Algorithm","floor":12}],"player_experience":1619967,"relics_obtained":[{"floor":9,"key":"Prayer Wheel"},{"floor":12,"key":"Ornamental Fan"}],"event_choices":[{"damage_healed":0,"gold_gain":0,"player_choice":"2 cards matched","damage_taken":0,"max_hp_gain":0,"max_hp_loss":0,"event_name":"Match and Keep!","floor":3,"gold_loss":0,"cards_obtained":["Fission","Zap"]},{"damage_healed":0,"gold_gain":0,"player_choice":"Donut","damage_taken":0,"max_hp_gain":5,"max_hp_loss":0,"event_name":"Big Fish","floor":13,"gold_loss":0},{"cards_removed":["Strike_B"],"damage_healed":0,"gold_gain":0,"player_choice":"Card Removal","damage_taken":0,"max_hp_gain":0,"max_hp_loss":0,"event_name":"The Cleric","floor":14,"gold_loss":75}],"is_beta":false,"boss_relics":[],"items_purged_floors":[],"is_endless":false,"potions_floor_spawned":[4,12],"killed_by":"Slime Boss","ascension_level":17}