{"gold_per_floor":[109,109,109,126,143,143,172,172,172,199,199,164,181,199,199,273,273,284,81,54,54,54,54,65,0,0,0,0,0,18,31,31,31],"floor_reached":33,"playtime":1008,"items_purged":["Strike_G"],"score":459,"play_id":"444522e9-f1c6-4988-9269-21beb7582d32","local_time":"20190622141029","is_ascension_mode":true,"campfire_choices":[{"data":"Neutralize","floor":6,"key":"SMITH"},{"data":"Poisoned Stab","floor":8,"key":"SMITH"},{"data":"Dash","floor":11,"key":"SMITH"},{"data":"Deadly Poison","floor":15,"key":"SMITH"},{"data":"Footwork","floor":23,"key":"SMITH"},{"floor":27,"key":"REST"},{"data":"After Image","floor":29,"key":"SMITH"},{"floor":32,"key":"REST"}],"neow_cost":"NONE","seed_source_timestamp":395520133016200,"circlet_count":0,"master_deck":["AscendersBane","Defend_G","Defend_G","Defend_G","Defend_G","Defend_G","Strike_G","Survivor","Neutralize+1","Deadly Poison+1","Unload","Blade Dance","Poisoned Stab+1","Flying Knee","Dash+1","Tactician","Dodge and Roll","After Image+1","Blade Dance","Footwork+1","Flechettes","Prepared","Decay","Calculated Gamble","Footwork","Riddle With Holes","Bouncing Flask","Underhanded Strike"],"relics":["Ring of the Snake","NeowsBlessing","Dodecahedron","Darkstone Periapt","Juzu Bracelet","Busted Crown","Singing Bowl"],"potions_floor_usage":[7,14,16,24,30],"damage_taken":[{"damage":0,"enemies":"Jaw Worm","floor":1,"turns":1},{"damage":0,"enemies":"Cultist","floor":4,"turns":1},{"damage":0,"enemies":"2 Louse","floor":5,"turns":1},{"damage":25,"enemies":"Lagavulin","floor":7,"turns":5},{"damage":20,"enemies":"Gremlin Nob","floor":10,"turns":4},{"damage":4,"enemies":"Blue Slaver","floor":13,"turns":3},{"damage":1,"enemies":"2 Fungi Beasts","floor":14,"turns":2},{"damage":15,"enemies":"Hexaghost","floor":16,"turns":11},{"damage":20,"enemies":"Spheric Guardian","floor":18,"turns":6},{"damage":22,"enemies":"2 Thieves","floor":20,"turns":5},{"damage":2,"enemies":"Shelled Parasite and Fungi","floor":24,"turns":7},{"damage":19,"enemies":"Snake Plant","floor":30,"turns":6},{"damage":3,"enemies":"Snecko","floor":31,"turns":6},{"damage":52,"enemies":"Champ","floor":33,"turns":9}],"seed_played":"3621683556202150160","potions_obtained":[{"floor":5,"key":"FearPotion"},{"floor":13,"key":"Fire Potion"},{"floor":14,"key":"SpeedPotion"},{"floor":18,"key":"Dexterity Potion"},{"floor":24,"key":"Block Potion"}],"is_trial":false,"path_per_floor":["M","?","$","M","M","R","E","R","T","E","R","?","M","M","R","B",null,"M","$","M","?","?","R","M","?","T","R","?","R","M","M","R","B"],"character_chosen":"THE_SILENT","items_purchased":["Footwork","Flechettes"],"campfire_rested":2,"item_purchase_floors":[19,19],"current_hp_per_floor":[59,59,59,59,59,59,34,34,34,14,14,30,26,25,25,10,52,32,32,10,16,30,30,28,28,28,49,49,49,30,27,48,0],"gold":31,"neow_bonus":"THREE_ENEMY_KILL","is_prod":false,"is_daily":false,"chose_seed":false,"campfire_upgraded":6,"win_rate":0,"timestamp":1561205429,"path_taken":["M","?","?","M","M","R","E","R","T","E","R","?","M","M","R","BOSS","M","$","M","?","?","R","M","?","T","R","?","R","M","M","R","BOSS"],"build_version":"2019-01-23","purchased_purges":1,"victory":false,"max_hp_per_floor":[66,66,66,66,66,66,66,66,66,66,66,66,66,66,66,66,66,66,66,66,72,72,72,72,72,72,72,72,72,72,72,72,72],"card_choices":[{"not_picked":["Dodge and Roll","Catalyst"],"picked":"Deadly Poison","floor":1},{"not_picked":["Riddle With Holes","Prepared"],"picked":"Blade Dance","floor":4},{"not_picked":["Concentrate","Tactician"],"picked":"Poisoned Stab","floor":5},{"not_picked":["Expertise","Quick Slash"],"picked":"Flying Knee","floor":7},{"not_picked":["Quick Slash","Caltrops"],"picked":"Dash","floor":10},{"not_picked":["Outmaneuver","Slice"],"picked":"Tactician","floor":13},{"not_picked":["Sucker Punch","Bane"],"picked":"Dodge and Roll","floor":14},{"not_picked":["Tools of the Trade","Phantasmal Killer"],"picked":"After Image","floor":16},{"not_picked":[],"picked":"Blade Dance","floor":18},{"not_picked":[],"picked":"Prepared","floor":20},{"not_picked":[],"picked":"Calculated Gamble","floor":24},{"not_picked":[],"picked":"Bouncing Flask","floor":30},{"not_picked":[],"picked":"Underhanded Strike","floor":31}],"player_experience":1439218,"relics_obtained":[{"floor":7,"key":"Dodecahedron"},{"floor":9,"key":"Darkstone Periapt"},{"floor":10,"key":"Juzu Bracelet"},{"floor":26,"key":"Singing Bowl"}],"event_choices":[{"damage_healed":0,"gold_gain":0,"cards_transformed":["Strike_G"],"player_choice":"Transformed","damage_taken":0,"max_hp_gain":0,"max_hp_loss":0,"event_name":"Transmorgrifier","floor":2,"gold_loss":0,"cards_obtained":["Unload"]},{"damage_healed":16,"gold_gain":0,"player_choice":"Healed","damage_taken":0,"max_hp_gain":0,"max_hp_loss":0,"event_name":"The Cleric","floor":12,"gold_loss":35},{"damage_healed":0,"gold_gain":0,"player_choice":"Smashed Altar","damage_taken":0,"max_hp_gain":0,"max_hp_loss":0,"event_name":"Forgotten Altar","floor":21,"gold_loss":0,"cards_obtained":["Decay"]},{"damage_healed":14,"gold_gain":0,"player_choice":"Heal","damage_taken":0,"max_hp_gain":0,"max_hp_loss":0,"event_name":"The Library","floor":22,"gold_loss":0},{"damage_healed":0,"gold_gain":0,"player_choice":"Paid Fearfully","damage_taken":0,"max_hp_gain":0,"max_hp_loss":0,"event_name":"Masked Bandits","floor":25,"gold_loss":65},{"damage_healed":0,"gold_gain":0,"cards_transformed":["Strike_G","Strike_G"],"player_choice":"Became Test Subject","damage_taken":0,"max_hp_gain":0,"max_hp_loss":0,"event_name":"Drug Dealer","floor":28,"gold_loss":0,"cards_obtained":["Footwork","Riddle With Holes"]}],"is_beta":false,"boss_relics":[{"not_picked":["Eternal Feather","Runic Dome"],"picked":"Busted Crown"}],"items_purged_floors":[19],"is_endless":false,"potions_floor_spawned":[5,13,14,18,24],"killed_by":"Champ","ascension_level":16}