{"gold_per_floor":[111,125,125,143,17,17,36,56,86,116,116,177,191,3,3,77,77,97,107,107,107,7,7,38,52,106,106,106,106,120,132,132,209,209,220,234,3,23,40,40],"floor_reached":40,"playtime":2344,"items_purged":["Strike_G","Strike_G"],"score":828,"play_id":"042b414c-9844-4224-b584-ae4a1317bb85","local_time":"20190627123727","is_ascension_mode":true,"campfire_choices":[{"data":"Neutralize","floor":6,"key":"SMITH"},{"floor":15,"key":"REST"},{"data":"Ghostly","floor":23,"key":"SMITH"},{"floor":27,"key":"REST"},{"floor":29,"key":"REST"},{"floor":32,"key":"REST"}],"neow_cost":"NONE","seed_source_timestamp":820611805194300,"circlet_count":0,"master_deck":["AscendersBane","Defend_G","Defend_G","Defend_G","Defend_G","Survivor","Neutralize+1","Well Laid Plans","Quick Slash","Noxious Fumes","Poisoned Stab","Deflect","Bouncing Flask","Adrenaline","Cloak And Dagger","Deflect","Dagger Throw","After Image","Backflip","Backflip","RitualDagger","Ghostly+1","Ghostly","Ghostly","Venomology","Flying Knee","Footwork","Prepared","Storm of Steel","Accuracy","Enlightenment","Cloak And Dagger","Blade Dance+1"],"relics":["Ring of the Snake","NeowsBlessing","Tiny Chest","Art of War","Omamori","Bottled Flame","Bronze Scales","Empty Cage","Ice Cream","Strawberry","Busted Crown"],"potions_floor_usage":[7,12,16,16,19,25,30,31,33,33,33,35,38,38,39,39,39,39,40,40],"damage_taken":[{"damage":0,"enemies":"Jaw Worm","floor":1,"turns":1},{"damage":0,"enemies":"Cultist","floor":2,"turns":2},{"damage":0,"enemies":"Small Slimes","floor":4,"turns":1},{"damage":0,"enemies":"Blue Slaver","floor":7,"turns":5},{"damage":12,"enemies":"Large Slime","floor":8,"turns":6},{"damage":25,"enemies":"Lagavulin","floor":10,"turns":6},{"damage":14,"enemies":"Gremlin Nob","floor":12,"turns":4},{"damage":6,"enemies":"Looter","floor":13,"turns":4},{"damage":0,"enemies":"The Guardian","floor":16,"turns":8},{"damage":13,"enemies":"Spheric Guardian","floor":18,"turns":4},{"damage":10,"enemies":"3 Byrds","floor":19,"turns":4},{"damage":15,"enemies":"Slavers","floor":24,"turns":8},{"damage":9,"enemies":"Snake Plant","floor":25,"turns":4},{"damage":0,"enemies":"Snecko","floor":30,"turns":7},{"damage":0,"enemies":"Centurion and Healer","floor":31,"turns":9},{"damage":5,"enemies":"Champ","floor":33,"turns":15},{"damage":8,"enemies":"3 Darklings","floor":35,"turns":7},{"damage":3,"enemies":"Orb Walker","floor":36,"turns":5},{"damage":3,"enemies":"Sphere and 2 Shapes","floor":38,"turns":5},{"damage":17,"enemies":"Maw","floor":39,"turns":7},{"damage":13,"enemies":"Nemesis","floor":40,"turns":4}],"seed_played":"-3885919040941273411","potions_obtained":[{"floor":1,"key":"PowerPotion"},{"floor":2,"key":"Weak Potion"},{"floor":10,"key":"SkillPotion"},{"floor":13,"key":"EssenceOfSteel"},{"floor":18,"key":"Weak Potion"},{"floor":30,"key":"Weak Potion"},{"floor":31,"key":"Swift Potion"},{"floor":35,"key":"Energy Potion"},{"floor":38,"key":"EntropicBrew"}],"is_trial":false,"path_per_floor":["M","M","?","M","$","R","M","M","T","E","T","?","M","$","R","B",null,"M","M","?","?","$","R","E","M","T","R","?","R","M","M","R","B",null,"M","M","$","M","M","E"],"character_chosen":"THE_SILENT","items_purchased":["Poisoned Stab","Bronze Scales","Dagger Throw","Accuracy","Enlightenment","PowerPotion"],"campfire_rested":4,"item_purchase_floors":[5,14,14,37,37,37],"current_hp_per_floor":[59,59,59,59,59,59,59,47,47,22,22,8,2,2,21,21,55,42,32,26,26,26,26,11,2,9,21,21,33,33,33,40,35,39,31,28,28,25,8,0],"gold":40,"neow_bonus":"THREE_ENEMY_KILL","is_prod":false,"is_daily":false,"chose_seed":false,"campfire_upgraded":2,"win_rate":0,"timestamp":1561631847,"path_taken":["M","M","?","?","$","R","M","M","T","E","?","?","M","$","R","BOSS","M","M","?","?","$","R","E","M","T","R","?","R","M","M","R","BOSS","M","M","$","M","M","E"],"build_version":"2019-01-23","purchased_purges":2,"victory":false,"max_hp_per_floor":[66,66,66,66,66,66,66,66,66,66,66,66,66,66,66,66,66,66,66,66,33,33,33,33,33,40,40,40,40,40,40,40,40,40,40,40,40,40,40,40],"card_choices":[{"not_picked":["All Out Attack","Escape Plan"],"picked":"Well Laid Plans","floor":1},{"not_picked":["Underhanded Strike","Cloak And Dagger"],"picked":"Quick Slash","floor":2},{"not_picked":["Sucker Punch","Prepared"],"picked":"Noxious Fumes","floor":4},{"not_picked":["Prepared","Poisoned Stab"],"picked":"Deflect","floor":7},{"not_picked":["Backflip","Deadly Poison"],"picked":"Bouncing Flask","floor":8},{"not_picked":["Cloak And Dagger","Flechettes"],"picked":"Adrenaline","floor":10},{"not_picked":["Underhanded Strike","Quick Slash"],"picked":"Cloak And Dagger","floor":12},{"not_picked":["Accuracy","Prepared"],"picked":"Deflect","floor":13},{"not_picked":["Venomology","Glass Knife"],"picked":"After Image","floor":16},{"not_picked":["Poisoned Stab","Blade Dance"],"picked":"Backflip","floor":18},{"not_picked":["Outmaneuver","Underhanded Strike"],"picked":"Backflip","floor":19},{"not_picked":["Endless Agony","Masterful Stab"],"picked":"Venomology","floor":24},{"not_picked":["Blade Dance","Acrobatics"],"picked":"Flying Knee","floor":25},{"not_picked":["Riddle With Holes","Slice"],"picked":"Footwork","floor":30},{"not_picked":["Deflect","Heel Hook"],"picked":"Prepared","floor":31},{"not_picked":["Phantasmal Killer","Wraith Form v2"],"picked":"Storm of Steel","floor":33},{"not_picked":["Outmaneuver"],"picked":"SKIP","floor":35},{"not_picked":["Bane"],"picked":"SKIP","floor":36},{"not_picked":[],"picked":"Cloak And Dagger","floor":38},{"not_picked":[],"picked":"Blade Dance+1","floor":39}],"player_experience":1501237,"relics_obtained":[{"floor":9,"key":"Tiny Chest"},{"floor":10,"key":"Art of War"},{"floor":11,"key":"Omamori"},{"floor":12,"key":"Bottled Flame"},{"floor":24,"key":"Ice Cream"},{"floor":26,"key":"Strawberry"}],"event_choices":[{"cards_removed":["Strike_G"],"damage_healed":0,"gold_gain":0,"player_choice":"Purged","damage_taken":0,"max_hp_gain":0,"max_hp_loss":0,"event_name":"Purifier","floor":3,"gold_loss":0},{"damage_healed":0,"gold_gain":0,"player_choice":"Searched \u00271\u0027 times","damage_taken":0,"max_hp_gain":0,"max_hp_loss":0,"event_name":"Dead Adventurer","floor":12,"gold_loss":0},{"damage_healed":0,"gold_gain":0,"player_choice":"Joined the Cult","damage_taken":6,"max_hp_gain":0,"max_hp_loss":0,"event_name":"Nest","floor":20,"gold_loss":0,"cards_obtained":["RitualDagger"]},{"damage_healed":0,"gold_gain":0,"player_choice":"Became a Ghost","damage_taken":0,"max_hp_gain":0,"max_hp_loss":33,"event_name":"Ghosts","floor":21,"gold_loss":0,"cards_obtained":["Ghostly","Ghostly","Ghostly"]},{"cards_removed":["Defend_G"],"damage_healed":0,"gold_gain":0,"player_choice":"Purged","damage_taken":0,"max_hp_gain":0,"max_hp_loss":0,"event_name":"Purifier","floor":28,"gold_loss":0}],"is_beta":false,"boss_relics":[{"not_picked":["WristBlade","Ectoplasm"],"picked":"Empty Cage"},{"not_picked":["HoveringKite","Sozu"],"picked":"Busted Crown"}],"items_purged_floors":[5,22],"is_endless":false,"potions_floor_spawned":[1,2,10,13,18,30,31,35,38],"killed_by":"Nemesis","ascension_level":16}