{"path_per_floor":["M","M","M","?","$","?","E","$","T","M","E","?","?","?","R","B",null,"M","M","$","?","?","E"],"character_chosen":"THE_SILENT","items_purchased":["Leg Sweep","Kunai","Noxious Fumes"],"gold_per_floor":[114,132,151,151,36,36,69,69,69,88,118,118,118,193,193,323,323,338,363,39,39,39,73],"floor_reached":24,"campfire_rested":1,"playtime":2676,"current_hp_per_floor":[67,65,65,65,65,51,31,31,31,31,21,44,44,33,52,24,65,39,32,32,32,32,11],"items_purged":["Injury"],"gold":73,"score":233,"play_id":"5c434418-d26b-467a-8f6e-fdef528b235f","is_prod":false,"is_daily":false,"is_ascension_mode":true,"campfire_upgraded":0,"path_taken":["M","M","M","?","$","?","E","$","T","M","E","?","?","?","R","BOSS","M","M","$","?","?","E","M"],"build_version":"2018-02-08-PROD1","purchased_purges":1,"victory":false,"master_deck":["Defend_G","Defend_G","Defend_G","Defend_G","Strike_G","Strike_G","Strike_G+1","Strike_G","Survivor+1","Neutralize+1","Poisoned Stab+1","Cloak And Dagger","Poisoned Stab+1","Leg Sweep","Corpse Explosion","Outmaneuver","Venomology","Flying Knee+1","Noxious Fumes","Burst"],"max_hp_per_floor":[70,70,70,70,70,70,70,70,70,70,70,70,65,65,65,65,65,65,65,65,65,65,65],"relics":["Ring of the Snake","Bag of Preparation","Whetstone","Ninja Scroll","Juzu Bracelet","Golden Idol","The Specimen","Kunai","Matryoshka"],"card_choices":[{"not_picked":["Catalyst","Flechettes"],"picked":"Poisoned Stab"},{"not_picked":["Slice","Dagger Spray"],"picked":"Cloak And Dagger"},{"not_picked":["All Out Attack","Sucker Punch"],"picked":"Poisoned Stab"},{"not_picked":["Calculated Gamble","Backflip"],"picked":"Corpse Explosion"},{"not_picked":["Flying Knee","Well Laid Plans"],"picked":"Outmaneuver"},{"not_picked":["Die Die Die","Wraith Form"],"picked":"Venomology"},{"not_picked":["Outmaneuver","Glass Knife"],"picked":"Flying Knee"}],"player_experience":178287,"potions_floor_usage":[11,16,23,23,24,24,24],"damage_taken":[{"damage":3,"enemies":"2 Louse","floor":1,"turns":2},{"damage":2,"enemies":"Blue Slaver","floor":2,"turns":4},{"damage":0,"enemies":"Small Slimes","floor":3,"turns":4},{"damage":20,"enemies":"3 Sentries","floor":7,"turns":10},{"damage":0,"enemies":"Exordium Wildlife","floor":10,"turns":2},{"damage":10,"enemies":"Gremlin Nob","floor":11,"turns":4},{"damage":28,"enemies":"Hexaghost","floor":16,"turns":11},{"damage":26,"enemies":"Spheric Guardian","floor":18,"turns":8},{"damage":7,"enemies":"Shell Parasite","floor":19,"turns":9},{"damage":21,"enemies":"Book of Stabbing","floor":23,"turns":7},{"damage":12,"enemies":"Chosen and Byrds","floor":24,"turns":5}],"event_choices":[{"event_name":"Accursed Blacksmith","player_choice":"Forge","floor":4,"damage_taken":0},{"event_name":"Shining Light","player_choice":"Entered Light","floor":6,"damage_taken":0},{"event_name":"Big Fish","player_choice":"Banana","floor":12,"damage_taken":0},{"event_name":"Golden Idol","player_choice":"Lose Max HP","floor":13,"damage_taken":0},{"event_name":"World of Goop","player_choice":"Gather Gold","floor":14,"damage_taken":0},{"event_name":"Purifier","player_choice":"One Purge","floor":21,"damage_taken":0},{"event_name":"Transmorgrifier","player_choice":"Transform","floor":22,"damage_taken":0}],"boss_relics":[{"not_picked":["Snecko Eye","Runic Dome"],"picked":"The Specimen"}],"potions_floor_spawned":[3,11,18],"seed_played":"1693114719315107591","killed_by":"Chosen and Byrds","ascension_level":1,"is_trial":false}