{"gold_per_floor":[112,112,36,36,49,49,49,49,118,118,150,150,150,167,167,262,262,273,287,197,122,135,135,168,168,168,168,168,168,68,100,100,199,199,219,1218,1068,1121,1121,1121,1121,1121,1147,750,750,768,768,793,793,894,894,904,904,180,180,180,180,180,180,180,192,192,92],"floor_reached":63,"playtime":2157,"items_purged":["Body Slam","Conserve Battery","Normality","Regret","Disarm+1","Flame Barrier+1"],"score":1065,"play_id":"65e4afe8-202c-44a1-8f5c-51a329f2919f","local_time":"20190414130607","daily_mods":["SealedDeck","Red Cards","Blue Cards","Heirloom","Time Dilation","Flight"],"is_ascension_mode":false,"campfire_choices":[{"data":"Whirlwind","floor":6.0,"key":"SMITH"},{"data":"Disarm","floor":7.0,"key":"SMITH"},{"data":"Flame Barrier","floor":8.0,"key":"SMITH"},{"data":"Searing Blow","floor":10.0,"key":"SMITH"},{"data":"Searing Blow+1","floor":12.0,"key":"SMITH"},{"data":"Searing Blow+2","floor":13.0,"key":"SMITH"},{"data":"Searing Blow+3","floor":15.0,"key":"SMITH"},{"data":"Searing Blow+4","floor":23.0,"key":"SMITH"},{"data":"Searing Blow+5","floor":25.0,"key":"SMITH"},{"data":"Searing Blow+6","floor":27.0,"key":"SMITH"},{"data":"Searing Blow+7","floor":28.0,"key":"SMITH"},{"data":"Searing Blow+8","floor":29.0,"key":"SMITH"},{"data":"Searing Blow+9","floor":32.0,"key":"SMITH"},{"data":"Searing Blow+10","floor":40,"key":"SMITH"},{"data":"Searing Blow+11","floor":41,"key":"SMITH"},{"data":"Searing Blow+12","floor":42,"key":"SMITH"},{"data":"Searing Blow+13","floor":45,"key":"SMITH"},{"data":"Searing Blow+14","floor":47,"key":"SMITH"},{"data":"Searing Blow+15","floor":49,"key":"SMITH"},{"data":"Searing Blow+16","floor":57,"key":"SMITH"},{"data":"Searing Blow+17","floor":58,"key":"SMITH"},{"data":"Searing Blow+18","floor":59,"key":"SMITH"}],"neow_cost":"","seed_source_timestamp":0,"circlet_count":0,"master_deck":["Shrug It Off","Steam","Whirlwind+1","Echo Form","Steam+1","Steam+1","Shrug It Off","Hologram+1","Hologram+1","True Grit+1","Zap+1"],"special_seed":0,"relics":["Burning Blood","Turnip","Kunai","Darkstone Periapt","Cursed Key","Pen Nib","Blue Candle","Calipers","Calling Bell","Dream Catcher","Mercury Hourglass","FossilizedHelix","Potion Belt","Toxic Egg 2","Lantern","Runic Cube","Peace Pipe","Membership Card","Singing Bowl","Omamori","Question Card"],"potions_floor_usage":[50],"damage_taken":[{"damage":0.0,"enemies":"2 Louse","floor":1.0,"turns":2.0},{"damage":0.0,"enemies":"Cultist","floor":5.0,"turns":3.0},{"damage":9.0,"enemies":"3 Sentries","floor":11.0,"turns":4.0},{"damage":0.0,"enemies":"Jaw Worm","floor":14.0,"turns":2.0},{"damage":5.0,"enemies":"Slime Boss","floor":16.0,"turns":8.0},{"damage":0.0,"enemies":"2 Thieves","floor":18.0,"turns":4.0},{"damage":0.0,"enemies":"Spheric Guardian","floor":19.0,"turns":3.0},{"damage":2.0,"enemies":"Chosen and Byrds","floor":22.0,"turns":3.0},{"damage":0.0,"enemies":"Gremlin Leader","floor":24.0,"turns":4.0},{"damage":21.0,"enemies":"Slavers","floor":31.0,"turns":3.0},{"damage":14.0,"enemies":"Collector","floor":33.0,"turns":3.0},{"damage":8.0,"enemies":"3 Darklings","floor":35.0,"turns":3.0},{"damage":12.0,"enemies":"2 Orb Walkers","floor":38.0,"turns":4.0},{"damage":10,"enemies":"3 Shapes","floor":46,"turns":5},{"damage":0,"enemies":"Nemesis","floor":48,"turns":1},{"damage":9,"enemies":"Awakened One","floor":50,"turns":6},{"damage":0,"enemies":"Small Slimes","floor":52,"turns":2},{"damage":0,"enemies":"Cultist","floor":61,"turns":2}],"seed_played":"1180202045944582398","potions_obtained":[{"floor":5.0,"key":"FearPotion"},{"floor":14.0,"key":"FearPotion"},{"floor":19.0,"key":"Fire Potion"},{"floor":22.0,"key":"GamblersBrew"},{"floor":38.0,"key":"AttackPotion"},{"floor":50,"key":"FearPotion"},{"floor":61,"key":"SteroidPotion"}],"is_trial":true,"path_per_floor":["M","?","$","?","M","R","R","R","T","R","E","R","R","M","R","B",null,"M","M","?","$","M","R","E","R","T","R","R","R","$","E","R","B",null,"M","?","$","?","?","R","R","R","T","$","R","M","R","E","R","B",null,"M","?","$","?","?","R","R","R","T","M","?","$"],"character_chosen":"IRONCLAD","items_purchased":["Whirlwind","Shrug It Off","Toxic Egg 2","Peace Pipe","Membership Card","Singing Bowl"],"campfire_rested":0,"item_purchase_floors":[3,37,44,54,54,54],"current_hp_per_floor":[80,80,80,80,80,80,80,80,80,80,77,77,77,80,80,80,80,80,80,80,80,80,80,80,80,80,80,80,80,80,65,65,57,80,78,90,90,84,84,84,84,84,90,90,90,86,86,92,92,89,98,98,98,98,65,65,65,65,65,65,71,71,71],"gold":92,"neow_bonus":"","is_prod":false,"is_daily":false,"chose_seed":false,"campfire_upgraded":22,"win_rate":1,"timestamp":1555272367,"path_taken":["M","?","?","?","M","R","R","R","T","R","E","R","R","?","R","BOSS","M","?","?","$","?","R","E","R","T","R","R","R","$","E","R","BOSS","M","?","$","?","?","R","R","R","T","$","R","?","R","E","R","BOSS","M","?","$","?","?","R","R","R","T","?","?","$"],"build_version":"2019-01-23","purchased_purges":6,"victory":false,"max_hp_per_floor":[80,80,80,80,80,80,80,80,80,80,80,80,80,80,80,80,80,80,80,80,80,80,80,80,80,80,80,80,80,80,80,80,80,80,80,92,92,92,92,92,92,92,98,98,98,98,98,98,98,98,98,98,98,98,98,98,98,98,98,98,98,98,98],"card_choices":[{"not_picked":["Gash","Force Field","Aggregate"],"picked":"SKIP","floor":1.0},{"not_picked":["Clash","Sword Boomerang","Double Energy"],"picked":"SKIP","floor":5.0},{"not_picked":["Blood for Blood","Stack","Entrench"],"picked":"SKIP","floor":11.0},{"not_picked":["Iron Wave","Thunderclap","Dual Wield"],"picked":"SKIP","floor":14.0},{"not_picked":["Meteor Strike","Hyperbeam"],"picked":"Echo Form","floor":16.0},{"not_picked":["Intimidate+1","Redo","Entrench"],"picked":"SKIP","floor":18.0},{"not_picked":["Stack","Wild Strike"],"picked":"Steam","floor":19.0},{"not_picked":["Sweeping Beam+1","Gash"],"picked":"Steam+1","floor":22.0},{"not_picked":["Steam","Hyperbeam","Perfected Strike"],"picked":"SKIP","floor":24.0},{"not_picked":["Stack","Body Slam","Armaments"],"picked":"SKIP","floor":31.0},{"not_picked":["Self Repair","Iron Wave","Steam Power"],"picked":"SKIP","floor":35.0},{"not_picked":["Rupture+1","Heavy Blade"],"picked":"Hologram+1","floor":46},{"not_picked":["Wild Strike+1","Turbo+1","Heatsinks+1"],"picked":"SKIP","floor":48},{"not_picked":["Sever Soul","Double Energy+1"],"picked":"Hologram+1","floor":52},{"not_picked":["Shrug It Off+1","Stack+1","Fiend Fire"],"picked":"True Grit+1","floor":61}],"player_experience":99046,"relics_obtained":[{"floor":9.0,"key":"Kunai"},{"floor":11.0,"key":"Darkstone Periapt"},{"floor":24.0,"key":"Pen Nib"},{"floor":26.0,"key":"Blue Candle"},{"floor":31.0,"key":"Calipers"},{"floor":34.0,"key":"Dream Catcher"},{"floor":34.0,"key":"Mercury Hourglass"},{"floor":34.0,"key":"FossilizedHelix"},{"floor":43,"key":"Potion Belt"},{"floor":48,"key":"Lantern"},{"floor":60,"key":"Question Card"}],"event_choices":[{"cards_removed":["Iron Wave"],"damage_healed":5.0,"max_hp_gain":0.0,"max_hp_loss":0.0,"gold_gain":0.0,"event_name":"Bonfire Elementals","player_choice":"Offered Common","floor":2.0,"gold_loss":0.0,"damage_taken":0.0},{"cards_removed":["Iron Wave"],"damage_healed":5.0,"max_hp_gain":0.0,"max_hp_loss":0.0,"gold_gain":0.0,"event_name":"Bonfire Elementals","player_choice":"Offered Special","floor":2.0,"gold_loss":0.0,"damage_taken":0.0},{"damage_healed":0.0,"max_hp_gain":0.0,"max_hp_loss":0.0,"gold_gain":0.0,"event_name":"NoteForYourself","player_choice":"Ignored","floor":4.0,"gold_loss":0.0,"damage_taken":0.0},{"cards_removed":["Heavy Blade"],"damage_healed":0.0,"max_hp_gain":0.0,"max_hp_loss":0.0,"gold_gain":0.0,"event_name":"Designer","player_choice":"Upgrade and Remove","floor":20.0,"gold_loss":90.0,"damage_taken":0.0,"cards_upgraded":["Steam"]},{"damage_healed":0.0,"max_hp_gain":0.0,"max_hp_loss":0.0,"gold_gain":999.0,"event_name":"MindBloom","player_choice":"Gold","floor":36.0,"gold_loss":0.0,"damage_taken":0.0,"cards_obtained":["Normality","Normality"]},{"damage_healed":0.0,"max_hp_gain":0.0,"max_hp_loss":0.0,"gold_gain":0.0,"event_name":"Mysterious Sphere","player_choice":"Fight","floor":38.0,"gold_loss":0.0,"damage_taken":0.0},{"damage_healed":0,"gold_gain":0,"player_choice":"0 cards matched","damage_taken":0,"max_hp_gain":0,"max_hp_loss":0,"event_name":"Match and Keep!","floor":39,"gold_loss":0,"cards_obtained":[]},{"cards_removed":["Normality"],"damage_healed":0,"gold_gain":0,"player_choice":"Forget","damage_taken":0,"max_hp_gain":0,"max_hp_loss":0,"event_name":"Living Wall","floor":53,"gold_loss":0},{"damage_healed":0,"gold_gain":0,"player_choice":"Success","damage_taken":33,"relics_obtained":["Omamori"],"max_hp_gain":0,"max_hp_loss":0,"event_name":"Scrap Ooze","floor":55,"gold_loss":0},{"cards_removed":["Leap"],"damage_healed":0,"gold_gain":0,"player_choice":"Purged","damage_taken":0,"max_hp_gain":0,"max_hp_loss":0,"event_name":"Purifier","floor":56,"gold_loss":0},{"cards_removed":["Searing Blow"],"damage_healed":0,"gold_gain":0,"player_choice":"Took Card","damage_taken":0,"max_hp_gain":0,"max_hp_loss":0,"event_name":"NoteForYourself","floor":62,"gold_loss":0,"cards_obtained":["Zap"]}],"is_beta":false,"boss_relics":[{"not_picked":["Black Blood","Sozu"],"picked":"Cursed Key"},{"not_picked":["Eternal Feather","Orrery"],"picked":"Calling Bell"},{"not_picked":["Busted Crown","Fusion Hammer"],"picked":"Runic Cube"}],"items_purged_floors":[21,30,37,44,54,63],"is_endless":true,"potions_floor_spawned":[5,14,19,22,38,50,61],"ascension_level":0}