{"gold_per_floor":[115,195,208,220,220,220,301,301,327,340,66,76,87,107,107,180,180,191,15,34,34,34],"floor_reached":22,"playtime":1164,"items_purged":["Strike_B","Strike_B"],"score":329,"play_id":"d9c52886-dc74-4f30-ad8a-863c135531ee","local_time":"20190804125111","is_ascension_mode":true,"campfire_choices":[{"data":"Zap","floor":6,"key":"SMITH"},{"data":"Conserve Battery","floor":8,"key":"SMITH"},{"floor":15,"key":"REST"}],"neow_cost":"NONE","seed_source_timestamp":157454551470300,"circlet_count":0,"master_deck":["AscendersBane","Strike_B+1","Defend_B","Defend_B","Zap+1","Dualcast","Impatience","Conserve Battery+1","BootSequence","Steam+1","Electrodynamics","Auto Shields","Capacitor","Stack","Cold Snap","Creative AI","Force Field","Self Repair","Hologram"],"relics":["Cracked Core","Tiny Chest","Shuriken","Happy Flower","Bag of Preparation","Empty Cage"],"potions_floor_usage":[13,16],"damage_taken":[{"damage":6,"enemies":"Cultist","floor":1,"turns":4},{"damage":9,"enemies":"2 Louse","floor":3,"turns":3},{"damage":0,"enemies":"Jaw Worm","floor":4,"turns":4},{"damage":3,"enemies":"Looter","floor":10,"turns":3},{"damage":10,"enemies":"Exordium Thugs","floor":12,"turns":4},{"damage":0,"enemies":"Red Slaver","floor":13,"turns":4},{"damage":0,"enemies":"Lots of Slimes","floor":14,"turns":2},{"damage":8,"enemies":"Slime Boss","floor":16,"turns":9},{"damage":25,"enemies":"Spheric Guardian","floor":18,"turns":8},{"damage":26,"enemies":"3 Byrds","floor":20,"turns":3},{"damage":25,"enemies":"Sentry and Sphere","floor":22,"turns":7}],"seed_played":"1585933529026728018","potions_obtained":[{"floor":4,"key":"SmokeBomb"},{"floor":10,"key":"Swift Potion"},{"floor":13,"key":"PowerPotion"}],"is_trial":false,"path_per_floor":["M","T","M","M","?","R","T","R","T","M","$","M","M","M","R","B",null,"M","$","M","?","M"],"character_chosen":"DEFECT","items_purchased":["Bag of Preparation","Auto Shields","Self Repair"],"campfire_rested":1,"item_purchase_floors":[11,11,19],"current_hp_per_floor":[58,58,49,49,28,28,28,28,28,25,25,15,15,15,36,28,60,35,35,16,16,0],"gold":34,"neow_bonus":"RANDOM_COLORLESS","is_prod":false,"is_daily":false,"chose_seed":false,"campfire_upgraded":2,"win_rate":0,"timestamp":1564915871,"path_taken":["M","?","M","M","?","R","?","R","T","M","?","M","?","M","R","BOSS","M","$","M","?","M"],"build_version":"2019-07-17","purchased_purges":2,"victory":false,"max_hp_per_floor":[71,71,71,71,71,71,71,71,71,71,71,71,71,71,71,71,71,71,71,71,71,71],"card_choices":[{"not_picked":["Redo","Stack"],"picked":"Conserve Battery","floor":1},{"not_picked":["Barrage","Redo"],"picked":"BootSequence","floor":3},{"not_picked":["Redo","Rebound"],"picked":"Steam","floor":4},{"not_picked":["Self Repair","Force Field"],"picked":"Electrodynamics","floor":10},{"not_picked":["Skim","Darkness"],"picked":"Capacitor","floor":12},{"not_picked":["Steam","Rebound"],"picked":"Stack","floor":13},{"not_picked":["Turbo","Sweeping Beam"],"picked":"Cold Snap","floor":14},{"not_picked":["Seek","Electrodynamics"],"picked":"Creative AI","floor":16},{"not_picked":["Beam Cell","Skim"],"picked":"Force Field","floor":18},{"not_picked":["Conserve Battery","Self Repair"],"picked":"Hologram","floor":20}],"player_experience":1793574,"relics_obtained":[{"floor":2,"key":"Tiny Chest"},{"floor":7,"key":"Shuriken"},{"floor":9,"key":"Happy Flower"}],"event_choices":[{"damage_healed":0,"gold_gain":0,"player_choice":"Entered Light","damage_taken":21,"max_hp_gain":0,"max_hp_loss":0,"event_name":"Shining Light","floor":5,"gold_loss":0,"cards_upgraded":["Strike_B","Steam"]},{"cards_removed":["Defend_B"],"damage_healed":0,"gold_gain":0,"player_choice":"Offered Basic","damage_taken":0,"max_hp_gain":0,"max_hp_loss":0,"event_name":"Bonfire Elementals","floor":21,"gold_loss":0}],"is_beta":false,"boss_relics":[{"not_picked":["Fusion Hammer","Coffee Dripper"],"picked":"Empty Cage"}],"items_purged_floors":[11,19],"is_endless":false,"potions_floor_spawned":[4,10,13],"killed_by":"Sentry and Sphere","ascension_level":17}