{"gold_per_floor":[109,184,109,109,119,119,19,29,83,102,135,135,168,168,168,272,272,272,272,272,67,22,22,22,22,22,22,22,22,22,22,22,22,22,22,22,22,22,22,22,22,22,22,22,22,22,22,22,22,22],"floor_reached":51,"playtime":3656,"items_purged":["Strike_R","Strike_R"],"score":650,"play_id":"d31cde90-20db-4be4-b3cb-ba7ea68edffe","local_time":"20190326123229","is_ascension_mode":true,"campfire_choices":[{"data":"Rampage","floor":6,"key":"SMITH"},{"data":"Double Tap","floor":12,"key":"SMITH"},{"data":"Flame Barrier","floor":15,"key":"SMITH"},{"data":"Barricade","floor":23,"key":"SMITH"},{"data":"Battle Trance","floor":25,"key":"SMITH"},{"data":"Strike_R","floor":27,"key":"PURGE"},{"data":"Shrug It Off","floor":32,"key":"SMITH"},{"data":"Malaise","floor":40,"key":"SMITH"},{"data":"Hyperbeam","floor":42,"key":"SMITH"},{"data":"Turbo","floor":45,"key":"SMITH"},{"data":"Bash","floor":49,"key":"PURGE"}],"neow_cost":"TEN_PERCENT_HP_LOSS","seed_source_timestamp":234191050274508,"circlet_count":0,"master_deck":["Defend_R","Defend_R+1","Defend_R","Defend_R","Cleave+1","Rampage+1","Headbutt+1","Double Tap+1","Flame Barrier+1","Barricade+1","Warcry+1","Battle Trance+1","Shrug It Off+1","Deep Breath+1","Venomology","Coolheaded","Turbo+1","Hyperbeam+1","Deep Breath+1","Deep Breath+1"],"relics":["Burning Blood","Peace Pipe","Omamori","Question Card","Prayer Wheel","Ectoplasm","PrismaticShard","Gremlin Horn","Vajra","Bottled Lightning","Tiny House","Bag of Preparation"],"potions_floor_usage":[22,33,33,35,38,46,46,47,50,50],"damage_taken":[{"damage":6,"enemies":"2 Louse","floor":1,"turns":3},{"damage":10,"enemies":"Small Slimes","floor":5,"turns":4},{"damage":1,"enemies":"Cultist","floor":8,"turns":3},{"damage":6,"enemies":"2 Fungi Beasts","floor":10,"turns":4},{"damage":14,"enemies":"Gremlin Nob","floor":11,"turns":3},{"damage":9,"enemies":"3 Sentries","floor":13,"turns":4},{"damage":28,"enemies":"The Guardian","floor":16,"turns":7},{"damage":26,"enemies":"Chosen","floor":18,"turns":7},{"damage":12,"enemies":"2 Thieves","floor":22,"turns":3},{"damage":18,"enemies":"Book of Stabbing","floor":24,"turns":5},{"damage":5,"enemies":"Snake Plant","floor":29,"turns":4},{"damage":0,"enemies":"Sentry and Sphere","floor":31,"turns":4},{"damage":19,"enemies":"Collector","floor":33,"turns":9},{"damage":0,"enemies":"Orb Walker","floor":35,"turns":7},{"damage":28,"enemies":"3 Shapes","floor":38,"turns":4},{"damage":0,"enemies":"Transient","floor":46,"turns":5},{"damage":21,"enemies":"3 Darklings","floor":47,"turns":3},{"damage":40,"enemies":"Donu and Deca","floor":50,"turns":6}],"seed_played":"3059083510525866478","potions_obtained":[{"floor":8,"key":"Regen Potion"},{"floor":10,"key":"BloodPotion"},{"floor":11,"key":"Explosive Potion"},{"floor":18,"key":"BloodPotion"},{"floor":31,"key":"Block Potion"},{"floor":33,"key":"BloodPotion"},{"floor":38,"key":"Weak Potion"}],"is_trial":false,"path_per_floor":["M","?","$","?","M","R","$","M","T","M","E","R","E","?","R","B",null,"M","?","$","$","M","R","E","R","T","R","?","M","T","M","R","B",null,"M","$","?","M","$","R","?","R","T","$","R","M","M","$","R","B",null],"character_chosen":"IRONCLAD","items_purchased":["PrismaticShard"],"campfire_rested":0,"item_purchase_floors":[21],"current_hp_per_floor":[72,61,61,61,57,57,57,62,62,62,54,54,51,37,37,15,72,52,52,52,52,53,53,41,41,41,41,41,42,42,48,48,50,77,77,77,77,55,55,55,55,55,55,55,55,68,58,58,58,24],"gold":22,"neow_bonus":"ONE_RARE_RELIC","is_prod":false,"is_daily":false,"chose_seed":false,"campfire_upgraded":9,"win_rate":1,"timestamp":1553628749,"path_taken":["M","?","$","?","M","R","$","M","T","M","E","R","E","?","R","BOSS","M","?","?","$","M","R","E","R","T","R","?","M","?","M","R","BOSS","M","$","?","M","?","R","?","R","T","?","R","M","M","?","R","BOSS"],"build_version":"2019-01-23","purchased_purges":2,"victory":true,"max_hp_per_floor":[72,72,72,72,72,72,72,72,72,72,72,72,72,72,72,72,72,72,72,72,72,72,72,72,72,72,72,72,72,72,72,72,72,77,77,77,77,77,77,77,77,77,77,77,77,77,77,77,77,77],"card_choices":[{"not_picked":["Headbutt","Feel No Pain"],"picked":"Cleave","floor":1},{"not_picked":["Clothesline","Intimidate"],"picked":"Rampage","floor":5},{"not_picked":["Heavy Blade","Dual Wield"],"picked":"Headbutt","floor":8},{"not_picked":["Heavy Blade","Warcry"],"picked":"Double Tap","floor":10},{"not_picked":["Uppercut","Clash","Headbutt"],"picked":"SKIP","floor":11},{"not_picked":["Carnage","Body Slam","Pommel Strike"],"picked":"Flame Barrier","floor":13},{"not_picked":["Reaper","Juggernaut","Fiend Fire"],"picked":"Barricade","floor":16},{"not_picked":["Pummel","Twin Strike","True Grit"],"picked":"Warcry+1","floor":18},{"not_picked":["True Grit","Armaments+1","Anger+1"],"picked":"Battle Trance","floor":18},{"not_picked":["Force Field","Dagger Spray","Deflect+1"],"picked":"Deep Breath+1","floor":22},{"not_picked":["Bane","Heavy Blade","Compile Driver","Barrage"],"picked":"SKIP","floor":22},{"not_picked":["Skim","Streamline","Sword Boomerang","Calculated Gamble"],"picked":"SKIP","floor":24},{"not_picked":["Dagger Spray","Expertise","Skim"],"picked":"Venomology","floor":29},{"not_picked":["Stack","Slice","Barrage+1","Flying Knee"],"picked":"SKIP","floor":29},{"not_picked":["Sword Boomerang","Cleave","Clothesline"],"picked":"Coolheaded","floor":31},{"not_picked":["Finesse","Dodge and Roll","Sweeping Beam","Cleave+1"],"picked":"SKIP","floor":31},{"not_picked":["Transmutation","Electrodynamics","Buffer"],"picked":"Malaise","floor":33},{"not_picked":["Flash of Steel","Pommel Strike","Finesse+1"],"picked":"Turbo","floor":34},{"not_picked":["Coolheaded","Clash","Uppercut+1","Disarm+1"],"picked":"SKIP","floor":35},{"not_picked":["Whirlwind","Clash+1","Caltrops+1","Impatience"],"picked":"SKIP","floor":35},{"not_picked":["Slice+1","Genetic Algorithm","Endless Agony"],"picked":"Hyperbeam","floor":38},{"not_picked":["Crippling Poison+1","Quick Slash","Turbo"],"picked":"Deep Breath+1","floor":38},{"not_picked":["Heavy Blade","Impatience+1","Chaos"],"picked":"Deep Breath+1","floor":46},{"not_picked":["Finisher+1","Armaments+1","Undo+1","Cold Snap"],"picked":"SKIP","floor":46},{"not_picked":["Cold Snap","Dash","Clothesline","Underhanded Strike+1"],"picked":"SKIP","floor":47},{"not_picked":["Body Slam","Seeing Red+1","Thunderclap+1","Blade Dance"],"picked":"SKIP","floor":47}],"player_experience":46695,"relics_obtained":[{"floor":9,"key":"Omamori"},{"floor":11,"key":"Question Card"},{"floor":13,"key":"Prayer Wheel"},{"floor":24,"key":"Gremlin Horn"},{"floor":26,"key":"Vajra"},{"floor":30,"key":"Bottled Lightning"},{"floor":43,"key":"Bag of Preparation"}],"event_choices":[{"damage_healed":0,"gold_gain":75,"player_choice":"Gather Gold","damage_taken":11,"max_hp_gain":0,"max_hp_loss":0,"event_name":"World of Goop","floor":2,"gold_loss":0},{"cards_removed":["Strike_R"],"damage_healed":0,"gold_gain":0,"player_choice":"Forget","damage_taken":0,"max_hp_gain":0,"max_hp_loss":0,"event_name":"Living Wall","floor":4,"gold_loss":0},{"damage_healed":0,"gold_gain":0,"player_choice":"Entered Light","damage_taken":14,"max_hp_gain":0,"max_hp_loss":0,"event_name":"Shining Light","floor":14,"gold_loss":0,"cards_upgraded":["Cleave","Defend_R"]},{"damage_healed":0,"gold_gain":0,"cards_transformed":["Strike_R"],"player_choice":"Transformed","damage_taken":0,"max_hp_gain":0,"max_hp_loss":0,"event_name":"Transmorgrifier","floor":19,"gold_loss":0,"cards_obtained":["Shrug It Off"]},{"damage_healed":0,"gold_gain":0,"player_choice":"Ignored","damage_taken":0,"max_hp_gain":0,"max_hp_loss":0,"event_name":"Vampires","floor":28,"gold_loss":0},{"damage_healed":0,"gold_gain":0,"player_choice":"Ignored","damage_taken":0,"max_hp_gain":0,"max_hp_loss":0,"event_name":"Mysterious Sphere","floor":37,"gold_loss":0},{"cards_removed":["Malaise"],"damage_healed":0,"gold_gain":0,"player_choice":"Removed Skill","damage_taken":0,"max_hp_gain":0,"max_hp_loss":0,"event_name":"Falling","floor":41,"gold_loss":0}],"is_beta":false,"boss_relics":[{"not_picked":["Empty Cage","White Beast Statue"],"picked":"Ectoplasm"},{"not_picked":["Runic Dome","Astrolabe"],"picked":"Tiny House"}],"items_purged_floors":[3,7],"is_endless":false,"potions_floor_spawned":[8,10,11,18,31,33,38],"ascension_level":1}