{"gold_per_floor":[110,260,185,202,202,237,237,249,249,119,133,147,147,163,163,240,240,257,273,293,293,308,308,341,341,341,355,369,379,379,405,405,405],"floor_reached":33,"playtime":1694,"items_purged":["Pain"],"score":632,"play_id":"3d216165-1da9-42b2-8e20-b64efb713806","local_time":"20181112010024","is_ascension_mode":true,"campfire_choices":[{"data":"Coolheaded","floor":7.0,"key":"SMITH"},{"data":"Coolheaded","floor":15.0,"key":"SMITH"},{"data":"Defragment","floor":23.0,"key":"SMITH"},{"data":"Biased Cognition","floor":25.0,"key":"SMITH"},{"data":"Redo","floor":30,"key":"SMITH"},{"data":"1","floor":32,"key":"LIFT"}],"neow_cost":"NONE","seed_source_timestamp":0,"circlet_count":0,"master_deck":["AscendersBane","Strike_B","Strike_B","Strike_B","Strike_B","Defend_B","Defend_B","Defend_B","Defend_B","Zap","Dualcast","Gash","Coolheaded+1","Coolheaded+1","Glacier","Sweeping Beam","Consume+1","Seek","Cold Snap","Biased Cognition+1","FTL","Defragment+1","Hologram+1","Redo+1","Ball Lightning","Stack","Self Repair","FTL"],"special_seed":0,"relics":["Cracked Core","NeowsBlessing","WarpedTongs","Thread and Needle","FossilizedHelix","Eternal Feather","Calipers","Girya","Mercury Hourglass"],"potions_floor_usage":[31],"damage_taken":[{"damage":0.0,"enemies":"2 Louse","floor":1.0,"turns":1.0},{"damage":0.0,"enemies":"Small Slimes","floor":4.0,"turns":1.0},{"damage":1.0,"enemies":"Lagavulin","floor":6.0,"turns":1.0},{"damage":3.0,"enemies":"Jaw Worm","floor":8.0,"turns":4.0},{"damage":12.0,"enemies":"Gremlin Gang","floor":11.0,"turns":4.0},{"damage":0.0,"enemies":"Large Slime","floor":12.0,"turns":5.0},{"damage":0.0,"enemies":"Lots of Slimes","floor":14.0,"turns":4.0},{"damage":8.0,"enemies":"Slime Boss","floor":16.0,"turns":16.0},{"damage":0.0,"enemies":"Shell Parasite","floor":18.0,"turns":7.0},{"damage":0.0,"enemies":"Spheric Guardian","floor":19.0,"turns":4.0},{"damage":0.0,"enemies":"Snecko","floor":20.0,"turns":8.0},{"damage":2.0,"enemies":"Shelled Parasite and Fungi","floor":22.0,"turns":9.0},{"damage":27.0,"enemies":"Book of Stabbing","floor":24.0,"turns":6.0},{"damage":10.0,"enemies":"Chosen and Byrds","floor":27.0,"turns":7.0},{"damage":1,"enemies":"Centurion and Healer","floor":28,"turns":6},{"damage":0,"enemies":"Snake Plant","floor":29,"turns":5},{"damage":11,"enemies":"Slavers","floor":31,"turns":8},{"damage":99,"enemies":"Automaton","floor":33,"turns":12}],"seed_played":"4616611586046003829","potions_obtained":[{"floor":4.0,"key":"FocusPotion"},{"floor":8.0,"key":"SkillPotion"},{"floor":11.0,"key":"AttackPotion"},{"floor":20.0,"key":"Fire Potion"},{"floor":21.0,"key":"EntropicBrew"},{"floor":27.0,"key":"Energy Potion"},{"floor":31,"key":"Energy Potion"}],"is_trial":false,"path_per_floor":["M","?","?","M","?","E","R","M","T","$","M","M","?","M","R","B",null,"M","M","M","?","M","R","E","R","T","M","M","M","R","E","R","B"],"character_chosen":"DEFECT","items_purchased":["Sweeping Beam"],"campfire_rested":0,"item_purchase_floors":[10],"current_hp_per_floor":[64,64,64,64,64,63,63,60,60,60,48,48,48,48,48,40,63,63,63,63,63,61,71,44,59,59,49,48,55,70,59,71,0],"gold":405,"neow_bonus":"THREE_ENEMY_KILL","is_prod":false,"is_daily":false,"chose_seed":false,"campfire_upgraded":5,"win_rate":0,"timestamp":1541980824,"path_taken":["M","?","?","M","?","E","R","M","T","$","?","M","?","M","R","BOSS","M","?","?","?","?","R","E","R","T","M","M","M","R","E","R","BOSS"],"build_version":"2018-11-08","purchased_purges":1,"victory":false,"max_hp_per_floor":[71,71,71,71,71,71,71,71,71,71,71,71,71,71,71,71,71,71,71,71,71,71,71,71,71,71,71,71,71,71,71,71,71],"card_choices":[{"not_picked":["Hologram","Beam Cell"],"picked":"Gash","floor":1.0},{"not_picked":["Blizzard","Storm"],"picked":"Coolheaded","floor":4.0},{"not_picked":["Steam","Lockon"],"picked":"Coolheaded","floor":6.0},{"not_picked":["Turbo","Go for the Eyes"],"picked":"Glacier","floor":8.0},{"not_picked":["Go for the Eyes","Reprogram"],"picked":"Consume","floor":11.0},{"not_picked":["Skim","Steam"],"picked":"Seek","floor":12.0},{"not_picked":["Rebound","Compile Driver"],"picked":"Cold Snap","floor":14.0},{"not_picked":["Buffer","Seek"],"picked":"Biased Cognition","floor":16.0},{"not_picked":["Stack","Streamline"],"picked":"FTL","floor":18.0},{"not_picked":["Conserve Battery","Streamline"],"picked":"Defragment","floor":19.0},{"not_picked":["Go for the Eyes","Force Field+1"],"picked":"Hologram+1","floor":20.0},{"not_picked":["Turbo","Cold Snap"],"picked":"Redo","floor":22.0},{"not_picked":["Amplify","Melter"],"picked":"Ball Lightning","floor":24.0},{"not_picked":["Double Energy","Melter"],"picked":"Stack","floor":27.0},{"not_picked":["Steam","Coolheaded"],"picked":"Self Repair","floor":28},{"not_picked":["Streamline","Coolheaded","Barrage+1"],"picked":"SKIP","floor":29},{"not_picked":["Self Repair","Darkness"],"picked":"FTL","floor":31}],"player_experience":486509,"relics_obtained":[{"floor":6.0,"key":"Thread and Needle"},{"floor":9.0,"key":"FossilizedHelix"},{"floor":24.0,"key":"Calipers"},{"floor":26.0,"key":"Girya"},{"floor":31,"key":"Mercury Hourglass"}],"event_choices":[{"damage_healed":0.0,"max_hp_gain":0.0,"max_hp_loss":0.0,"gold_gain":150.0,"event_name":"Liars Game","player_choice":"AGREE","floor":2.0,"gold_loss":0.0,"damage_taken":0.0,"cards_obtained":["Doubt"]},{"cards_removed":["Doubt"],"damage_healed":0.0,"max_hp_gain":0.0,"max_hp_loss":0.0,"gold_gain":0.0,"event_name":"The Cleric","player_choice":"Card Removal","floor":3.0,"gold_loss":75.0,"damage_taken":0.0},{"damage_healed":0.0,"max_hp_gain":0.0,"max_hp_loss":0.0,"gold_gain":0.0,"event_name":"Accursed Blacksmith","player_choice":"Rummage","floor":5.0,"gold_loss":0.0,"damage_taken":0.0,"relics_obtained":["WarpedTongs"],"cards_obtained":["Pain"]},{"damage_healed":0.0,"max_hp_gain":0.0,"max_hp_loss":0.0,"gold_gain":0.0,"event_name":"Upgrade Shrine","player_choice":"Upgraded","floor":13.0,"gold_loss":0.0,"damage_taken":0.0,"cards_upgraded":["Consume"]},{"damage_healed":0.0,"max_hp_gain":0.0,"max_hp_loss":0.0,"gold_gain":0.0,"event_name":"Lab","player_choice":"Got Potions","floor":21.0,"gold_loss":0.0,"damage_taken":0.0}],"is_beta":false,"boss_relics":[{"not_picked":["Runic Dome","Black Star"],"picked":"Eternal Feather"}],"items_purged_floors":[10],"is_endless":false,"potions_floor_spawned":[4,8,11,14,20,22,27,31],"killed_by":"Automaton","ascension_level":20}