{"gold_per_floor":[116,116,116,136,146,146,176,6,6,6,6,31,31,70,70,161,161,179,179,45,58,78,78,78],"floor_reached":24,"playtime":744,"items_purged":["Strike_B"],"score":388,"play_id":"19be0b6a-76ae-48bf-916e-00efd62499da","local_time":"20190822004417","is_ascension_mode":true,"campfire_choices":[{"floor":6,"key":"REST"},{"floor":13,"key":"REST"},{"data":"Amplify","floor":15,"key":"SMITH"},{"floor":23,"key":"REST"}],"neow_cost":"PERCENT_DAMAGE","seed_source_timestamp":675528280456300,"circlet_count":0,"master_deck":["AscendersBane","Strike_B+1","Defend_B+1","Zap","Dualcast","Electrodynamics","Auto Shields","Force Field","Leap","Conserve Battery","Creative AI+1","Storm+1","Gash","Glacier","Beam Cell","Amplify+1","Machine Learning+1","Reprogram+1","Static Discharge+1","Blizzard+1","Stack","Static Discharge+1","Chaos","Genetic Algorithm","Undo","Multi-Cast"],"relics":["Cracked Core","Frozen Egg 2","Dream Catcher","Golden Idol","Juzu Bracelet","Astrolabe"],"potions_floor_usage":[5,7,24],"damage_taken":[{"damage":7,"enemies":"Jaw Worm","floor":1,"turns":3},{"damage":10,"enemies":"Small Slimes","floor":4,"turns":3},{"damage":0,"enemies":"2 Louse","floor":5,"turns":3},{"damage":3,"enemies":"3 Sentries","floor":7,"turns":4},{"damage":0,"enemies":"Looter","floor":12,"turns":5},{"damage":16,"enemies":"Gremlin Nob","floor":14,"turns":4},{"damage":22,"enemies":"Slime Boss","floor":16,"turns":6},{"damage":1,"enemies":"Chosen","floor":18,"turns":4},{"damage":11,"enemies":"Spheric Guardian","floor":21,"turns":4},{"damage":18,"enemies":"3 Cultists","floor":22,"turns":3},{"damage":43,"enemies":"Book of Stabbing","floor":24,"turns":4}],"seed_played":"4987917818871362263","potions_obtained":[{"floor":1,"key":"Swift Potion"},{"floor":5,"key":"SkillPotion"},{"floor":16,"key":"FearPotion"}],"is_trial":false,"path_per_floor":["M","?","?","M","M","R","E","$","T","?","?","M","R","E","R","B",null,"M","?","$","M","M","R","E"],"character_chosen":"DEFECT","items_purchased":["Storm+1","Gash","Static Discharge+1","Chaos"],"campfire_rested":3,"item_purchase_floors":[8,8,20,20],"current_hp_per_floor":[39,39,18,8,8,29,26,26,26,26,26,26,45,29,29,7,50,49,49,49,38,20,39,0],"gold":78,"neow_bonus":"THREE_RARE_CARDS","is_prod":false,"is_daily":false,"chose_seed":false,"campfire_upgraded":1,"win_rate":0,"timestamp":1566427457,"path_taken":["M","?","?","M","?","R","E","$","T","?","?","?","R","E","R","BOSS","M","?","$","M","M","R","E"],"build_version":"2019-07-17","purchased_purges":1,"victory":false,"max_hp_per_floor":[71,71,71,71,71,71,71,71,71,64,64,64,64,64,64,64,64,64,64,64,64,64,64,64],"card_choices":[{"not_picked":["All For One","Amplify"],"picked":"Electrodynamics","floor":0},{"not_picked":["Steam Power","Sweeping Beam"],"picked":"Auto Shields","floor":1},{"not_picked":["Chill","Consume"],"picked":"Leap","floor":4},{"not_picked":["Steam Power","Ball Lightning"],"picked":"Conserve Battery","floor":5},{"not_picked":["Reprogram","Seek"],"picked":"Creative AI","floor":7},{"not_picked":["Compile Driver","Streamline"],"picked":"Glacier","floor":12},{"not_picked":["Leap","Turbo"],"picked":"Beam Cell","floor":13},{"not_picked":["Conserve Battery","Skim"],"picked":"Amplify","floor":14},{"not_picked":["Multi-Cast","Hyperbeam"],"picked":"Machine Learning+1","floor":16},{"not_picked":["Ball Lightning+1","Hello World+1"],"picked":"Stack","floor":18},{"not_picked":["Stack","Turbo"],"picked":"Genetic Algorithm","floor":21},{"not_picked":["Compile Driver","Rebound"],"picked":"Undo","floor":22},{"not_picked":["Steam","Turbo"],"picked":"Multi-Cast","floor":23}],"player_experience":1939957,"relics_obtained":[{"floor":7,"key":"Frozen Egg 2"},{"floor":9,"key":"Dream Catcher"},{"floor":14,"key":"Juzu Bracelet"}],"event_choices":[{"damage_healed":0,"gold_gain":0,"cards_transformed":["Strike_B"],"player_choice":"Change","damage_taken":0,"max_hp_gain":0,"max_hp_loss":0,"event_name":"Living Wall","floor":2,"gold_loss":0,"cards_obtained":["Force Field"]},{"damage_healed":0,"gold_gain":0,"player_choice":"Entered Light","damage_taken":21,"max_hp_gain":0,"max_hp_loss":0,"event_name":"Shining Light","floor":3,"gold_loss":0,"cards_upgraded":["Defend_B","Strike_B"]},{"damage_healed":0,"gold_gain":0,"player_choice":"Lose Max HP","damage_taken":0,"relics_obtained":["Golden Idol"],"max_hp_gain":0,"max_hp_loss":7,"event_name":"Golden Idol","floor":10,"gold_loss":0},{"damage_healed":0,"gold_gain":0,"player_choice":"Ignored","damage_taken":0,"max_hp_gain":0,"max_hp_loss":0,"event_name":"WeMeetAgain","floor":11,"gold_loss":0},{"cards_removed":["Defend_B"],"damage_healed":0,"gold_gain":0,"player_choice":"Elegance","damage_taken":0,"max_hp_gain":0,"max_hp_loss":0,"event_name":"Back to Basics","floor":19,"gold_loss":0}],"is_beta":false,"boss_relics":[{"not_picked":["Orrery","Eternal Feather"],"picked":"Astrolabe"}],"items_purged_floors":[8],"is_endless":false,"potions_floor_spawned":[1,5,16],"killed_by":"Book of Stabbing","ascension_level":18}