{"gold_per_floor":[14,32,32,48,61,61,96,96,121,121,137,137,137],"floor_reached":13,"playtime":323,"items_purged":[],"score":162,"play_id":"6d9b715d-7b31-408c-b678-421730163d1a","local_time":"20190815155010","is_ascension_mode":true,"campfire_choices":[{"data":"Auto Shields","floor":6,"key":"SMITH"},{"data":"Self Repair","floor":8,"key":"SMITH"},{"data":"Leap","floor":10,"key":"SMITH"},{"data":"Rainbow","floor":12,"key":"SMITH"}],"neow_cost":"NO_GOLD","seed_source_timestamp":125487535400900,"circlet_count":0,"master_deck":["AscendersBane","Strike_B+1","Strike_B","Strike_B","Strike_B+1","Defend_B","Defend_B","Defend_B","Defend_B","Zap+1","Dualcast","Self Repair+1","Redo","Leap+1","Auto Shields+1","Redo","Rainbow+1"],"relics":["Cracked Core","StoneCalendar","Whetstone","Strawberry"],"potions_floor_usage":[5,7,7],"damage_taken":[{"damage":2,"enemies":"2 Louse","floor":1,"turns":3},{"damage":2,"enemies":"Cultist","floor":2,"turns":4},{"damage":4,"enemies":"Small Slimes","floor":4,"turns":3},{"damage":16,"enemies":"Blue Slaver","floor":5,"turns":4},{"damage":10,"enemies":"3 Sentries","floor":7,"turns":2},{"damage":12,"enemies":"Exordium Thugs","floor":11,"turns":4},{"damage":67,"enemies":"Gremlin Nob","floor":13,"turns":4}],"seed_played":"1829677555905604542","potions_obtained":[{"floor":1,"key":"PowerPotion"},{"floor":4,"key":"Poison Potion"},{"floor":5,"key":"Explosive Potion"},{"floor":11,"key":"FearPotion"}],"is_trial":false,"path_per_floor":["M","M","?","M","M","R","E","R","T","R","M","R","E"],"character_chosen":"DEFECT","items_purchased":[],"campfire_rested":0,"item_purchase_floors":[],"current_hp_per_floor":[62,67,67,70,61,61,58,58,65,65,63,63,0],"gold":137,"neow_bonus":"ONE_RARE_RELIC","is_prod":false,"is_daily":false,"chose_seed":false,"campfire_upgraded":4,"win_rate":0,"timestamp":1565877010,"path_taken":["M","M","?","M","M","R","E","R","T","R","M","R","E"],"build_version":"2019-07-17","purchased_purges":0,"victory":false,"max_hp_per_floor":[71,71,71,71,71,71,71,71,78,78,78,78,78],"card_choices":[{"not_picked":["Hologram","Blizzard"],"picked":"Self Repair","floor":1},{"not_picked":["Steam Power","Turbo"],"picked":"Redo","floor":2},{"not_picked":["Ball Lightning","Turbo"],"picked":"Leap","floor":4},{"not_picked":["Hologram","Turbo"],"picked":"Auto Shields","floor":5},{"not_picked":["Rebound","Recycle"],"picked":"Redo","floor":7},{"not_picked":["Leap","Compile Driver"],"picked":"Rainbow","floor":11}],"player_experience":1920315,"relics_obtained":[{"floor":7,"key":"Whetstone"},{"floor":9,"key":"Strawberry"}],"event_choices":[{"damage_healed":0,"gold_gain":0,"player_choice":"Forge","damage_taken":0,"max_hp_gain":0,"max_hp_loss":0,"event_name":"Accursed Blacksmith","floor":3,"gold_loss":0,"cards_upgraded":["Zap"]}],"is_beta":false,"boss_relics":[],"items_purged_floors":[],"is_endless":false,"potions_floor_spawned":[1,4,5,11],"killed_by":"Gremlin Nob","ascension_level":18}