{"gold_per_floor":[115,115,129,129,141,167,183,199,199,199,259,284,284,284,284,358,408,424,424,439,0,13,46,46,96,144,144],"floor_reached":27,"playtime":1146,"items_purged":["Strike_B"],"score":482,"play_id":"b8398ed8-e0e7-42fb-ab4c-80280245e1bb","local_time":"20190624224838","is_ascension_mode":true,"campfire_choices":[{"data":"Zap","floor":10,"key":"SMITH"},{"data":"Streamline","floor":13,"key":"SMITH"},{"data":"Beam Cell","floor":15,"key":"SMITH"},{"data":"Defragment","floor":24,"key":"SMITH"}],"neow_cost":"NONE","seed_source_timestamp":330960143860721,"circlet_count":0,"master_deck":["AscendersBane","Strike_B","Strike_B","Strike_B","Defend_B","Defend_B+1","Defend_B","Defend_B+1","Zap+1","Dualcast","Core Surge","Blizzard","Beam Cell+1","Streamline+1","Doom and Gloom","Gash","Beam Cell","Glacier+1","Hyperbeam","Hologram","Defragment+1","Hologram","Recycle","Undo"],"relics":["Cracked Core","Meat on the Bone","Bottled Lightning","Dodecahedron","Shuriken","Tiny House","Emotion Chip","Boot","War Paint"],"potions_floor_usage":[16,16,23,23],"damage_taken":[{"damage":8,"enemies":"Small Slimes","floor":1,"turns":3},{"damage":4,"enemies":"Jaw Worm","floor":3,"turns":4},{"damage":0,"enemies":"2 Louse","floor":5,"turns":2},{"damage":35,"enemies":"Lagavulin","floor":6,"turns":5},{"damage":0,"enemies":"Large Slime","floor":7,"turns":4},{"damage":0,"enemies":"Exordium Thugs","floor":8,"turns":3},{"damage":15,"enemies":"3 Sentries","floor":12,"turns":4},{"damage":20,"enemies":"The Guardian","floor":16,"turns":7},{"damage":10,"enemies":"Shell Parasite","floor":18,"turns":4},{"damage":21,"enemies":"2 Thieves","floor":20,"turns":3},{"damage":28,"enemies":"Snecko","floor":22,"turns":4},{"damage":29,"enemies":"Book of Stabbing","floor":23,"turns":5},{"damage":27,"enemies":"Shelled Parasite and Fungi","floor":27,"turns":2}],"seed_played":"-4404360610962803363","potions_obtained":[{"floor":5,"key":"EssenceOfSteel"},{"floor":6,"key":"LiquidBronze"},{"floor":8,"key":"GamblersBrew"},{"floor":12,"key":"Swift Potion"},{"floor":14,"key":"Fruit Juice"},{"floor":17,"key":"Dexterity Potion"},{"floor":22,"key":"Explosive Potion"}],"is_trial":false,"path_per_floor":["M","?","M","T","M","E","M","M","T","R","?","E","R","?","R","B",null,"M","?","M","$","M","E","R","?","T","M"],"character_chosen":"DEFECT","items_purchased":["Emotion Chip","Recycle"],"campfire_rested":0,"item_purchase_floors":[21,21],"current_hp_per_floor":[56,56,52,52,52,29,41,41,41,41,41,38,38,38,38,35,71,61,61,52,52,36,19,19,19,19,0],"gold":144,"neow_bonus":"ONE_RANDOM_RARE_CARD","is_prod":false,"is_daily":false,"chose_seed":false,"campfire_upgraded":4,"win_rate":0,"timestamp":1561412918,"path_taken":["M","?","M","?","M","E","M","M","T","R","?","E","R","?","R","BOSS","M","?","M","$","M","E","R","?","T","M"],"build_version":"2019-01-23","purchased_purges":1,"victory":false,"max_hp_per_floor":[71,71,71,71,71,71,71,71,71,71,71,71,71,71,71,76,81,81,81,81,81,81,81,81,81,81,81],"card_choices":[{"not_picked":["Turbo","Reprogram"],"picked":"Blizzard","floor":1},{"not_picked":["Go for the Eyes","Turbo"],"picked":"Beam Cell","floor":3},{"not_picked":["Loop","White Noise"],"picked":"Streamline","floor":5},{"not_picked":["Reinforced Body","Reprogram"],"picked":"Doom and Gloom","floor":6},{"not_picked":["Barrage","Steam"],"picked":"Gash","floor":7},{"not_picked":["Doom and Gloom","FTL"],"picked":"Beam Cell","floor":8},{"not_picked":["Go for the Eyes","Recycle"],"picked":"Glacier","floor":12},{"not_picked":["Core Surge","Amplify"],"picked":"Hyperbeam","floor":16},{"not_picked":["Sweeping Beam","Ball Lightning"],"picked":"Hologram","floor":17},{"not_picked":["Rip and Tear","Redo"],"picked":"Defragment","floor":18},{"not_picked":["Storm","Static Discharge"],"picked":"Hologram","floor":20},{"not_picked":["Compile Driver","Conserve Battery"],"picked":"Undo","floor":22},{"not_picked":["Sweeping Beam","Storm+1","Double Energy"],"picked":"SKIP","floor":23}],"player_experience":1106132,"relics_obtained":[{"floor":4,"key":"Meat on the Bone"},{"floor":6,"key":"Bottled Lightning"},{"floor":9,"key":"Dodecahedron"},{"floor":12,"key":"Shuriken"},{"floor":23,"key":"Boot"},{"floor":26,"key":"War Paint"}],"event_choices":[{"damage_healed":0,"gold_gain":0,"player_choice":"Ignored","damage_taken":0,"max_hp_gain":0,"max_hp_loss":0,"event_name":"Liars Game","floor":2,"gold_loss":0},{"damage_healed":0,"gold_gain":60,"player_choice":"Gained Gold","damage_taken":0,"max_hp_gain":0,"max_hp_loss":0,"event_name":"Golden Wing","floor":11,"gold_loss":0},{"damage_healed":0,"gold_gain":0,"player_choice":"Got Potions","damage_taken":0,"max_hp_gain":0,"max_hp_loss":0,"event_name":"Lab","floor":14,"gold_loss":0},{"damage_healed":0,"gold_gain":0,"player_choice":"Ignored","damage_taken":0,"max_hp_gain":0,"max_hp_loss":0,"event_name":"Ghosts","floor":19,"gold_loss":0},{"damage_healed":0,"gold_gain":50,"player_choice":"Stole From Cult","damage_taken":0,"max_hp_gain":0,"max_hp_loss":0,"event_name":"Nest","floor":25,"gold_loss":0}],"is_beta":false,"boss_relics":[{"not_picked":["Empty Cage","Velvet Choker"],"picked":"Tiny House"}],"items_purged_floors":[21],"is_endless":false,"potions_floor_spawned":[5,6,8,12,22],"killed_by":"Shelled Parasite and Fungi","ascension_level":20}