{"gold_per_floor":[116,41,41,57,57,88,53,53,53,69,69,69,100,0,0,0],"floor_reached":16,"playtime":343,"items_purged":["Strike_G","Strike_G"],"score":236,"play_id":"f91879e0-d2c6-462d-8494-c15cf17fe125","local_time":"20190609044302","is_ascension_mode":true,"campfire_choices":[{"data":"Neutralize","floor":8,"key":"SMITH"},{"data":"Catalyst","floor":11,"key":"SMITH"},{"floor":15,"key":"REST"}],"neow_cost":"NONE","seed_source_timestamp":173310014567400,"circlet_count":0,"master_deck":["AscendersBane","Defend_G","Defend_G","Defend_G","Defend_G","Defend_G","Strike_G","Strike_G+1","Survivor","Neutralize+1","Poisoned Stab+1","Catalyst+1","Corpse Explosion","Backflip","Acrobatics"],"relics":["Ring of the Snake","NeowsBlessing","Juzu Bracelet","Sundial","Nunchaku","Bird Faced Urn"],"potions_floor_usage":[6,10,13,13],"damage_taken":[{"damage":0,"enemies":"Jaw Worm","floor":1,"turns":1},{"damage":0,"enemies":"2 Louse","floor":4,"turns":1},{"damage":0,"enemies":"3 Sentries","floor":6,"turns":2},{"damage":2,"enemies":"Small Slimes","floor":10,"turns":3},{"damage":5,"enemies":"Lagavulin","floor":13,"turns":5},{"damage":61,"enemies":"Slime Boss","floor":16,"turns":8}],"seed_played":"151897930612736254","potions_obtained":[{"floor":1,"key":"EntropicBrew"},{"floor":10,"key":"GamblersBrew"},{"floor":13,"key":"FairyPotion"}],"is_trial":false,"path_per_floor":["M","$","?","M","?","E","?","R","T","M","R","?","E","$","R","B"],"character_chosen":"THE_SILENT","items_purchased":[],"campfire_rested":1,"item_purchase_floors":[],"current_hp_per_floor":[59,59,52,52,32,32,48,48,48,46,46,35,30,30,49,0],"gold":0,"neow_bonus":"THREE_ENEMY_KILL","is_prod":false,"is_daily":false,"chose_seed":false,"campfire_upgraded":2,"win_rate":0,"timestamp":1560048182,"path_taken":["M","$","?","M","?","E","?","R","T","M","R","?","E","?","R","BOSS"],"build_version":"2019-01-23","purchased_purges":2,"victory":false,"max_hp_per_floor":[66,66,66,66,66,66,66,66,66,66,66,66,66,66,66,66],"card_choices":[{"not_picked":["Heel Hook","Deadly Poison"],"picked":"Poisoned Stab","floor":1},{"not_picked":["Escape Plan","Prepared"],"picked":"Catalyst","floor":4},{"not_picked":["PiercingWail","Tactician"],"picked":"Corpse Explosion","floor":6},{"not_picked":["Cloak And Dagger","Deflect"],"picked":"Backflip","floor":10},{"not_picked":["Backflip","Dagger Throw"],"picked":"Acrobatics","floor":13}],"player_experience":1249210,"relics_obtained":[{"floor":6,"key":"Juzu Bracelet"},{"floor":9,"key":"Sundial"},{"floor":13,"key":"Bird Faced Urn"}],"event_choices":[{"cards_removed":["Strike_G"],"damage_healed":0,"gold_gain":0,"player_choice":"Card Removal","damage_taken":7,"max_hp_gain":0,"max_hp_loss":0,"event_name":"Golden Wing","floor":3,"gold_loss":0},{"damage_healed":0,"gold_gain":0,"player_choice":"Entered Light","damage_taken":20,"max_hp_gain":0,"max_hp_loss":0,"event_name":"Shining Light","floor":5,"gold_loss":0,"cards_upgraded":["Poisoned Stab","Strike_G"]},{"damage_healed":16,"gold_gain":0,"player_choice":"Healed","damage_taken":0,"max_hp_gain":0,"max_hp_loss":0,"event_name":"The Cleric","floor":7,"gold_loss":35},{"damage_healed":0,"gold_gain":0,"player_choice":"Success","damage_taken":11,"relics_obtained":["Nunchaku"],"max_hp_gain":0,"max_hp_loss":0,"event_name":"Scrap Ooze","floor":12,"gold_loss":0}],"is_beta":false,"boss_relics":[],"items_purged_floors":[2,14],"is_endless":false,"potions_floor_spawned":[1,10,13],"killed_by":"Slime Boss","ascension_level":16}