{"path_per_floor":["M","M","$","?","M","R","E","R","T","M","$","M","M","$","R","B",null,"M","?","M","?","?","$","M","R","T","E","R","M","?","M","R"],"character_chosen":"IRONCLAD","items_purchased":["Lantern","Inflame"],"gold_per_floor":[109,127,127,127,140,140,173,173,224,240,240,255,267,41,41,142,142,156,156,174,174,74,74,84,84,84,109,109,129,129,142,142],"floor_reached":33,"campfire_rested":4,"playtime":2669,"current_hp_per_floor":[31,36,36,36,41,65,56,56,56,62,62,62,68,68,68,65,80,80,80,80,64,64,64,26,50,50,41,65,67,67,56,80],"items_purged":[],"gold":142,"play_id":"aa731052-5ff1-4d8a-ba91-b47c9a72b263","is_prod":false,"is_daily":false,"campfire_rituals":0,"campfire_upgraded":2,"is_hardmode":false,"path_taken":["M","M","$","?","M","R","E","R","T","M","$","M","M","$","R","BOSS","M","?","M","?","?","$","M","R","T","E","R","M","?","M","R","BOSS"],"build_version":"2018-01-11-PROD2","purchased_purges":0,"victory":false,"master_deck":["Strike_R","Strike_R","Strike_R","Strike_R","Strike_R","Defend_R","Defend_R","Defend_R","Defend_R","Bash","Cleave","Headbutt","Twin Strike","Bludgeon","Cleave","Pommel Strike","Inflame","Fiend Fire","True Grit","Writhe","J.A.X.","Disarm","Cleave","Whirlwind"],"max_hp_per_floor":[80,80,80,80,80,80,80,80,80,80,80,80,80,80,80,80,80,80,80,80,80,80,80,80,80,80,80,80,80,80,80,80],"relics":["Burning Blood","Frozen Eye","Toolbox","Whetstone","Lantern","Mark of Pain","Anchor","Nilry\u0027s Codex","Du-Vu Doll","Bag of Marbles"],"campfire_meditates":0,"card_choices":[{"not_picked":["Clash","Searing Blow"],"picked":"Cleave"},{"not_picked":["Rage","Warcry"],"picked":"Headbutt"},{"not_picked":["Warcry","Bloodletting"],"picked":"Twin Strike"},{"not_picked":["Headbutt","True Grit"],"picked":"Bludgeon"},{"not_picked":["Clothesline","Shrug It Off"],"picked":"Cleave"},{"not_picked":["Dual Wield","Uppercut"],"picked":"Pommel Strike"},{"not_picked":["Bludgeon","Feed"],"picked":"Fiend Fire"},{"not_picked":["Wild Strike","Dual Wield"],"picked":"True Grit"},{"not_picked":["Iron Wave","Wild Strike"],"picked":"Disarm"},{"not_picked":["Rampage","Iron Wave"],"picked":"Cleave"}],"player_experience":44090,"potions_floor_usage":[7,16,16,16,27,27],"damage_taken":[{"damage":15,"enemies":"Jaw Worm","floor":1,"turns":7},{"damage":1,"enemies":"Cultist","floor":2,"turns":3},{"damage":1,"enemies":"2 Louse","floor":5,"turns":3},{"damage":15,"enemies":"Gremlin Nob","floor":7,"turns":4},{"damage":0,"enemies":"Exordium Wildlife","floor":10,"turns":2},{"damage":6,"enemies":"3 Louse","floor":12,"turns":2},{"damage":0,"enemies":"2 Fungi Beasts","floor":13,"turns":2},{"damage":9,"enemies":"Slime Boss","floor":16,"turns":3},{"damage":3,"enemies":"3 Byrds","floor":18,"turns":4},{"damage":0,"enemies":"Chosen","floor":20,"turns":3},{"damage":56,"enemies":"3 Cultists","floor":24,"turns":6},{"damage":15,"enemies":"Slavers","floor":27,"turns":5},{"damage":4,"enemies":"Snake Plant","floor":29,"turns":3},{"damage":17,"enemies":"Snecko","floor":31,"turns":4},{"damage":89,"enemies":"Automaton","floor":33,"turns":8}],"event_choices":[{"event_name":"The Cleric","player_choice":"Leave","floor":4,"damage_taken":0},{"event_name":"The Mausoleum","player_choice":"Yes","floor":19,"damage_taken":0},{"event_name":"Cursed Tome","player_choice":"Obtained Book","floor":21,"damage_taken":0},{"event_name":"Drug Dealer","player_choice":"Got JAXXED","floor":22,"damage_taken":0},{"event_name":"The Library","player_choice":"Read","floor":30,"damage_taken":0}],"boss_relics":[{"not_picked":["Philosopher\u0027s Stone","Runic Dome"],"picked":"Mark of Pain"}],"potions_floor_spawned":[2,5,7,12,20,24],"seed_played":"3607597785178089937","killed_by":"Automaton","is_trial":false}