{"gold_per_floor":[362,376,33,33,47,47,64,75,75,75,75,104,104,4,4,107,107,120,132,132,132,132,132,16,27,80,80],"floor_reached":27,"playtime":1093,"items_purged":["Strike_G","Strike_G"],"score":338,"play_id":"91c96c51-5549-418d-bfce-26d5268d049f","local_time":"20190222020510","is_ascension_mode":true,"campfire_choices":[{"data":"Neutralize","floor":6,"key":"SMITH"},{"data":"Panache","floor":10,"key":"SMITH"},{"floor":15,"key":"REST"},{"floor":23,"key":"REST"}],"neow_cost":"PERCENT_DAMAGE","seed_source_timestamp":166483261310600,"circlet_count":0,"master_deck":["AscendersBane","Defend_G+1","Defend_G","Defend_G","Survivor","Neutralize+1","Quick Slash","Deflect","Panache+1","Infinite Blades+1","Dodge and Roll","Cloak And Dagger","Blade Dance","Poisoned Stab","Phantasmal Killer","A Thousand Cuts","Predator","Choke","RitualDagger","A Thousand Cuts","Wraith Form v2","Footwork","Slice","Accuracy"],"relics":["Ring of the Snake","Omamori","PreservedInsect","Empty Cage","Nilry\u0027s Codex","Regal Pillow"],"potions_floor_usage":[2,5,12,25,27,27],"damage_taken":[{"damage":1,"enemies":"Cultist","floor":1,"turns":5},{"damage":0,"enemies":"Jaw Worm","floor":2,"turns":4},{"damage":0,"enemies":"2 Louse","floor":5,"turns":3},{"damage":0,"enemies":"2 Fungi Beasts","floor":7,"turns":3},{"damage":0,"enemies":"Blue Slaver","floor":8,"turns":3},{"damage":11,"enemies":"3 Sentries","floor":12,"turns":7},{"damage":12,"enemies":"Slime Boss","floor":16,"turns":7},{"damage":0,"enemies":"Chosen","floor":18,"turns":5},{"damage":20,"enemies":"Shell Parasite","floor":19,"turns":5},{"damage":33,"enemies":"3 Cultists","floor":25,"turns":5},{"damage":30,"enemies":"Centurion and Healer","floor":27,"turns":7}],"seed_played":"160620265434713698","potions_obtained":[{"floor":1,"key":"Energy Potion"},{"floor":2,"key":"FearPotion"},{"floor":7,"key":"Dexterity Potion"},{"floor":18,"key":"LiquidBronze"},{"floor":19,"key":"Explosive Potion"},{"floor":25,"key":"Regen Potion"}],"is_trial":false,"path_per_floor":["M","M","$","$","M","R","M","M","T","R","?","E","?","$","R","B",null,"M","M","?","?","?","R","$","M","T","M"],"character_chosen":"THE_SILENT","items_purchased":["Panache","Infinite Blades","Footwork","Slice"],"campfire_rested":2,"item_purchase_floors":[3,3,24,24],"current_hp_per_floor":[44,44,44,44,44,44,44,44,44,44,44,33,19,19,40,28,60,60,40,24,18,18,39,39,6,6,0],"gold":80,"neow_bonus":"TWO_FIFTY_GOLD","is_prod":false,"is_daily":false,"chose_seed":false,"campfire_upgraded":2,"win_rate":0,"timestamp":1550797510,"path_taken":["M","M","?","$","M","R","M","M","T","R","?","E","?","$","R","BOSS","M","M","?","?","?","R","$","M","T","M"],"build_version":"2019-01-23","purchased_purges":2,"victory":false,"max_hp_per_floor":[70,70,70,70,70,70,70,70,70,70,70,70,70,70,70,70,70,70,70,70,70,70,70,70,70,70,70],"card_choices":[{"not_picked":["Expertise","Blade Dance"],"picked":"Quick Slash","floor":1},{"not_picked":["Calculated Gamble","Deadly Poison"],"picked":"Deflect","floor":2},{"not_picked":["Prepared","Reflex"],"picked":"Dodge and Roll","floor":5},{"not_picked":["Riddle With Holes","Escape Plan"],"picked":"Cloak And Dagger","floor":7},{"not_picked":["Sucker Punch","Slice"],"picked":"Blade Dance","floor":8},{"not_picked":["Setup","Quick Slash"],"picked":"Phantasmal Killer","floor":12},{"not_picked":["Adrenaline","Night Terror"],"picked":"A Thousand Cuts","floor":16},{"not_picked":["Distraction","Escape Plan"],"picked":"Predator","floor":18},{"not_picked":["Slice","Outmaneuver"],"picked":"Choke","floor":19},{"not_picked":["Bane","PiercingWail"],"picked":"Accuracy","floor":25}],"player_experience":837111,"relics_obtained":[{"floor":9,"key":"Omamori"},{"floor":12,"key":"PreservedInsect"},{"floor":20,"key":"Nilry\u0027s Codex"},{"floor":26,"key":"Regal Pillow"}],"event_choices":[{"damage_healed":0,"gold_gain":0,"cards_transformed":["Strike_G"],"player_choice":"Change","damage_taken":0,"max_hp_gain":0,"max_hp_loss":0,"event_name":"Living Wall","floor":11,"gold_loss":0,"cards_obtained":["Poisoned Stab"]},{"damage_healed":0,"gold_gain":0,"player_choice":"Entered Light","damage_taken":14,"max_hp_gain":0,"max_hp_loss":0,"event_name":"Shining Light","floor":13,"gold_loss":0,"cards_upgraded":["Infinite Blades","Defend_G"]},{"damage_healed":0,"gold_gain":0,"player_choice":"Obtained Book","damage_taken":16,"max_hp_gain":0,"max_hp_loss":0,"event_name":"Cursed Tome","floor":20,"gold_loss":0},{"damage_healed":0,"gold_gain":0,"player_choice":"Joined the Cult","damage_taken":6,"max_hp_gain":0,"max_hp_loss":0,"event_name":"Nest","floor":21,"gold_loss":0,"cards_obtained":["RitualDagger"]},{"damage_healed":0,"gold_gain":0,"cards_transformed":["Strike_G","Strike_G"],"player_choice":"Became Test Subject","damage_taken":0,"max_hp_gain":0,"max_hp_loss":0,"event_name":"Drug Dealer","floor":22,"gold_loss":0,"cards_obtained":["A Thousand Cuts","Wraith Form v2"]}],"is_beta":false,"boss_relics":[{"not_picked":["Busted Crown","Velvet Choker"],"picked":"Empty Cage"}],"items_purged_floors":[3,14],"is_endless":false,"potions_floor_spawned":[1,2,7,18,19,25],"killed_by":"Centurion and Healer","ascension_level":12}