{"gold_per_floor":[111,60,60,210,210,241,254,254,277,277,295,295,44,54,54,129,129,143,143,155,80,80,80,93,8,32,46,46,56,56,56,56,130,130,149,1148,1158,1158],"floor_reached":38,"playtime":1349,"items_purged":["Strike_B"],"score":852,"play_id":"2535dab5-315a-43c6-aab1-5542b488b219","local_time":"20190722053251","is_ascension_mode":true,"campfire_choices":[{"data":"Zap","floor":8,"key":"SMITH"},{"data":"Coolheaded","floor":10,"key":"SMITH"},{"data":"Chaos","floor":12,"key":"SMITH"},{"data":"White Noise","floor":15,"key":"SMITH"},{"data":"Meteor Strike","floor":23,"key":"SMITH"},{"data":"Seek","floor":28,"key":"SMITH"},{"data":"Biased Cognition","floor":30,"key":"SMITH"},{"floor":32,"key":"REST"}],"neow_cost":"NONE","seed_source_timestamp":70158013964200,"circlet_count":0,"master_deck":["AscendersBane","Zap+1","Dualcast","Coolheaded+1","Ball Lightning","Cold Snap+1","Chaos+1","White Noise+1","Loop","Conserve Battery","Meteor Strike+1","Rip and Tear","Seek+1","Biased Cognition+1","Electrodynamics","Heatsinks","Leap","Gash+1","Hologram","Self Repair","Sweeping Beam+1","Creative AI","Double Energy","Gash"],"relics":["Cracked Core","NeowsBlessing","Gremlin Horn","PreservedInsect","Lantern","Pandora\u0027s Box","Omamori","Whetstone","Mercury Hourglass","Inserter"],"potions_floor_usage":[16,16,24,29,33,38],"damage_taken":[{"damage":0,"enemies":"Jaw Worm","floor":1,"turns":1},{"damage":0,"enemies":"Gremlin Nob","floor":6,"turns":1},{"damage":0,"enemies":"Cultist","floor":7,"turns":1},{"damage":0,"enemies":"2 Louse","floor":11,"turns":2},{"damage":0,"enemies":"2 Fungi Beasts","floor":14,"turns":2},{"damage":0,"enemies":"The Guardian","floor":16,"turns":10},{"damage":15,"enemies":"2 Thieves","floor":18,"turns":3},{"damage":11,"enemies":"Shell Parasite","floor":20,"turns":4},{"damage":0,"enemies":"3 Cultists","floor":24,"turns":2},{"damage":16,"enemies":"Centurion and Healer","floor":27,"turns":3},{"damage":16,"enemies":"Shelled Parasite and Fungi","floor":29,"turns":4},{"damage":29,"enemies":"Automaton","floor":33,"turns":9},{"damage":22,"enemies":"3 Shapes","floor":35,"turns":2},{"damage":38,"enemies":"3 Darklings","floor":37,"turns":5},{"damage":23,"enemies":"Spire Growth","floor":38,"turns":2}],"seed_played":"-4040600720504650078","potions_obtained":[{"floor":11,"key":"Weak Potion"},{"floor":16,"key":"SteroidPotion"},{"floor":18,"key":"Regen Potion"},{"floor":27,"key":"AttackPotion"},{"floor":29,"key":"Regen Potion"},{"floor":37,"key":"PowerPotion"}],"is_trial":false,"path_per_floor":["M","?","$","?","?","E","M","R","T","R","M","R","$","M","R","B",null,"M","?","M","?","?","R","M","?","T","M","R","M","R","T","R","B",null,"M","?","M","M"],"character_chosen":"DEFECT","items_purchased":["White Noise","Loop","PowerPotion"],"campfire_rested":1,"item_purchase_floors":[13,13,13],"current_hp_per_floor":[64,64,64,64,64,64,64,64,64,64,64,64,64,64,64,64,69,54,54,43,43,43,43,48,48,48,32,32,23,23,23,44,37,63,41,41,10,0],"gold":1158,"neow_bonus":"THREE_ENEMY_KILL","is_prod":false,"is_daily":false,"chose_seed":false,"campfire_upgraded":7,"win_rate":0,"timestamp":1563766371,"path_taken":["M","?","?","?","?","E","?","R","T","R","M","R","$","?","R","BOSS","M","?","M","?","?","R","?","?","T","M","R","M","R","?","R","BOSS","M","?","M","M"],"build_version":"2019-07-17","purchased_purges":1,"victory":false,"max_hp_per_floor":[71,71,71,71,71,71,71,71,71,71,71,71,71,71,71,71,71,71,71,71,71,71,71,71,71,71,71,71,71,71,71,71,71,71,71,71,71,71],"card_choices":[{"not_picked":["Beam Cell","BootSequence"],"picked":"Coolheaded","floor":1},{"not_picked":["Sweeping Beam","Coolheaded"],"picked":"Ball Lightning","floor":6},{"not_picked":["Leap","Gash"],"picked":"Cold Snap","floor":7},{"not_picked":["Self Repair","Redo"],"picked":"Chaos","floor":11},{"not_picked":["Ball Lightning","Hello World"],"picked":"Conserve Battery","floor":14},{"not_picked":["Creative AI","Thunder Strike"],"picked":"Meteor Strike","floor":16},{"not_picked":["Gash","Hologram"],"picked":"Leap","floor":18},{"not_picked":["Steam","Chaos"],"picked":"Gash","floor":20},{"not_picked":["Redo","Rebound"],"picked":"Hologram","floor":24},{"not_picked":["Cold Snap","Double Energy+1"],"picked":"Self Repair","floor":27},{"not_picked":["Streamline+1","Redo"],"picked":"Sweeping Beam+1","floor":29},{"not_picked":["Electrodynamics","Rainbow"],"picked":"Creative AI","floor":33},{"not_picked":["BootSequence","Turbo+1"],"picked":"Double Energy","floor":35},{"not_picked":["Rebound","Turbo+1"],"picked":"Gash","floor":37}],"player_experience":1735886,"relics_obtained":[{"floor":6,"key":"PreservedInsect"},{"floor":9,"key":"Lantern"},{"floor":26,"key":"Whetstone"},{"floor":31,"key":"Mercury Hourglass"}],"event_choices":[{"damage_healed":0,"gold_gain":0,"player_choice":"Paid Gold","damage_taken":0,"relics_obtained":["Gremlin Horn"],"max_hp_gain":0,"max_hp_loss":0,"event_name":"WeMeetAgain","floor":2,"gold_loss":51},{"damage_healed":0,"gold_gain":150,"player_choice":"AGREE","damage_taken":0,"max_hp_gain":0,"max_hp_loss":0,"event_name":"Liars Game","floor":4,"gold_loss":0,"cards_obtained":["Doubt"]},{"cards_removed":["Doubt"],"damage_healed":0,"gold_gain":0,"player_choice":"Purged","damage_taken":0,"max_hp_gain":0,"max_hp_loss":0,"event_name":"Purifier","floor":5,"gold_loss":0},{"damage_healed":0,"gold_gain":0,"player_choice":"Ignored","damage_taken":0,"max_hp_gain":0,"max_hp_loss":0,"event_name":"Vampires","floor":19,"gold_loss":0},{"cards_removed":["Meteor Strike"],"damage_healed":0,"gold_gain":0,"player_choice":"Gave Gold","damage_taken":0,"max_hp_gain":0,"max_hp_loss":0,"event_name":"Beggar","floor":21,"gold_loss":75},{"cards_removed":["Rip and Tear"],"damage_healed":0,"gold_gain":0,"player_choice":"Elegance","damage_taken":0,"max_hp_gain":0,"max_hp_loss":0,"event_name":"Back to Basics","floor":22,"gold_loss":0},{"damage_healed":0,"gold_gain":0,"player_choice":"Obtained Relic","damage_taken":0,"relics_obtained":["Omamori"],"max_hp_gain":0,"max_hp_loss":0,"event_name":"Addict","floor":25,"gold_loss":85},{"damage_healed":0,"gold_gain":999,"player_choice":"Gold","damage_taken":0,"max_hp_gain":0,"max_hp_loss":0,"event_name":"MindBloom","floor":36,"gold_loss":0,"cards_obtained":["Normality","Normality"]}],"is_beta":false,"boss_relics":[{"not_picked":["Cursed Key","Empty Cage"],"picked":"Pandora\u0027s Box"},{"not_picked":["Tiny House","Runic Dome"],"picked":"Inserter"}],"items_purged_floors":[13],"is_endless":false,"potions_floor_spawned":[11,16,18,27,29,37],"killed_by":"Spire Growth","ascension_level":17}