{"gold_per_floor":[125,137,224,249,261,298,324,336,348,360,372,3,153,153,153,153],"floor_reached":16,"playtime":432,"items_purged":["Strike_R"],"score":168,"play_id":"00af3789-2a22-41ca-bba9-21fd4aef93c9","local_time":"20190424035433","is_ascension_mode":true,"campfire_choices":[{"data":"Bash","floor":8,"key":"SMITH"},{"data":"Battle Trance","floor":10,"key":"SMITH"},{"floor":15,"key":"REST"}],"neow_cost":"NONE","seed_source_timestamp":106808175933900,"circlet_count":0,"master_deck":["AscendersBane","Strike_R","Strike_R","Strike_R","Strike_R","Defend_R","Defend_R","Defend_R","Defend_R","Bash+1","Battle Trance+1","Headbutt","True Grit+1","Shrug It Off+1"],"relics":["Burning Blood","MawBank","Mummified Hand","Centennial Puzzle","War Paint","Potion Belt","Singing Bowl"],"potions_floor_usage":[4,16],"damage_taken":[{"damage":7,"enemies":"Jaw Worm","floor":1,"turns":3},{"damage":0,"enemies":"2 Louse","floor":4,"turns":2},{"damage":45,"enemies":"3 Sentries","floor":6,"turns":12},{"damage":0,"enemies":"Cultist","floor":7,"turns":4},{"damage":52,"enemies":"Slime Boss","floor":16,"turns":9}],"seed_played":"-2806781849094716324","potions_obtained":[{"floor":1,"key":"Explosive Potion"}],"is_trial":false,"path_per_floor":["M","$","?","M","T","E","M","R","T","R","?","$","?","?","R","B"],"character_chosen":"IRONCLAD","items_purchased":["Singing Bowl","PowerPotion"],"campfire_rested":1,"item_purchase_floors":[12,12],"current_hp_per_floor":[67,67,56,62,62,23,29,29,29,29,24,24,24,24,46,0],"gold":153,"neow_bonus":"RANDOM_COMMON_RELIC","is_prod":false,"is_daily":false,"chose_seed":false,"campfire_upgraded":2,"win_rate":0,"timestamp":1556070873,"path_taken":["M","$","?","M","?","E","M","R","T","R","?","$","?","?","R","BOSS"],"build_version":"2019-01-23","purchased_purges":1,"victory":false,"max_hp_per_floor":[75,75,75,75,75,75,75,75,75,75,75,75,75,75,75,75],"card_choices":[{"not_picked":["Clash","Heavy Blade"],"picked":"Battle Trance","floor":1},{"not_picked":["Fire Breathing","Flex"],"picked":"Headbutt","floor":4},{"not_picked":["Carnage","Perfected Strike"],"picked":"True Grit","floor":6},{"not_picked":["True Grit","Metallicize"],"picked":"Shrug It Off","floor":7}],"player_experience":1061933,"relics_obtained":[{"floor":5,"key":"Mummified Hand"},{"floor":6,"key":"Centennial Puzzle"},{"floor":9,"key":"War Paint"}],"event_choices":[{"damage_healed":0,"gold_gain":75,"player_choice":"Gather Gold","damage_taken":11,"max_hp_gain":0,"max_hp_loss":0,"event_name":"World of Goop","floor":3,"gold_loss":0},{"damage_healed":0,"gold_gain":0,"player_choice":"Success","damage_taken":5,"relics_obtained":["Potion Belt"],"max_hp_gain":0,"max_hp_loss":0,"event_name":"Scrap Ooze","floor":11,"gold_loss":0},{"damage_healed":0,"gold_gain":150,"player_choice":"AGREE","damage_taken":0,"max_hp_gain":0,"max_hp_loss":0,"event_name":"Liars Game","floor":13,"gold_loss":0,"cards_obtained":["Doubt"]},{"cards_removed":["Doubt"],"damage_healed":0,"gold_gain":0,"player_choice":"Forget","damage_taken":0,"max_hp_gain":0,"max_hp_loss":0,"event_name":"Living Wall","floor":14,"gold_loss":0}],"is_beta":false,"boss_relics":[],"items_purged_floors":[12],"is_endless":false,"potions_floor_spawned":[1],"killed_by":"Slime Boss","ascension_level":15}