{"gold_per_floor":[117,6,18,37,48,48,123,123,123,205,205,225,245,39,39,111,161,175,41,41],"floor_reached":20,"playtime":703,"items_purged":["Strike_R","Strike_R"],"score":303,"play_id":"46eee2ed-c2c3-4efa-aecc-0dbf1c2d6b8e","local_time":"20190720141209","is_ascension_mode":true,"campfire_choices":[{"data":"Juggernaut","floor":6,"key":"SMITH"},{"floor":8,"key":"REST"},{"data":"Seeing Red","floor":11,"key":"SMITH"},{"floor":15,"key":"REST"}],"neow_cost":"NONE","seed_source_timestamp":667654526157100,"circlet_count":0,"master_deck":["AscendersBane","Strike_R","Strike_R","Strike_R","Defend_R","Defend_R","Defend_R","Defend_R","Bash+1","Juggernaut+1","Pommel Strike","Dark Embrace","Seeing Red+1","Headbutt","Shrug It Off+1","Body Slam","Enlightenment+1","Anger","Demon Form","Havoc+1","Rampage"],"relics":["Burning Blood","Darkstone Periapt","Smiling Mask","Toxic Egg 2","Tiny House"],"potions_floor_usage":[16,16,18],"damage_taken":[{"damage":6,"enemies":"Small Slimes","floor":1,"turns":5},{"damage":6,"enemies":"Cultist","floor":3,"turns":3},{"damage":14,"enemies":"Jaw Worm","floor":4,"turns":4},{"damage":38,"enemies":"Exordium Wildlife","floor":5,"turns":7},{"damage":20,"enemies":"2 Fungi Beasts","floor":12,"turns":5},{"damage":21,"enemies":"3 Louse","floor":13,"turns":5},{"damage":27,"enemies":"Slime Boss","floor":16,"turns":9},{"damage":48,"enemies":"Shell Parasite","floor":18,"turns":5},{"damage":23,"enemies":"3 Byrds","floor":20,"turns":2}],"seed_played":"7426555933424064227","potions_obtained":[{"floor":4,"key":"Poison Potion"},{"floor":13,"key":"AttackPotion"},{"floor":16,"key":"Energy Potion"},{"floor":17,"key":"Explosive Potion"}],"is_trial":false,"path_per_floor":["M","?","M","M","M","R","?","R","T","T","R","M","M","$","R","B",null,"M","$","M"],"character_chosen":"IRONCLAD","items_purchased":["Enlightenment+1","Anger","Rampage"],"campfire_rested":2,"item_purchase_floors":[14,14,19],"current_hp_per_floor":[68,68,68,60,28,28,17,39,39,39,39,25,10,10,32,11,64,22,22,0],"gold":41,"neow_bonus":"ONE_RANDOM_RARE_CARD","is_prod":false,"is_daily":false,"chose_seed":false,"campfire_upgraded":2,"win_rate":0,"timestamp":1563624729,"path_taken":["M","?","?","M","M","R","?","R","T","?","R","M","M","$","R","BOSS","M","$","M"],"build_version":"2019-07-17","purchased_purges":2,"victory":false,"max_hp_per_floor":[75,75,75,75,75,75,75,75,75,75,75,75,75,75,75,75,80,80,80,80],"card_choices":[{"not_picked":["Havoc","Thunderclap"],"picked":"Pommel Strike","floor":1},{"not_picked":["Sentinel","Heavy Blade"],"picked":"Dark Embrace","floor":3},{"not_picked":["Hemokinesis","Disarm"],"picked":"Seeing Red","floor":4},{"not_picked":["Sword Boomerang","Clothesline"],"picked":"Headbutt","floor":5},{"not_picked":["Armaments+1","Combust"],"picked":"Shrug It Off+1","floor":12},{"not_picked":["Sword Boomerang","Juggernaut"],"picked":"Body Slam","floor":13},{"not_picked":["Juggernaut","Bludgeon"],"picked":"Demon Form","floor":16},{"not_picked":["Clash","Headbutt"],"picked":"Havoc+1","floor":17},{"not_picked":["Combust","Twin Strike","Wild Strike"],"picked":"SKIP","floor":18}],"player_experience":1705295,"relics_obtained":[{"floor":9,"key":"Smiling Mask"},{"floor":10,"key":"Toxic Egg 2"}],"event_choices":[{"damage_healed":0,"gold_gain":0,"player_choice":"Paid Gold","damage_taken":0,"relics_obtained":["Darkstone Periapt"],"max_hp_gain":0,"max_hp_loss":0,"event_name":"WeMeetAgain","floor":2,"gold_loss":111},{"damage_healed":0,"gold_gain":75,"player_choice":"Gather Gold","damage_taken":11,"max_hp_gain":0,"max_hp_loss":0,"event_name":"World of Goop","floor":7,"gold_loss":0}],"is_beta":false,"boss_relics":[{"not_picked":["Black Blood","Orrery"],"picked":"Tiny House"}],"items_purged_floors":[14,19],"is_endless":false,"potions_floor_spawned":[4,13,16],"killed_by":"3 Byrds","ascension_level":17}