{"gold_per_floor":[115,115,133,133,58,58,91,104,157,191,34,77,77,92,92,92],"floor_reached":16,"playtime":506,"items_purged":["Decay","Injury"],"score":265,"play_id":"691f633a-6e49-46e7-af6f-d0d117c6eef7","local_time":"20190719211030","is_ascension_mode":true,"campfire_choices":[{"data":"Armaments","floor":6,"key":"SMITH"},{"data":"Feel No Pain","floor":13,"key":"SMITH"},{"data":"Body Slam","floor":15,"key":"SMITH"}],"neow_cost":"NONE","seed_source_timestamp":606552994995700,"circlet_count":0,"master_deck":["AscendersBane","Strike_R","Strike_R","Strike_R","Strike_R","Strike_R","Defend_R","Defend_R","Defend_R","Defend_R","Bash","Armaments+1","Iron Wave","Corruption","Feel No Pain+1","Body Slam","Shrug It Off","Headbutt","Body Slam+1"],"relics":["Burning Blood","NeowsBlessing","Golden Idol","Ancient Tea Set","Pen Nib","Potion Belt","Vajra"],"potions_floor_usage":[14,14,16],"damage_taken":[{"damage":0,"enemies":"2 Louse","floor":1,"turns":1},{"damage":0,"enemies":"Small Slimes","floor":3,"turns":1},{"damage":0,"enemies":"Lagavulin","floor":7,"turns":1},{"damage":1,"enemies":"Cultist","floor":8,"turns":4},{"damage":25,"enemies":"3 Sentries","floor":10,"turns":11},{"damage":44,"enemies":"Gremlin Nob","floor":12,"turns":6},{"damage":8,"enemies":"Exordium Thugs","floor":14,"turns":5},{"damage":21,"enemies":"Hexaghost","floor":16,"turns":9}],"seed_played":"-3898787979465922775","potions_obtained":[{"floor":7,"key":"SpeedPotion"},{"floor":10,"key":"SpeedPotion"},{"floor":14,"key":"Fruit Juice"}],"is_trial":false,"path_per_floor":["M","?","M","?","$","R","E","M","T","E","$","E","R","M","R","B"],"character_chosen":"IRONCLAD","items_purchased":["Shrug It Off"],"campfire_rested":0,"item_purchase_floors":[11],"current_hp_per_floor":[74,74,75,75,75,75,75,75,75,56,56,18,18,21,21,0],"gold":92,"neow_bonus":"THREE_ENEMY_KILL","is_prod":false,"is_daily":false,"chose_seed":false,"campfire_upgraded":3,"win_rate":0,"timestamp":1563563430,"path_taken":["M","?","M","?","$","R","E","M","T","E","$","E","R","M","R","BOSS"],"build_version":"2019-07-17","purchased_purges":2,"victory":false,"max_hp_per_floor":[75,75,75,75,75,75,75,75,75,75,75,75,75,80,80,80],"card_choices":[{"not_picked":["Wild Strike","Havoc"],"picked":"Armaments","floor":1},{"not_picked":["Twin Strike","Combust"],"picked":"Iron Wave","floor":3},{"not_picked":["Warcry","Iron Wave"],"picked":"Corruption","floor":7},{"not_picked":["Wild Strike","Dark Embrace"],"picked":"Feel No Pain","floor":8},{"not_picked":["Heavy Blade","Blood for Blood"],"picked":"Body Slam","floor":10},{"not_picked":["Seeing Red","Shockwave"],"picked":"Headbutt","floor":12},{"not_picked":["Twin Strike","Pummel"],"picked":"Body Slam","floor":14}],"player_experience":1687939,"relics_obtained":[{"floor":7,"key":"Ancient Tea Set"},{"floor":9,"key":"Pen Nib"},{"floor":10,"key":"Potion Belt"},{"floor":12,"key":"Vajra"}],"event_choices":[{"damage_healed":0,"gold_gain":0,"player_choice":"Take Wound","damage_taken":0,"relics_obtained":["Golden Idol"],"max_hp_gain":0,"max_hp_loss":0,"event_name":"Golden Idol","floor":2,"gold_loss":0,"cards_obtained":["Injury"]},{"damage_healed":0,"gold_gain":0,"player_choice":"Cursed","damage_taken":0,"max_hp_gain":0,"max_hp_loss":0,"event_name":"Wheel of Change","floor":4,"gold_loss":0,"cards_obtained":["Decay"]}],"is_beta":false,"boss_relics":[],"items_purged_floors":[5,11],"is_endless":false,"potions_floor_spawned":[7,10,14],"killed_by":"Hexaghost","ascension_level":17}