{"gold_per_floor":[110,128,128,128,139,165,165,192,192,26,37,9,9,38,50,62],"floor_reached":16,"playtime":469,"items_purged":[],"score":236,"play_id":"cdd4ab01-05f6-4be4-b9c2-6fa1a62995f4","local_time":"20181222195548","is_ascension_mode":true,"campfire_choices":[{"floor":7,"key":"REST"},{"data":"Armaments","floor":15,"key":"SMITH"}],"neow_cost":"NONE","seed_source_timestamp":38771355069946,"circlet_count":0,"master_deck":["AscendersBane","Strike_R","Strike_R","Strike_R","Strike_R","Strike_R","Defend_R","Defend_R","Defend_R","Defend_R","Bash","Flame Barrier","Ghostly Armor","Pommel Strike","Barricade","Shockwave","Armaments+1","Sword Boomerang","Spot Weakness","Sword Boomerang","Twin Strike","Inflame"],"relics":["Lizard Tail","Gambling Chip","Darkstone Periapt","Question Card","Vajra","MawBank"],"potions_floor_usage":[6],"damage_taken":[{"damage":12,"enemies":"Jaw Worm","floor":1,"turns":2},{"damage":10,"enemies":"Cultist","floor":2,"turns":5},{"damage":12,"enemies":"Small Slimes","floor":5,"turns":6},{"damage":28,"enemies":"3 Sentries","floor":6,"turns":12},{"damage":47,"enemies":"Gremlin Nob","floor":8,"turns":5},{"damage":11,"enemies":"Blue Slaver","floor":11,"turns":3},{"damage":25,"enemies":"Lagavulin","floor":14,"turns":5},{"damage":12,"enemies":"Hexaghost","floor":16,"turns":7}],"seed_played":"-7894752869401643407","potions_obtained":[{"floor":5,"key":"Block Potion"},{"floor":6,"key":"FairyPotion"},{"floor":11,"key":"Ancient Potion"}],"is_trial":false,"path_per_floor":["M","M","?","$","M","E","R","E","T","$","M","$","$","E","R","B"],"character_chosen":"IRONCLAD","items_purchased":["Vajra","Twin Strike"],"campfire_rested":1,"item_purchase_floors":[10,12],"current_hp_per_floor":[56,46,46,46,34,6,28,7,7,7,37,37,37,12,12,0],"gold":62,"neow_bonus":"BOSS_RELIC","is_prod":false,"is_daily":false,"chose_seed":false,"campfire_upgraded":1,"win_rate":0,"timestamp":1545504948,"path_taken":["M","M","?","?","M","E","R","E","T","$","M","?","$","E","R","BOSS"],"build_version":"2018-12-20","purchased_purges":0,"victory":false,"max_hp_per_floor":[75,75,75,75,75,75,75,75,75,75,75,75,75,75,75,75],"card_choices":[{"not_picked":["Cleave","Dropkick"],"picked":"Flame Barrier","floor":1},{"not_picked":["Entrench","Perfected Strike"],"picked":"Ghostly Armor","floor":2},{"not_picked":["Warcry","Anger"],"picked":"Armaments","floor":5},{"not_picked":["Heavy Blade","Cleave"],"picked":"Sword Boomerang","floor":6},{"not_picked":["Rage","Disarm"],"picked":"Spot Weakness","floor":8},{"not_picked":["Wild Strike","True Grit","Havoc"],"picked":"Sword Boomerang","floor":11},{"not_picked":["Anger","Reckless Charge","Cleave"],"picked":"Inflame","floor":14}],"player_experience":534392,"relics_obtained":[{"floor":6,"key":"Gambling Chip"},{"floor":8,"key":"Darkstone Periapt"},{"floor":9,"key":"Question Card"},{"floor":14,"key":"MawBank"}],"event_choices":[{"damage_healed":0,"gold_gain":0,"player_choice":"3 cards matched","damage_taken":0,"max_hp_gain":0,"max_hp_loss":0,"event_name":"Match and Keep!","floor":3,"gold_loss":0,"cards_obtained":["Pommel Strike","Barricade","Shockwave"]}],"is_beta":false,"boss_relics":[],"items_purged_floors":[],"is_endless":false,"potions_floor_spawned":[5,6,11],"killed_by":"Hexaghost","ascension_level":20}