{"gold_per_floor":[13,26,38,38,57,92,107,107,107,107,122,150,150],"floor_reached":13,"playtime":557,"items_purged":[],"score":184,"play_id":"daafc2b1-578f-4e41-a11d-d10fc3f37d46","local_time":"20190815040814","is_ascension_mode":true,"campfire_choices":[{"data":"Zap","floor":8,"key":"SMITH"},{"floor":10,"key":"REST"}],"neow_cost":"NO_GOLD","seed_source_timestamp":83137421452400,"circlet_count":0,"master_deck":["AscendersBane","Strike_B","Strike_B","Strike_B","Strike_B","Defend_B","Defend_B","Defend_B","Defend_B","Zap+1","Dualcast","Reinforced Body","Beam Cell","Conserve Battery","Ball Lightning","Self Repair","White Noise","Melter","Sunder"],"relics":["Cracked Core","Ginger","Omamori","Question Card","Symbiotic Virus"],"potions_floor_usage":[5,6,6,12],"damage_taken":[{"damage":1,"enemies":"Cultist","floor":1,"turns":3},{"damage":6,"enemies":"2 Louse","floor":2,"turns":3},{"damage":7,"enemies":"Small Slimes","floor":3,"turns":3},{"damage":2,"enemies":"Exordium Wildlife","floor":5,"turns":3},{"damage":41,"enemies":"Gremlin Nob","floor":6,"turns":5},{"damage":0,"enemies":"Looter","floor":7,"turns":3},{"damage":26,"enemies":"Lots of Slimes","floor":11,"turns":5},{"damage":19,"enemies":"3 Sentries","floor":12,"turns":8},{"damage":11,"enemies":"Exordium Thugs","floor":13,"turns":4}],"seed_played":"8191695186754380637","potions_obtained":[{"floor":2,"key":"Poison Potion"},{"floor":4,"key":"Block Potion"},{"floor":5,"key":"Dexterity Potion"},{"floor":6,"key":"Fruit Juice"}],"is_trial":false,"path_per_floor":["M","M","M","?","M","E","M","R","T","R","M","E","M"],"character_chosen":"DEFECT","items_purchased":[],"campfire_rested":1,"item_purchase_floors":[],"current_hp_per_floor":[63,57,50,50,48,12,19,19,19,41,22,10,0],"gold":150,"neow_bonus":"ONE_RARE_RELIC","is_prod":false,"is_daily":false,"chose_seed":false,"campfire_upgraded":1,"win_rate":0,"timestamp":1565834894,"path_taken":["M","?","M","?","M","E","?","R","T","R","M","E","M"],"build_version":"2019-07-17","purchased_purges":0,"victory":false,"max_hp_per_floor":[71,71,71,71,71,76,76,76,76,76,76,76,76],"card_choices":[{"not_picked":["Redo","Compile Driver"],"picked":"Reinforced Body","floor":1},{"not_picked":["Recycle","Rebound"],"picked":"Beam Cell","floor":2},{"not_picked":["Turbo","Cold Snap"],"picked":"Conserve Battery","floor":3},{"not_picked":["Steam","Compile Driver"],"picked":"Ball Lightning","floor":5},{"not_picked":["Genetic Algorithm","Darkness"],"picked":"Self Repair","floor":6},{"not_picked":["Amplify","Leap"],"picked":"White Noise","floor":7},{"not_picked":["Loop","Go for the Eyes","Undo"],"picked":"Melter","floor":11},{"not_picked":["Conserve Battery","Recycle","Blizzard"],"picked":"Sunder","floor":12}],"player_experience":1911438,"relics_obtained":[{"floor":6,"key":"Omamori"},{"floor":9,"key":"Question Card"},{"floor":12,"key":"Symbiotic Virus"}],"event_choices":[{"damage_healed":0,"gold_gain":0,"player_choice":"Got Potions","damage_taken":0,"max_hp_gain":0,"max_hp_loss":0,"event_name":"Lab","floor":4,"gold_loss":0}],"is_beta":false,"boss_relics":[],"items_purged_floors":[],"is_endless":false,"potions_floor_spawned":[2,5,6],"killed_by":"Exordium Thugs","ascension_level":18}