{"gold_per_floor":[116,116,135,135,135,135,169,169,169,169,169,190,228,242,242,338,338,351,122,102,116,116],"floor_reached":22,"playtime":506,"items_purged":["Strike_G"],"score":412,"play_id":"733c8841-67b6-4ea8-9ea6-244e231e88d7","local_time":"20190719004118","is_ascension_mode":true,"campfire_choices":[{"data":"Neutralize","floor":6,"key":"SMITH"},{"data":"Die Die Die","floor":8,"key":"SMITH"},{"floor":11,"key":"REST"},{"data":"Finisher","floor":15,"key":"SMITH"}],"neow_cost":"NONE","seed_source_timestamp":532803725441799,"circlet_count":0,"master_deck":["AscendersBane","Strike_G+1","Strike_G+1","Strike_G","Strike_G+1","Defend_G","Defend_G","Defend_G","Defend_G","Defend_G","Survivor","Neutralize+1","Flying Knee+1","All Out Attack+1","Injury","Die Die Die+1","Flying Knee","Unload","Finisher+1","Corpse Explosion","Dagger Spray","Crippling Poison","Flechettes","Cloak And Dagger+1"],"relics":["Ring of the Snake","NeowsBlessing","Golden Idol","Whetstone","Tingsha","Boot","Busted Crown"],"potions_floor_usage":[16,16,22],"damage_taken":[{"damage":0,"enemies":"Cultist","floor":1,"turns":1},{"damage":0,"enemies":"Small Slimes","floor":3,"turns":1},{"damage":0,"enemies":"Gremlin Nob","floor":7,"turns":1},{"damage":0,"enemies":"2 Louse","floor":12,"turns":1},{"damage":25,"enemies":"Lagavulin","floor":13,"turns":5},{"damage":1,"enemies":"Looter","floor":14,"turns":3},{"damage":17,"enemies":"Hexaghost","floor":16,"turns":9},{"damage":26,"enemies":"2 Thieves","floor":18,"turns":3},{"damage":17,"enemies":"3 Byrds","floor":21,"turns":3},{"damage":15,"enemies":"Snake Plant","floor":22,"turns":2}],"seed_played":"-7060794264696295998","potions_obtained":[{"floor":12,"key":"LiquidBronze"},{"floor":13,"key":"SteroidPotion"},{"floor":20,"key":"PowerPotion"}],"is_trial":false,"path_per_floor":["M","$","M","?","?","R","E","R","T","?","R","M","E","M","R","B",null,"M","$","?","M","M"],"character_chosen":"THE_SILENT","items_purchased":["Crippling Poison","Flechettes"],"campfire_rested":1,"item_purchase_floors":[19,19],"current_hp_per_floor":[59,59,59,59,39,39,39,39,39,39,58,58,33,32,32,15,53,27,27,27,10,0],"gold":116,"neow_bonus":"THREE_ENEMY_KILL","is_prod":false,"is_daily":false,"chose_seed":false,"campfire_upgraded":3,"win_rate":0,"timestamp":1563489678,"path_taken":["M","$","M","?","?","R","E","R","T","?","R","?","E","M","R","BOSS","M","$","?","?","M"],"build_version":"2019-07-17","purchased_purges":1,"victory":false,"max_hp_per_floor":[66,66,66,66,66,66,66,66,66,66,66,66,66,66,66,66,66,66,66,66,66,66],"card_choices":[{"not_picked":["Quick Slash","Sucker Punch"],"picked":"Flying Knee","floor":1},{"not_picked":["Accuracy","Slice"],"picked":"All Out Attack","floor":3},{"not_picked":["Dodge and Roll","Setup"],"picked":"Die Die Die","floor":7},{"not_picked":["Outmaneuver","Terror"],"picked":"Flying Knee","floor":12},{"not_picked":["Dagger Spray","Acrobatics"],"picked":"Unload","floor":13},{"not_picked":["Blade Dance","Terror"],"picked":"Finisher","floor":14},{"not_picked":["Die Die Die","Adrenaline"],"picked":"Corpse Explosion","floor":16},{"not_picked":[],"picked":"Dagger Spray","floor":18},{"not_picked":[],"picked":"Cloak And Dagger+1","floor":21}],"player_experience":1686494,"relics_obtained":[{"floor":7,"key":"Whetstone"},{"floor":9,"key":"Tingsha"},{"floor":13,"key":"Boot"}],"event_choices":[{"damage_healed":0,"gold_gain":0,"player_choice":"Take Wound","damage_taken":0,"relics_obtained":["Golden Idol"],"max_hp_gain":0,"max_hp_loss":0,"event_name":"Golden Idol","floor":4,"gold_loss":0,"cards_obtained":["Injury"]},{"damage_healed":0,"gold_gain":0,"player_choice":"Entered Light","damage_taken":20,"max_hp_gain":0,"max_hp_loss":0,"event_name":"Shining Light","floor":5,"gold_loss":0,"cards_upgraded":["Strike_G","Strike_G"]},{"damage_healed":0,"gold_gain":0,"player_choice":"Forge","damage_taken":0,"max_hp_gain":0,"max_hp_loss":0,"event_name":"Accursed Blacksmith","floor":10,"gold_loss":0,"cards_upgraded":["All Out Attack"]},{"damage_healed":0,"gold_gain":0,"player_choice":"Bought 1 Potion","damage_taken":0,"max_hp_gain":0,"max_hp_loss":0,"event_name":"The Woman in Blue","floor":20,"gold_loss":0}],"is_beta":false,"boss_relics":[{"not_picked":["Black Star","White Beast Statue"],"picked":"Busted Crown"}],"items_purged_floors":[19],"is_endless":false,"potions_floor_spawned":[12,13],"killed_by":"Snake Plant","ascension_level":18}