{"gold_per_floor":[111,186,25,43,193,193,222,222,245,245,270,270,282,282,282,375,375,396,376,392,392],"floor_reached":21,"playtime":793,"items_purged":["Strike_G"],"score":378,"play_id":"c27b0cbc-e7d4-4ad9-b27b-8d3a412ac1a1","local_time":"20190617100932","is_ascension_mode":true,"campfire_choices":[{"data":"Neutralize","floor":6,"key":"SMITH"},{"data":"Footwork","floor":8,"key":"SMITH"},{"data":"Blade Dance","floor":10,"key":"SMITH"},{"floor":15,"key":"REST"}],"neow_cost":"NONE","seed_source_timestamp":26127239785800,"circlet_count":0,"master_deck":["AscendersBane","Defend_G","Defend_G","Defend_G","Defend_G+1","Defend_G","Strike_G","Strike_G","Strike_G+1","Strike_G","Survivor","Neutralize+1","Blade Dance+1","Footwork+1","Dagger Spray","Doubt","All Out Attack","Dagger Throw","Flechettes","Bullet Time","Venomology","Backflip","Bouncing Flask+1"],"relics":["Ring of the Snake","NeowsBlessing","Dream Catcher","Omamori","Mango","Golden Idol","Eternal Feather"],"potions_floor_usage":[16,16,20,20,21],"damage_taken":[{"damage":0,"enemies":"Jaw Worm","floor":1,"turns":1},{"damage":0,"enemies":"Small Slimes","floor":4,"turns":1},{"damage":0,"enemies":"Lagavulin","floor":7,"turns":1},{"damage":16,"enemies":"3 Sentries","floor":11,"turns":8},{"damage":1,"enemies":"2 Louse","floor":13,"turns":2},{"damage":37,"enemies":"The Guardian","floor":16,"turns":20},{"damage":10,"enemies":"3 Byrds","floor":18,"turns":5},{"damage":30,"enemies":"Shell Parasite","floor":20,"turns":11},{"damage":22,"enemies":"Snake Plant","floor":21,"turns":3}],"seed_played":"8804503072578866825","potions_obtained":[{"floor":4,"key":"GhostInAJar"},{"floor":11,"key":"Dexterity Potion"},{"floor":19,"key":"Fire Potion"},{"floor":20,"key":"SkillPotion"}],"is_trial":false,"path_per_floor":["M","?","$","M","?","R","E","R","T","R","E","?","M","?","R","B",null,"M","?","M","M"],"character_chosen":"THE_SILENT","items_purchased":["Footwork"],"campfire_rested":1,"item_purchase_floors":[3],"current_hp_per_floor":[59,48,48,48,48,48,48,48,48,48,46,22,21,21,45,8,62,52,52,22,0],"gold":392,"neow_bonus":"THREE_ENEMY_KILL","is_prod":false,"is_daily":false,"chose_seed":false,"campfire_upgraded":3,"win_rate":0,"timestamp":1560758972,"path_taken":["M","?","$","M","?","R","E","R","T","R","E","?","M","?","R","BOSS","M","?","M","?"],"build_version":"2019-01-23","purchased_purges":1,"victory":false,"max_hp_per_floor":[66,66,66,66,66,66,66,66,66,66,80,80,80,80,80,80,80,80,80,80,80],"card_choices":[{"not_picked":["Tactician","Riddle With Holes"],"picked":"Blade Dance","floor":1},{"not_picked":["Reflex","Slice"],"picked":"Dagger Spray","floor":4},{"not_picked":["Blade Dance","Phantasmal Killer"],"picked":"All Out Attack","floor":7},{"not_picked":["Deadly Poison","Sucker Punch"],"picked":"Dagger Throw","floor":11},{"not_picked":["Masterful Stab","Deadly Poison"],"picked":"Flechettes","floor":13},{"not_picked":["Acrobatics","Riddle With Holes"],"picked":"Bullet Time","floor":15},{"not_picked":["Unload","Malaise"],"picked":"Venomology","floor":16},{"not_picked":["Cloak And Dagger","Dagger Throw"],"picked":"Backflip","floor":18},{"not_picked":["Outmaneuver","Bane"],"picked":"Bouncing Flask+1","floor":20}],"player_experience":1388310,"relics_obtained":[{"floor":7,"key":"Dream Catcher"},{"floor":9,"key":"Omamori"},{"floor":11,"key":"Mango"}],"event_choices":[{"damage_healed":0,"gold_gain":75,"player_choice":"Gather Gold","damage_taken":11,"max_hp_gain":0,"max_hp_loss":0,"event_name":"World of Goop","floor":2,"gold_loss":0},{"damage_healed":0,"gold_gain":150,"player_choice":"AGREE","damage_taken":0,"max_hp_gain":0,"max_hp_loss":0,"event_name":"Liars Game","floor":5,"gold_loss":0,"cards_obtained":["Doubt"]},{"damage_healed":0,"gold_gain":0,"player_choice":"Entered Light","damage_taken":24,"max_hp_gain":0,"max_hp_loss":0,"event_name":"Shining Light","floor":12,"gold_loss":0,"cards_upgraded":["Strike_G","Defend_G"]},{"damage_healed":0,"gold_gain":0,"player_choice":"Take Wound","damage_taken":0,"relics_obtained":["Golden Idol"],"max_hp_gain":0,"max_hp_loss":0,"event_name":"Golden Idol","floor":14,"gold_loss":0,"cards_obtained":["Injury"]},{"damage_healed":0,"gold_gain":0,"player_choice":"Bought 1 Potion","damage_taken":0,"max_hp_gain":0,"max_hp_loss":0,"event_name":"The Woman in Blue","floor":19,"gold_loss":0}],"is_beta":false,"boss_relics":[{"not_picked":["HoveringKite","Ectoplasm"],"picked":"Eternal Feather"}],"items_purged_floors":[3],"is_endless":false,"potions_floor_spawned":[4,11,13,20],"killed_by":"Snake Plant","ascension_level":16}