{"gold_per_floor":[115,126,138,156,176,176,202,218,273,284,299,364,381,331,331,432,432,442,11,27,27,46,75,75,75],"floor_reached":25,"playtime":3732,"items_purged":[],"score":252,"play_id":"e468b7f6-1f52-4aa0-91e2-1a4c2168d4f5","local_time":"20190829174737","is_ascension_mode":true,"campfire_choices":[{"data":"Neutralize","floor":6.0,"key":"SMITH"},{"floor":15.0,"key":"REST"}],"neow_cost":"NONE","seed_source_timestamp":0,"circlet_count":0,"master_deck":["Strike_G","Strike_G","Strike_G","Strike_G","Defend_G","Defend_G","Defend_G","Defend_G","Defend_G","Survivor","Neutralize+1","PiercingWail","PiercingWail","Backflip","After Image","Well Laid Plans","Dodge and Roll","Dash","Die Die Die","Night Terror","Dodge and Roll","Apotheosis"],"special_seed":0,"relics":["Ring of the Snake","Matryoshka","Happy Flower","Tiny Chest","Omamori","Fusion Hammer","Bottled Tornado","Strawberry"],"potions_floor_usage":[18,23,23,25],"damage_taken":[{"damage":10.0,"enemies":"Small Slimes","floor":1.0,"turns":5.0},{"damage":0.0,"enemies":"2 Louse","floor":2.0,"turns":3.0},{"damage":8.0,"enemies":"Cultist","floor":3.0,"turns":5.0},{"damage":1.0,"enemies":"Red Slaver","floor":4.0,"turns":7.0},{"damage":5.0,"enemies":"Exordium Wildlife","floor":5.0,"turns":7.0},{"damage":22.0,"enemies":"Gremlin Nob","floor":7.0,"turns":7.0},{"damage":0.0,"enemies":"Blue Slaver","floor":8.0,"turns":6.0},{"damage":0.0,"enemies":"Looter","floor":10.0,"turns":5.0},{"damage":0.0,"enemies":"Large Slime","floor":11.0,"turns":5.0},{"damage":12.0,"enemies":"Lagavulin Event","floor":12.0,"turns":9.0},{"damage":0.0,"enemies":"3 Louse","floor":13.0,"turns":3.0},{"damage":26.0,"enemies":"The Guardian","floor":16.0,"turns":23.0},{"damage":0,"enemies":"Chosen","floor":18,"turns":8},{"damage":1,"enemies":"Shell Parasite","floor":20,"turns":7},{"damage":14,"enemies":"Sentry and Sphere","floor":22,"turns":14},{"damage":17,"enemies":"Slavers","floor":23,"turns":7},{"damage":54,"enemies":"Gremlin Leader","floor":25,"turns":17}],"seed_played":"-8809839170540903059","potions_obtained":[{"floor":2.0,"key":"GamblersBrew"},{"floor":3.0,"key":"Weak Potion"},{"floor":8.0,"key":"AttackPotion"},{"floor":10.0,"key":"LiquidBronze"},{"floor":11.0,"key":"Fire Potion"},{"floor":13.0,"key":"Fire Potion"},{"floor":16.0,"key":"SkillPotion"},{"floor":22,"key":"Poison Potion"}],"is_trial":false,"path_per_floor":["M","M","M","M","M","R","E","M","T","M","M","?","M","?","R","B",null,"M","$","M","$","M","E","?","E"],"character_chosen":"THE_SILENT","items_purchased":["Apotheosis","Bottled Tornado"],"campfire_rested":1,"item_purchase_floors":[19,19],"current_hp_per_floor":[67,67,59,58,53,53,31,31,31,31,31,19,19,19,42,16,77,77,77,76,76,62,52,52,0],"gold":75,"neow_bonus":"TEN_PERCENT_HP_BONUS","is_prod":false,"is_daily":false,"chose_seed":false,"campfire_upgraded":1,"win_rate":0,"timestamp":1567115257,"path_taken":["M","M","M","M","M","R","E","M","T","M","M","?","M","?","R","BOSS","M","$","M","$","M","E","?","E"],"build_version":"2019-07-17","purchased_purges":0,"victory":false,"max_hp_per_floor":[77,77,77,77,77,77,77,77,77,77,77,77,77,77,77,77,77,77,77,77,77,77,84,84,84],"card_choices":[{"not_picked":["Deadly Poison","Flying Knee"],"picked":"PiercingWail","floor":1.0},{"not_picked":["Calculated Gamble","Blade Dance"],"picked":"PiercingWail","floor":2.0},{"not_picked":["Skewer","Accuracy"],"picked":"Backflip","floor":3.0},{"not_picked":["Crippling Poison","Masterful Stab"],"picked":"After Image","floor":4.0},{"not_picked":["Quick Slash","Deadly Poison"],"picked":"Well Laid Plans","floor":5.0},{"not_picked":["Riddle With Holes","PiercingWail"],"picked":"Dodge and Roll","floor":7.0},{"not_picked":["Bane","Reflex"],"picked":"Dash","floor":8.0},{"not_picked":["Blade Dance","Masterful Stab"],"picked":"Die Die Die","floor":10.0},{"not_picked":["Infinite Blades","Prepared","Bane"],"picked":"SKIP","floor":11.0},{"not_picked":["Flying Knee","Masterful Stab","Bane"],"picked":"SKIP","floor":13.0},{"not_picked":["Doppelganger","Phantasmal Killer"],"picked":"Night Terror","floor":16.0},{"not_picked":["Blade Dance","Deflect"],"picked":"Dodge and Roll","floor":18},{"not_picked":["All Out Attack","Sucker Punch","Cloak And Dagger"],"picked":"SKIP","floor":20},{"not_picked":["Flying Knee","Slice","Cloak And Dagger+1"],"picked":"SKIP","floor":22},{"not_picked":["Tactician","PiercingWail+1","Phantasmal Killer"],"picked":"SKIP","floor":23}],"player_experience":330344,"relics_obtained":[{"floor":7.0,"key":"Matryoshka"},{"floor":9.0,"key":"Happy Flower"},{"floor":9.0,"key":"Tiny Chest"},{"floor":12.0,"key":"Omamori"},{"floor":23,"key":"Strawberry"}],"event_choices":[{"damage_healed":0.0,"max_hp_gain":0.0,"max_hp_loss":0.0,"gold_gain":0.0,"event_name":"Dead Adventurer","player_choice":"Searched \u00272\u0027 times","floor":12.0,"gold_loss":0.0,"damage_taken":0.0},{"cards_removed":["Strike_G"],"damage_healed":0.0,"max_hp_gain":0.0,"max_hp_loss":0.0,"gold_gain":0.0,"event_name":"The Cleric","player_choice":"Card Removal","floor":14.0,"gold_loss":50.0,"damage_taken":0.0},{"damage_healed":0,"gold_gain":0,"player_choice":"Smashed Altar","damage_taken":0,"max_hp_gain":0,"max_hp_loss":0,"event_name":"Forgotten Altar","floor":24,"gold_loss":0,"cards_obtained":["Decay"]}],"is_beta":false,"boss_relics":[{"not_picked":["WristBlade","Orrery"],"picked":"Fusion Hammer"}],"items_purged_floors":[],"is_endless":false,"potions_floor_spawned":[2,3,8,10,11,13,16,22],"killed_by":"Gremlin Leader","ascension_level":2}