{"gold_per_floor":[113,288,298,298,298,298,313,341,406,444,475,216,216,234,234,311,311,330,345,345,345,345,345,355,19,44,58,121,121,141,151,151,225,225,235,235,9,19,46,46,61,73,73,0,348,43,43,43,43,43],"floor_reached":50,"playtime":1894,"items_purged":["Doubt","Parasite"],"score":826,"play_id":"539ed5a9-502a-4541-a86f-765442746c2f","local_time":"20190303184039","is_ascension_mode":true,"campfire_choices":[{"data":"Searing Blow","floor":6.0,"key":"SMITH"},{"floor":13.0,"key":"REST"},{"data":"Armaments","floor":15.0,"key":"SMITH"},{"data":"Juggernaut","floor":23.0,"key":"SMITH"},{"floor":29.0,"key":"REST"},{"floor":32.0,"key":"REST"},{"floor":40,"key":"REST"},{"floor":47,"key":"REST"},{"data":"Apotheosis","floor":49,"key":"SMITH"}],"neow_cost":"NONE","seed_source_timestamp":167136806950200,"circlet_count":0,"master_deck":["AscendersBane","Bash","Searing Blow+1","Spot Weakness","Metallicize","Disarm","True Grit","Armaments+1","Headbutt","Juggernaut+1","Clothesline+1","Necronomicurse","Reckless Charge","Rage","Double Tap","Shrug It Off","Anger+1","Havoc+1","Infernal Blade+1","Juggernaut","Sword Boomerang","Ghostly Armor","Reckless Charge","Headbutt","Corruption","Carnage","Impervious","Apotheosis+1","True Grit","Seeing Red","Headbutt","Wild Strike+1","Thunderclap","Whirlwind","Shockwave","Warcry"],"special_seed":0,"relics":["Burning Blood","Bronze Scales","MawBank","Red Skull","Gambling Chip","Oddly Smooth Stone","Velvet Choker","Necronomicon","Incense Burner","Torii","Regal Pillow","Tiny Chest","Pandora\u0027s Box","Anchor","Mercury Hourglass","Old Coin"],"potions_floor_usage":[41,42,45],"damage_taken":[{"damage":7.0,"enemies":"Jaw Worm","floor":1.0,"turns":4.0},{"damage":7.0,"enemies":"Small Slimes","floor":3.0,"turns":4.0},{"damage":6.0,"enemies":"Cultist","floor":7.0,"turns":3.0},{"damage":31.0,"enemies":"3 Sentries","floor":8.0,"turns":6.0},{"damage":33.0,"enemies":"Lagavulin","floor":10.0,"turns":9.0},{"damage":0.0,"enemies":"2 Fungi Beasts","floor":11.0,"turns":3.0},{"damage":12.0,"enemies":"3 Louse","floor":14.0,"turns":4.0},{"damage":4.0,"enemies":"Hexaghost","floor":16.0,"turns":9.0},{"damage":14.0,"enemies":"Spheric Guardian","floor":18.0,"turns":4.0},{"damage":2.0,"enemies":"3 Byrds","floor":19.0,"turns":3.0},{"damage":11.0,"enemies":"Snecko","floor":24.0,"turns":4.0},{"damage":37.0,"enemies":"Chosen and Byrds","floor":27.0,"turns":6.0},{"damage":2.0,"enemies":"Book of Stabbing","floor":28.0,"turns":5.0},{"damage":14.0,"enemies":"Cultist and Chosen","floor":30.0,"turns":5.0},{"damage":7.0,"enemies":"Snake Plant","floor":31.0,"turns":3.0},{"damage":67.0,"enemies":"Champ","floor":33.0,"turns":9.0},{"damage":44.0,"enemies":"3 Darklings","floor":35.0,"turns":6.0},{"damage":14,"enemies":"3 Shapes","floor":38,"turns":4},{"damage":2,"enemies":"Spire Growth","floor":41,"turns":7},{"damage":20,"enemies":"Jaw Worm Horde","floor":42,"turns":5},{"damage":40,"enemies":"2 Orb Walkers","floor":45,"turns":5},{"damage":66,"enemies":"Donu and Deca","floor":50,"turns":4}],"seed_played":"6405455965168261420","potions_obtained":[{"floor":3.0,"key":"Swift Potion"},{"floor":7.0,"key":"Explosive Potion"},{"floor":10.0,"key":"Energy Potion"},{"floor":16.0,"key":"GamblersBrew"},{"floor":18.0,"key":"SneckoOil"},{"floor":27.0,"key":"Explosive Potion"},{"floor":31.0,"key":"Explosive Potion"},{"floor":33.0,"key":"Ancient Potion"},{"floor":35.0,"key":"SteroidPotion"}],"is_trial":false,"path_per_floor":["M","?","M","?","?","R","M","E","T","E","M","$","R","M","R","B",null,"M","M","?","?","?","R","M","$","T","M","E","R","M","M","R","B",null,"M","?","$","M","T","R","M","M","T","$","?","$","R","?","R","B"],"character_chosen":"IRONCLAD","items_purchased":["PowerPotion","Oddly Smooth Stone","Torii","Shrug It Off","Apotheosis","True Grit","EssenceOfSteel","Whirlwind","Shockwave","Warcry","Energy Potion"],"campfire_rested":5,"item_purchase_floors":[12,12,25,25,37,37,44,46,46,46,46],"current_hp_per_floor":[71,71,70,63,63,63,63,38,38,11,17,17,41,35,35,37,69,61,65,49,49,49,49,44,44,44,13,17,56,48,47,80,19,65,27,27,27,19,19,58,62,48,48,48,14,14,52,52,52,0],"gold":43,"neow_bonus":"REMOVE_CARD","is_prod":false,"is_daily":false,"chose_seed":false,"campfire_upgraded":4,"win_rate":0,"timestamp":1551634839,"path_taken":["M","?","M","?","?","R","M","E","T","E","?","$","R","M","R","BOSS","M","M","?","?","?","R","M","$","T","M","E","R","M","M","R","BOSS","M","?","$","?","?","R","M","M","T","?","?","$","R","?","R","BOSS"],"build_version":"2019-01-23","purchased_purges":2,"victory":false,"max_hp_per_floor":[80,80,80,80,80,80,80,80,80,80,80,80,80,80,80,80,80,80,80,80,80,80,80,80,80,80,80,80,80,80,80,80,80,80,80,80,80,80,80,80,80,80,80,80,80,77,77,77,77,77],"card_choices":[{"not_picked":["Thunderclap","Clash"],"picked":"Searing Blow","floor":1.0},{"not_picked":["Hemokinesis","Heavy Blade"],"picked":"Spot Weakness","floor":3.0},{"not_picked":["Wild Strike","Reckless Charge"],"picked":"Metallicize","floor":7.0},{"not_picked":["Inflame","Burning Pact"],"picked":"Disarm","floor":8.0},{"not_picked":["Reckless Charge","Brutality"],"picked":"True Grit","floor":10.0},{"not_picked":["Blood for Blood","Evolve"],"picked":"Armaments","floor":11.0},{"not_picked":["True Grit","Anger"],"picked":"Headbutt","floor":14.0},{"not_picked":["Feed","Bludgeon"],"picked":"Juggernaut","floor":16.0},{"not_picked":["Wild Strike","Power Through"],"picked":"Clothesline+1","floor":18.0},{"not_picked":["Havoc","Perfected Strike","Wild Strike+1"],"picked":"SKIP","floor":19.0},{"not_picked":["Shockwave","Second Wind"],"picked":"Double Tap","floor":24.0},{"not_picked":["Clash","Iron Wave"],"picked":"Anger+1","floor":27.0},{"not_picked":["Clothesline","Havoc","Perfected Strike"],"picked":"SKIP","floor":28.0},{"not_picked":["Sword Boomerang","Armaments"],"picked":"Havoc+1","floor":30.0},{"not_picked":["Twin Strike","Wild Strike"],"picked":"Infernal Blade+1","floor":31.0},{"not_picked":["Dark Embrace","Fiend Fire"],"picked":"Juggernaut","floor":33.0},{"not_picked":["Ghostly Armor","Wild Strike+1"],"picked":"Corruption","floor":35.0},{"not_picked":["Sword Boomerang+1","Warcry+1"],"picked":"Seeing Red","floor":38},{"not_picked":["Iron Wave","Spot Weakness"],"picked":"Headbutt","floor":41},{"not_picked":["Armaments+1","Cleave"],"picked":"Wild Strike+1","floor":42},{"not_picked":["Rage","Seeing Red"],"picked":"Thunderclap","floor":45}],"player_experience":923032,"relics_obtained":[{"floor":8.0,"key":"MawBank"},{"floor":9.0,"key":"Red Skull"},{"floor":10.0,"key":"Gambling Chip"},{"floor":20.0,"key":"Necronomicon"},{"floor":26.0,"key":"Regal Pillow"},{"floor":28.0,"key":"Tiny Chest"},{"floor":39,"key":"Anchor"},{"floor":43,"key":"Mercury Hourglass"},{"floor":45,"key":"Old Coin"}],"event_choices":[{"damage_healed":0.0,"max_hp_gain":0.0,"max_hp_loss":0.0,"gold_gain":175.0,"event_name":"Liars Game","player_choice":"AGREE","floor":2.0,"gold_loss":0.0,"damage_taken":0.0,"cards_obtained":["Doubt"]},{"damage_healed":0.0,"max_hp_gain":0.0,"max_hp_loss":0.0,"gold_gain":0.0,"event_name":"Scrap Ooze","player_choice":"Success","floor":4.0,"gold_loss":0.0,"damage_taken":7.0,"relics_obtained":["Bronze Scales"]},{"cards_removed":["Strike_R"],"damage_healed":0.0,"max_hp_gain":0.0,"max_hp_loss":0.0,"gold_gain":0.0,"event_name":"Bonfire Elementals","player_choice":"Offered Basic","floor":5.0,"gold_loss":0.0,"damage_taken":0.0},{"damage_healed":0.0,"max_hp_gain":0.0,"max_hp_loss":0.0,"gold_gain":0.0,"event_name":"Cursed Tome","player_choice":"Obtained Book","floor":20.0,"gold_loss":0.0,"damage_taken":16.0},{"damage_healed":0.0,"max_hp_gain":0.0,"max_hp_loss":0.0,"gold_gain":0.0,"cards_transformed":["Strike_R","Strike_R"],"event_name":"Drug Dealer","player_choice":"Became Test Subject","floor":21.0,"gold_loss":0.0,"damage_taken":0.0,"cards_obtained":["Reckless Charge","Rage"]},{"damage_healed":0.0,"max_hp_gain":0.0,"max_hp_loss":0.0,"gold_gain":0.0,"event_name":"The Mausoleum","player_choice":"Opened","floor":22.0,"gold_loss":0.0,"damage_taken":0.0,"relics_obtained":["Incense Burner"]},{"damage_healed":0.0,"max_hp_gain":0.0,"max_hp_loss":0.0,"gold_gain":0.0,"event_name":"Match and Keep!","player_choice":"3 cards matched","floor":36.0,"gold_loss":0.0,"damage_taken":0.0,"cards_obtained":["Parasite","Carnage","Impervious"]},{"damage_healed":0,"gold_gain":0,"player_choice":"Fight","damage_taken":0,"max_hp_gain":0,"max_hp_loss":0,"event_name":"Mysterious Sphere","floor":45,"gold_loss":0},{"cards_removed":["Pummel"],"damage_healed":0,"gold_gain":0,"player_choice":"Removed Attack","damage_taken":0,"max_hp_gain":0,"max_hp_loss":0,"event_name":"Falling","floor":48,"gold_loss":0}],"is_beta":false,"boss_relics":[{"not_picked":["Fusion Hammer","Snecko Eye"],"picked":"Velvet Choker"},{"not_picked":["Philosopher\u0027s Stone","Lizard Tail"],"picked":"Pandora\u0027s Box"}],"items_purged_floors":[12,46],"is_endless":false,"potions_floor_spawned":[3,7,10,16,18,27,31,33,35,38],"killed_by":"Donu and Deca","ascension_level":13}