{"gold_per_floor":[110,122,142,160,177,177,189,208,235,297,297,311,330,349,349,451,451,461,461,477,559,579,610,610,179,206,234,250,250,268,278,278,377,377,393,406,406,406,420,420,420,432,455,481,481,481,108,125,125,125],"floor_reached":51,"playtime":1397,"items_purged":["Strike_R","Strike_R"],"score":697,"play_id":"893e0f87-40ef-48fc-8a85-30a8e448eb80","local_time":"20190905142226","is_ascension_mode":false,"campfire_choices":[{"data":"Whirlwind","floor":6,"key":"SMITH"},{"data":"Uppercut","floor":15,"key":"SMITH"},{"floor":24,"key":"REST"},{"floor":32,"key":"REST"},{"data":"Limit Break","floor":41,"key":"SMITH"},{"floor":46,"key":"REST"},{"data":"Havoc","floor":49,"key":"SMITH"}],"neow_cost":"NONE","seed_source_timestamp":505499458177611,"circlet_count":0,"master_deck":["Strike_R","Defend_R","Defend_R","Defend_R","Defend_R+1","Bash","Pommel Strike","Anger","Whirlwind+1","Pummel","Infernal Blade","Anger","Spot Weakness+1","Uppercut+1","Limit Break+1","Pummel","Havoc+1","Ghostly Armor","Offering","Havoc+1","Combust","Fiend Fire","Impervious","True Grit","Uppercut+1","Battle Trance"],"relics":["Burning Blood","Omamori","Tiny Chest","WarpedTongs","Runic Pyramid","Happy Flower","Mummified Hand","Red Skull","War Paint","Smiling Mask","PreservedInsect","Sozu","Dream Catcher","Centennial Puzzle","Lantern","Kunai"],"potions_floor_usage":[16,18,23,23,50,50,50],"damage_taken":[{"damage":12,"enemies":"Small Slimes","floor":1,"turns":3},{"damage":6,"enemies":"Cultist","floor":2,"turns":3},{"damage":6,"enemies":"Jaw Worm","floor":3,"turns":2},{"damage":6,"enemies":"3 Louse","floor":4,"turns":2},{"damage":11,"enemies":"Red Slaver","floor":5,"turns":3},{"damage":6,"enemies":"2 Fungi Beasts","floor":7,"turns":2},{"damage":18,"enemies":"Exordium Wildlife","floor":8,"turns":3},{"damage":31,"enemies":"Lagavulin","floor":10,"turns":4},{"damage":1,"enemies":"3 Louse","floor":12,"turns":3},{"damage":10,"enemies":"Looter","floor":13,"turns":2},{"damage":6,"enemies":"2 Fungi Beasts","floor":14,"turns":2},{"damage":32,"enemies":"The Guardian","floor":16,"turns":8},{"damage":10,"enemies":"3 Byrds","floor":18,"turns":3},{"damage":27,"enemies":"2 Thieves","floor":20,"turns":3},{"damage":24,"enemies":"Snake Plant","floor":22,"turns":2},{"damage":8,"enemies":"Book of Stabbing","floor":23,"turns":2},{"damage":17,"enemies":"Gremlin Leader","floor":27,"turns":5},{"damage":16,"enemies":"Sentry and Sphere","floor":28,"turns":3},{"damage":14,"enemies":"Centurion and Healer","floor":30,"turns":4},{"damage":13,"enemies":"3 Cultists","floor":31,"turns":3},{"damage":28,"enemies":"Champ","floor":33,"turns":5},{"damage":42,"enemies":"3 Shapes","floor":35,"turns":6},{"damage":6,"enemies":"Orb Walker","floor":36,"turns":2},{"damage":15,"enemies":"Sphere and 2 Shapes","floor":39,"turns":2},{"damage":24,"enemies":"3 Darklings","floor":42,"turns":5},{"damage":8,"enemies":"Maw","floor":48,"turns":4},{"damage":46,"enemies":"Awakened One","floor":50,"turns":6}],"seed_played":"2683131524066794137","potions_obtained":[{"floor":3,"key":"Swift Potion"},{"floor":4,"key":"SteroidPotion"},{"floor":7,"key":"LiquidBronze"},{"floor":18,"key":"Strength Potion"},{"floor":23,"key":"Fire Potion"},{"floor":28,"key":"Energy Potion"},{"floor":31,"key":"Dexterity Potion"}],"is_trial":false,"path_per_floor":["M","M","M","M","M","R","M","M","T","E","?","M","M","M","R","B",null,"M","?","M","T","M","E","R","$","T","E","M","?","M","M","R","B",null,"M","M","?","T","M","?","R","M","T","T","?","R","$","M","R","B",null],"character_chosen":"IRONCLAD","items_purchased":["Offering","War Paint","Havoc","Combust","Battle Trance","Kunai"],"campfire_rested":3,"item_purchase_floors":[25,25,25,25,47,47],"current_hp_per_floor":[74,74,74,74,69,69,69,57,57,32,32,37,33,33,33,7,80,76,76,55,55,37,35,59,59,59,48,38,38,30,23,47,25,80,44,44,44,44,35,70,70,52,52,52,52,70,70,68,68,28],"gold":125,"neow_bonus":"REMOVE_CARD","is_prod":false,"is_daily":false,"chose_seed":false,"campfire_upgraded":4,"win_rate":0,"timestamp":1567707746,"path_taken":["M","M","M","M","M","R","M","M","T","E","?","?","?","M","R","BOSS","M","?","M","?","M","E","R","$","T","E","M","?","?","M","R","BOSS","M","M","?","?","M","?","R","M","T","?","?","R","$","M","R","BOSS"],"build_version":"2019-07-17","purchased_purges":2,"victory":true,"max_hp_per_floor":[80,80,80,80,80,80,80,80,80,80,80,80,80,80,80,80,80,80,80,80,80,80,80,80,80,80,80,80,80,80,80,80,80,80,80,80,80,80,80,70,70,70,70,70,70,70,70,70,70,70],"card_choices":[{"not_picked":["Wild Strike","True Grit"],"picked":"Pommel Strike","floor":1},{"not_picked":["Havoc","Wild Strike"],"picked":"Anger","floor":2},{"not_picked":["Headbutt","Havoc"],"picked":"Whirlwind","floor":3},{"not_picked":["Hemokinesis","Wild Strike"],"picked":"Pummel","floor":4},{"not_picked":["Thunderclap","Searing Blow","Twin Strike"],"picked":"SKIP","floor":5},{"not_picked":["Sentinel","True Grit","Heavy Blade"],"picked":"SKIP","floor":7},{"not_picked":["Clothesline","Dark Embrace"],"picked":"Infernal Blade","floor":8},{"not_picked":["Cleave","Fire Breathing"],"picked":"Anger","floor":10},{"not_picked":["Cleave","Hemokinesis"],"picked":"Spot Weakness","floor":12},{"not_picked":["Armaments","Twin Strike","Bloodletting"],"picked":"SKIP","floor":13},{"not_picked":["Combust","Infernal Blade"],"picked":"Uppercut","floor":14},{"not_picked":["Feed","Double Tap"],"picked":"Limit Break","floor":16},{"not_picked":["Rupture","Feel No Pain","Body Slam"],"picked":"SKIP","floor":18},{"not_picked":["Iron Wave","Rupture"],"picked":"Pummel","floor":20},{"not_picked":["Power Through","Shockwave+1"],"picked":"Havoc+1","floor":22},{"not_picked":["Wild Strike","Searing Blow"],"picked":"Ghostly Armor","floor":23},{"not_picked":["Warcry+1","Clothesline","Dual Wield"],"picked":"SKIP","floor":27},{"not_picked":["Pommel Strike","Whirlwind"],"picked":"Fiend Fire","floor":28},{"not_picked":["Rage","Second Wind","Clothesline"],"picked":"SKIP","floor":30},{"not_picked":["Rupture+1","Headbutt","True Grit"],"picked":"SKIP","floor":31},{"not_picked":["Fiend Fire","Feed"],"picked":"Impervious","floor":33},{"not_picked":["Feel No Pain","Perfected Strike","Entrench+1"],"picked":"SKIP","floor":35},{"not_picked":["Thunderclap+1","Clash+1"],"picked":"True Grit","floor":36},{"not_picked":["Body Slam","Second Wind+1","Bludgeon"],"picked":"SKIP","floor":39},{"not_picked":["Armaments","Body Slam+1","True Grit"],"picked":"SKIP","floor":42},{"not_picked":["Cleave","Havoc+1"],"picked":"Uppercut+1","floor":46},{"not_picked":["Body Slam","Warcry","Corruption"],"picked":"SKIP","floor":48}],"player_experience":344804,"relics_obtained":[{"floor":9,"key":"Omamori"},{"floor":10,"key":"Tiny Chest"},{"floor":21,"key":"Mummified Hand"},{"floor":23,"key":"Red Skull"},{"floor":26,"key":"Smiling Mask"},{"floor":27,"key":"PreservedInsect"},{"floor":38,"key":"Dream Catcher"},{"floor":43,"key":"Centennial Puzzle"},{"floor":44,"key":"Lantern"}],"event_choices":[{"damage_healed":0,"gold_gain":0,"player_choice":"Rummage","damage_taken":0,"relics_obtained":["WarpedTongs"],"max_hp_gain":0,"max_hp_loss":0,"event_name":"Accursed Blacksmith","floor":11,"gold_loss":0,"cards_obtained":["Pain"]},{"damage_healed":0,"gold_gain":0,"player_choice":"Opened","damage_taken":0,"relics_obtained":["Happy Flower"],"max_hp_gain":0,"max_hp_loss":0,"event_name":"The Mausoleum","floor":19,"gold_loss":0,"cards_obtained":["Writhe"]},{"damage_healed":0,"gold_gain":0,"player_choice":"0 cards matched","damage_taken":0,"max_hp_gain":0,"max_hp_loss":0,"event_name":"Match and Keep!","floor":29,"gold_loss":0,"cards_obtained":[]},{"damage_healed":0,"gold_gain":0,"player_choice":"Ignored","damage_taken":0,"max_hp_gain":0,"max_hp_loss":0,"event_name":"Tomb of Lord Red Mask","floor":37,"gold_loss":0},{"damage_healed":70,"gold_gain":0,"player_choice":"Heal","damage_taken":0,"max_hp_gain":0,"max_hp_loss":10,"event_name":"The Moai Head","floor":40,"gold_loss":0},{"cards_removed":["Strike_R"],"damage_healed":0,"gold_gain":0,"player_choice":"Removed Attack","damage_taken":0,"max_hp_gain":0,"max_hp_loss":0,"event_name":"Falling","floor":45,"gold_loss":0}],"is_beta":false,"boss_relics":[{"not_picked":["Lizard Tail","Black Blood"],"picked":"Runic Pyramid"},{"not_picked":["Black Star","Tiny House"],"picked":"Sozu"}],"items_purged_floors":[25,47],"is_endless":false,"potions_floor_spawned":[3,4,7,8,12,18,23,28,31,35,36],"ascension_level":0}