{"path_per_floor":["M","M","M","?","M","R","?","R","T","E","R","$","M","E","R","B",null,"M","?","?","M","M","R","E","M","T","$","?","R","M","M","R","B",null,"M","?","$","T","M","R","?","E","T","$","?","R","M","M","R"],"character_chosen":"IRONCLAD","items_purchased":["Inflame","Blood Vial"],"gold_per_floor":[12,29,40,40,60,60,60,60,60,89,89,14,26,61,61,158,158,169,84,84,98,115,115,149,166,166,27,27,27,46,59,59,161,161,181,181,36,36,51,51,51,84,84,84,184,184,202,214,214],"floor_reached":50,"campfire_rested":0,"playtime":3146,"current_hp_per_floor":[80,80,69,74,58,58,58,58,58,48,48,48,47,26,26,10,66,55,55,55,54,59,59,25,32,32,32,32,32,38,40,40,26,58,39,39,39,39,53,53,69,49,49,49,49,49,39,39,39],"items_purged":["Strike_R","Clumsy"],"gold":214,"play_id":"9ecf70b9-0698-4f2e-a25b-6252b6950c52","is_prod":false,"is_daily":false,"is_ascension_mode":true,"campfire_upgraded":6,"path_taken":["M","M","M","?","M","R","?","R","T","E","R","$","M","E","R","BOSS","M","?","?","M","M","R","E","M","T","$","?","R","M","?","R","BOSS","M","?","$","?","M","R","?","E","T","$","?","R","M","?","R","BOSS"],"build_version":"2018-02-01-PROD3","purchased_purges":2,"victory":false,"master_deck":["Defend_R","Defend_R","Defend_R","Bash+1","Thunderclap","Metallicize+1","Pommel Strike","Flex+1","Warcry","Limit Break+1","Bite","Bite","Bite","Bite","Bite","Heavy Blade+1","Metallicize","Intimidate","Inflame+1","Demon Form+1","Evolve","Evolve","Disarm","Shrug It Off+1","Writhe","Limit Break","Writhe","Metallicize+1","Regret"],"max_hp_per_floor":[80,80,80,85,85,85,85,85,85,85,85,85,85,85,85,85,85,85,85,59,59,59,59,69,69,69,69,69,69,69,69,69,69,69,69,69,69,69,69,69,69,69,69,69,69,69,69,69,69],"relics":["Burning Blood","Shovel","Matryoshka","Happy Flower","Blue Candle","Mercury Hourglass","Cursed Key","Toolbox","Pear","Anchor","Dream Catcher","Charon\u0027s Ashes","Orrery","Blood Vial","Vajra","Ice Cream","Centennial Puzzle","Lantern","Pen Nib"],"card_choices":[{"not_picked":["Shrug It Off","Disarm"],"picked":"Thunderclap"},{"not_picked":["Hemokinesis","Body Slam"],"picked":"Metallicize"},{"not_picked":["Hemokinesis","Intimidate"],"picked":"Pommel Strike"},{"not_picked":["Uppercut","Carnage"],"picked":"Flex"},{"not_picked":["Hemokinesis","Sentinel"],"picked":"Warcry"},{"not_picked":["Juggernaut","Brutality"],"picked":"Limit Break"},{"not_picked":["Metallicize","Warcry"],"picked":"Heavy Blade"},{"not_picked":["Battle Trance","Headbutt"],"picked":"Metallicize"},{"not_picked":["True Grit","Warcry"],"picked":"Intimidate"},{"not_picked":["Sentinel","Inflame"],"picked":"Seeing Red"},{"not_picked":["Brutality","Reaper"],"picked":"Demon Form"},{"not_picked":["Wild Strike","Sentinel"],"picked":"Evolve"},{"not_picked":["Dual Wield","True Grit"],"picked":"Evolve"},{"not_picked":["Shrug It Off","Flame Barrier"],"picked":"Disarm"},{"not_picked":["Fire Breathing","Heavy Blade"],"picked":"Shrug It Off"},{"not_picked":["Shockwave","Entrench"],"picked":"Limit Break"},{"not_picked":["Dual Wield","Searing Blow"],"picked":"Metallicize"}],"player_experience":160864,"potions_floor_usage":[10,16,21,25,31,48],"damage_taken":[{"damage":4,"enemies":"Jaw Worm","floor":1,"turns":4},{"damage":6,"enemies":"Cultist","floor":2,"turns":3},{"damage":17,"enemies":"Blue Slaver","floor":3,"turns":5},{"damage":22,"enemies":"3 Louse","floor":5,"turns":4},{"damage":16,"enemies":"Gremlin Nob","floor":10,"turns":5},{"damage":7,"enemies":"2 Fungi Beasts","floor":13,"turns":2},{"damage":27,"enemies":"Lagavulin","floor":14,"turns":5},{"damage":22,"enemies":"The Guardian","floor":16,"turns":12},{"damage":17,"enemies":"Shell Parasite","floor":18,"turns":5},{"damage":15,"enemies":"Spheric Guardian","floor":21,"turns":4},{"damage":0,"enemies":"Snake Plant","floor":22,"turns":2},{"damage":58,"enemies":"Slavers","floor":24,"turns":7},{"damage":28,"enemies":"Centurion and Healer","floor":25,"turns":7},{"damage":9,"enemies":"Snecko","floor":30,"turns":3},{"damage":8,"enemies":"Cultist and Chosen","floor":31,"turns":3},{"damage":30,"enemies":"Collector","floor":33,"turns":7},{"damage":33,"enemies":"3 Shapes","floor":35,"turns":5},{"damage":0,"enemies":"Orb Walker","floor":39,"turns":2},{"damage":36,"enemies":"2 Orb Walkers","floor":42,"turns":4},{"damage":30,"enemies":"Maw","floor":47,"turns":6},{"damage":14,"enemies":"4 Shapes","floor":48,"turns":3},{"damage":58,"enemies":"Awakened One","floor":50,"turns":3}],"event_choices":[{"event_name":"Big Fish","player_choice":"Donut","floor":4,"damage_taken":0},{"event_name":"The Woman in Blue","player_choice":"Bought 0 Potions","floor":7,"damage_taken":0},{"event_name":"Addict","player_choice":"Obtained Relic","floor":19,"damage_taken":0},{"event_name":"Vampires","player_choice":"Became a vampire","floor":20,"damage_taken":0},{"event_name":"Beggar","player_choice":"Ignored","floor":28,"damage_taken":0},{"event_name":"Winding Halls","player_choice":"Writhe","floor":41,"damage_taken":0},{"event_name":"Golden Shrine","player_choice":"Pray","floor":45,"damage_taken":0}],"boss_relics":[{"not_picked":["Runic Pyramid","White Beast Statue"],"picked":"Cursed Key"},{"not_picked":["Mark of Pain","Philosopher\u0027s Stone"],"picked":"Orrery"}],"potions_floor_spawned":[3,13,16,24,30,33,42],"seed_played":"-3514424612693816933","killed_by":"Awakened One","ascension_level":5,"is_trial":false}