{"gold_per_floor":[111,127,127,202,302,302,328,340,387,399,49,49,380,398,398,398],"floor_reached":16,"playtime":367,"items_purged":["Strike_R"],"score":270,"play_id":"87073c13-de03-4130-bd3d-dc722efa99de","local_time":"20190512191401","is_ascension_mode":true,"campfire_choices":[{"data":"Bash","floor":6.0,"key":"SMITH"},{"floor":12.0,"key":"REST"},{"floor":15,"key":"REST"}],"neow_cost":"NONE","seed_source_timestamp":2594513843967704,"circlet_count":0,"master_deck":["AscendersBane","Strike_R","Strike_R","Strike_R","Strike_R","Defend_R","Defend_R","Defend_R","Defend_R","Bash+1","Anger","Uppercut","Fire Breathing","Armaments","Spot Weakness"],"special_seed":0,"relics":["Burning Blood","NeowsBlessing","Art of War","Peace Pipe","Blood Vial","Sundial","Old Coin"],"potions_floor_usage":[13],"damage_taken":[{"damage":0.0,"enemies":"Cultist","floor":1.0,"turns":1.0},{"damage":0.0,"enemies":"2 Louse","floor":2.0,"turns":1.0},{"damage":0.0,"enemies":"Lagavulin","floor":7.0,"turns":1.0},{"damage":7.0,"enemies":"Jaw Worm","floor":8.0,"turns":3.0},{"damage":46.0,"enemies":"Gremlin Gang","floor":10.0,"turns":7.0},{"damage":39,"enemies":"3 Sentries","floor":13,"turns":8},{"damage":10,"enemies":"Red Slaver","floor":14,"turns":3},{"damage":39,"enemies":"The Guardian","floor":16,"turns":6}],"seed_played":"-3662434732477191787","potions_obtained":[{"floor":10.0,"key":"Weak Potion"}],"is_trial":false,"path_per_floor":["M","M","?","?","?","R","E","M","T","M","$","R","E","M","R","B"],"character_chosen":"IRONCLAD","items_purchased":["Sundial"],"campfire_rested":2,"item_purchase_floors":[11],"current_hp_per_floor":[74,75,70,59,59,59,65,64,64,26,26,48,17,15,37,0],"gold":398,"neow_bonus":"THREE_ENEMY_KILL","is_prod":false,"is_daily":false,"chose_seed":false,"campfire_upgraded":1,"win_rate":0,"timestamp":1557681241,"path_taken":["M","M","?","?","?","R","E","?","T","M","$","R","E","M","R","BOSS"],"build_version":"2019-01-23","purchased_purges":1,"victory":false,"max_hp_per_floor":[75,75,75,75,75,75,75,75,75,75,75,75,75,75,75,75],"card_choices":[{"not_picked":["Sword Boomerang","Twin Strike"],"picked":"Anger","floor":1.0},{"not_picked":["Flex","Entrench","Wild Strike"],"picked":"SKIP","floor":2.0},{"not_picked":["Sever Soul","Havoc","Pummel"],"picked":"SKIP","floor":7.0},{"not_picked":["Ghostly Armor","Perfected Strike"],"picked":"Uppercut","floor":8.0},{"not_picked":["Clothesline","Shockwave"],"picked":"Fire Breathing","floor":10.0},{"not_picked":["Flame Barrier","Shrug It Off"],"picked":"Armaments","floor":13},{"not_picked":["Cleave","Flex"],"picked":"Spot Weakness","floor":14}],"player_experience":786312,"relics_obtained":[{"floor":7.0,"key":"Peace Pipe"},{"floor":9.0,"key":"Blood Vial"},{"floor":13,"key":"Old Coin"}],"event_choices":[{"damage_healed":0.0,"max_hp_gain":0.0,"max_hp_loss":0.0,"gold_gain":0.0,"event_name":"Scrap Ooze","player_choice":"Success","floor":3.0,"gold_loss":0.0,"damage_taken":5.0,"relics_obtained":["Art of War"]},{"damage_healed":0.0,"max_hp_gain":0.0,"max_hp_loss":0.0,"gold_gain":75.0,"event_name":"World of Goop","player_choice":"Gather Gold","floor":4.0,"gold_loss":0.0,"damage_taken":11.0},{"damage_healed":0.0,"max_hp_gain":0.0,"max_hp_loss":0.0,"gold_gain":100.0,"event_name":"Wheel of Change","player_choice":"Gold","floor":5.0,"gold_loss":0.0,"damage_taken":0.0}],"is_beta":false,"boss_relics":[],"items_purged_floors":[11],"is_endless":false,"potions_floor_spawned":[10],"killed_by":"The Guardian","ascension_level":20}