{"gold_per_floor":[110,110,128,141,216,216,277,289,315,315,330,81,81,99,99,192,192,185,185,209,124,136,148],"floor_reached":23,"playtime":606,"items_purged":["Injury"],"score":334,"play_id":"adb7ed91-246a-4914-974e-fceeaaff9087","local_time":"20190424004742","is_ascension_mode":true,"campfire_choices":[{"data":"Bash","floor":6,"key":"SMITH"},{"data":"Apotheosis","floor":13,"key":"SMITH"},{"floor":15,"key":"REST"}],"neow_cost":"NONE","seed_source_timestamp":95425867326200,"circlet_count":0,"master_deck":["AscendersBane","Strike_R","Strike_R","Strike_R","Strike_R","Defend_R","Defend_R","Defend_R","Defend_R","Bash+1","Flex","Wild Strike","Pommel Strike","Body Slam","Headbutt","Flame Barrier","Apotheosis+1","Heavy Blade","Limit Break","Seeing Red","Heavy Blade","Headbutt"],"relics":["Burning Blood","NeowsBlessing","Tiny Chest","Boot","Golden Idol","Sozu","MawBank"],"potions_floor_usage":[8,16,23],"damage_taken":[{"damage":0,"enemies":"Jaw Worm","floor":1,"turns":1},{"damage":0,"enemies":"Cultist","floor":3,"turns":1},{"damage":0,"enemies":"2 Louse","floor":4,"turns":2},{"damage":26,"enemies":"Gremlin Nob","floor":7,"turns":4},{"damage":10,"enemies":"Large Slime","floor":8,"turns":5},{"damage":11,"enemies":"Blue Slaver","floor":11,"turns":3},{"damage":11,"enemies":"Looter","floor":14,"turns":3},{"damage":21,"enemies":"The Guardian","floor":16,"turns":9},{"damage":26,"enemies":"2 Thieves","floor":18,"turns":4},{"damage":2,"enemies":"Chosen","floor":20,"turns":3},{"damage":53,"enemies":"Slavers","floor":23,"turns":3}],"seed_played":"7129924505774690347","potions_obtained":[{"floor":7,"key":"GamblersBrew"},{"floor":8,"key":"PowerPotion"},{"floor":16,"key":"EssenceOfSteel"}],"is_trial":false,"path_per_floor":["M","?","M","M","?","R","E","M","T","?","M","$","R","M","R","B",null,"M","?","M","?","$","E"],"character_chosen":"IRONCLAD","items_purchased":["Apotheosis"],"campfire_rested":1,"item_purchase_floors":[12],"current_hp_per_floor":[74,74,75,75,64,64,44,40,40,40,35,35,35,30,52,37,66,46,46,50,50,50,0],"gold":148,"neow_bonus":"THREE_ENEMY_KILL","is_prod":false,"is_daily":false,"chose_seed":false,"campfire_upgraded":2,"win_rate":0,"timestamp":1556059662,"path_taken":["M","?","M","?","?","R","E","M","T","?","M","$","R","M","R","BOSS","M","?","M","?","?","E"],"build_version":"2019-01-23","purchased_purges":1,"victory":false,"max_hp_per_floor":[75,75,75,75,75,75,75,75,75,75,75,75,75,75,75,75,75,75,75,75,75,75,75],"card_choices":[{"not_picked":["Heavy Blade","Warcry"],"picked":"Flex","floor":1},{"not_picked":["Havoc","Pummel"],"picked":"Wild Strike","floor":3},{"not_picked":["Twin Strike","Clash"],"picked":"Pommel Strike","floor":4},{"not_picked":["Anger","Iron Wave"],"picked":"Body Slam","floor":7},{"not_picked":["Searing Blow","Warcry"],"picked":"Headbutt","floor":8},{"not_picked":["Clash","Hemokinesis"],"picked":"Flame Barrier","floor":11},{"not_picked":["Cleave","Clash"],"picked":"Heavy Blade","floor":14},{"not_picked":["Fiend Fire","Bludgeon"],"picked":"Limit Break","floor":16},{"not_picked":["Body Slam","Iron Wave"],"picked":"Seeing Red","floor":18},{"not_picked":["Shrug It Off","Flex"],"picked":"Headbutt","floor":20}],"player_experience":1059450,"relics_obtained":[{"floor":7,"key":"Tiny Chest"},{"floor":9,"key":"Boot"}],"event_choices":[{"cards_removed":["Strike_R"],"damage_healed":0,"gold_gain":0,"player_choice":"Offered Basic","damage_taken":0,"max_hp_gain":0,"max_hp_loss":0,"event_name":"Bonfire Elementals","floor":2,"gold_loss":0},{"damage_healed":0,"gold_gain":75,"player_choice":"Gather Gold","damage_taken":11,"max_hp_gain":0,"max_hp_loss":0,"event_name":"World of Goop","floor":5,"gold_loss":0},{"damage_healed":0,"gold_gain":0,"player_choice":"Take Wound","damage_taken":0,"relics_obtained":["Golden Idol"],"max_hp_gain":0,"max_hp_loss":0,"event_name":"Golden Idol","floor":10,"gold_loss":0,"cards_obtained":["Injury"]},{"damage_healed":0,"gold_gain":0,"player_choice":"Read","damage_taken":0,"max_hp_gain":0,"max_hp_loss":0,"event_name":"The Library","floor":19,"gold_loss":0,"cards_obtained":["Heavy Blade"]},{"damage_healed":0,"gold_gain":0,"player_choice":"Obtained Relic","damage_taken":0,"relics_obtained":["MawBank"],"max_hp_gain":0,"max_hp_loss":0,"event_name":"Addict","floor":21,"gold_loss":85}],"is_beta":false,"boss_relics":[{"not_picked":["Tiny House","Empty Cage"],"picked":"Sozu"}],"items_purged_floors":[12],"is_endless":false,"potions_floor_spawned":[7,8,16,18],"killed_by":"Slavers","ascension_level":15}