{"gold_per_floor":[112,131,141,141,153,180,180,16,42,42,83,83],"floor_reached":12,"playtime":813,"items_purged":["Strike_G"],"score":176,"play_id":"ce1e8aa5-965d-4e5a-a6bf-55655b649ddb","local_time":"20190109225309","is_ascension_mode":true,"campfire_choices":[],"neow_cost":"NONE","seed_source_timestamp":14889719822660,"circlet_count":0,"master_deck":["AscendersBane","Defend_G","Defend_G","Defend_G+1","Defend_G","Defend_G+1","Strike_G","Strike_G","Strike_G","Survivor","Neutralize","All Out Attack","Skewer","Backstab","Flying Knee","Footwork","Backflip","Caltrops"],"special_seed":0,"relics":["Ring of the Snake","NeowsBlessing","Dream Catcher","Golden Idol","War Paint","Bag of Preparation"],"potions_floor_usage":[],"damage_taken":[{"damage":0.0,"enemies":"Small Slimes","floor":1.0,"turns":1.0},{"damage":0.0,"enemies":"Jaw Worm","floor":2.0,"turns":1.0},{"damage":0.0,"enemies":"Cultist","floor":3.0,"turns":1.0},{"damage":6.0,"enemies":"2 Fungi Beasts","floor":5.0,"turns":3.0},{"damage":14.0,"enemies":"Gremlin Nob","floor":6.0,"turns":4.0},{"damage":37.0,"enemies":"Lagavulin","floor":11.0,"turns":9.0},{"damage":11,"enemies":"Exordium Thugs","floor":12,"turns":3}],"seed_played":"-5685881449360802250","potions_obtained":[{"floor":1.0,"key":"Block Potion"},{"floor":2.0,"key":"SteroidPotion"}],"is_trial":false,"path_per_floor":["M","M","M","?","M","E","?","$","T","?","E","M"],"character_chosen":"THE_SILENT","items_purchased":["Footwork"],"campfire_rested":0,"item_purchase_floors":[8],"current_hp_per_floor":[59,59,59,59,53,39,39,39,39,39,2,0],"gold":83,"neow_bonus":"THREE_ENEMY_KILL","is_prod":false,"is_daily":false,"chose_seed":false,"campfire_upgraded":0,"win_rate":0,"timestamp":1547070789,"path_taken":["M","M","M","?","M","E","?","$","T","?","E","M"],"build_version":"2019-01-03v4","purchased_purges":1,"victory":false,"max_hp_per_floor":[66,66,66,66,66,66,60,60,60,60,60,60],"card_choices":[{"not_picked":["Deflect","Heel Hook"],"picked":"All Out Attack","floor":1.0},{"not_picked":["Quick Slash","Dagger Spray"],"picked":"Skewer","floor":2.0},{"not_picked":["Tactician","Deflect","Prepared"],"picked":"SKIP","floor":3.0},{"not_picked":["Eviscerate","Outmaneuver"],"picked":"Backstab","floor":5.0},{"not_picked":["Prepared","Slice"],"picked":"Flying Knee","floor":6.0},{"not_picked":["Well Laid Plans","Poisoned Stab"],"picked":"Caltrops","floor":11.0}],"player_experience":589042,"relics_obtained":[{"floor":6.0,"key":"Dream Catcher"},{"floor":9.0,"key":"War Paint"},{"floor":11.0,"key":"Bag of Preparation"}],"event_choices":[{"damage_healed":0.0,"max_hp_gain":0.0,"max_hp_loss":0.0,"gold_gain":0.0,"event_name":"Scrap Ooze","player_choice":"Fled","floor":4.0,"gold_loss":0.0,"damage_taken":0.0},{"damage_healed":0.0,"max_hp_gain":0.0,"max_hp_loss":6.0,"gold_gain":0.0,"event_name":"Golden Idol","player_choice":"Lose Max HP","floor":7.0,"gold_loss":0.0,"damage_taken":0.0,"relics_obtained":["Golden Idol"]},{"damage_healed":0.0,"max_hp_gain":0.0,"max_hp_loss":0.0,"gold_gain":0.0,"cards_transformed":["Strike_G"],"event_name":"Transmorgrifier","player_choice":"Transformed","floor":10.0,"gold_loss":0.0,"damage_taken":0.0,"cards_obtained":["Backflip"]}],"is_beta":false,"boss_relics":[],"items_purged_floors":[8],"is_endless":false,"potions_floor_spawned":[1,2,5],"killed_by":"Exordium Thugs","ascension_level":20}