{"gold_per_floor":[119,44,58,72,88,123,123,150,150,150,150,150,150,166,166,266,316,332,35,55,70,88,88,118,118,118,132,163,163,103,103],"floor_reached":31,"playtime":2700,"items_purged":["Strike_R","Strike_R"],"score":303,"play_id":"4deae585-96da-4a11-9869-2af104bf1786","local_time":"20190528205325","is_ascension_mode":true,"campfire_choices":[{"floor":7,"key":"REST"},{"data":"Body Slam","floor":11,"key":"SMITH"},{"floor":13,"key":"REST"},{"floor":15,"key":"REST"},{"floor":23,"key":"REST"},{"floor":25,"key":"REST"}],"neow_cost":"PERCENT_DAMAGE","seed_source_timestamp":356612416189073,"circlet_count":0,"master_deck":["Defend_R","Defend_R","Defend_R","Defend_R","Bash","Entrench","Anger","Armaments","Body Slam+1","Flame Barrier","Pommel Strike","Body Slam","Shrug It Off","Barricade+1","Infernal Blade","Flame Barrier","Master of Strategy","Shrug It Off+1","Anger","Battle Trance","Anger","Bloodletting","Bite","Bite","Bite","Bite","Bite"],"relics":["Burning Blood","Girya","Charon\u0027s Ashes","Prayer Wheel","Tiny House","Pantograph","Magic Flower","Red Mask","Omamori"],"potions_floor_usage":[6,21,21,24,31],"damage_taken":[{"damage":6,"enemies":"Cultist","floor":1,"turns":3},{"damage":2,"enemies":"2 Louse","floor":3,"turns":4},{"damage":0,"enemies":"Small Slimes","floor":4,"turns":4},{"damage":12,"enemies":"Looter","floor":5,"turns":4},{"damage":29,"enemies":"Gremlin Nob","floor":6,"turns":5},{"damage":42,"enemies":"Lagavulin","floor":8,"turns":8},{"damage":10,"enemies":"3 Louse","floor":14,"turns":3},{"damage":44,"enemies":"Slime Boss","floor":16,"turns":12},{"damage":4,"enemies":"Chosen","floor":18,"turns":6},{"damage":8,"enemies":"2 Thieves","floor":20,"turns":4},{"damage":56,"enemies":"3 Cultists","floor":21,"turns":8},{"damage":16,"enemies":"Cultist and Chosen","floor":22,"turns":7},{"damage":58,"enemies":"Book of Stabbing","floor":24,"turns":8},{"damage":0,"enemies":"Centurion and Healer","floor":27,"turns":10},{"damage":62,"enemies":"Masked Bandits","floor":28,"turns":8},{"damage":35,"enemies":"Shelled Parasite and Fungi","floor":31,"turns":4}],"seed_played":"-8535315019447720698","potions_obtained":[{"floor":1,"key":"PowerPotion"},{"floor":14,"key":"EssenceOfSteel"},{"floor":16,"key":"FairyPotion"},{"floor":17,"key":"LiquidBronze"},{"floor":21,"key":"SkillPotion"},{"floor":27,"key":"FearPotion"}],"is_trial":false,"path_per_floor":["M","$","M","M","M","E","R","E","T","?","R","?","R","M","R","B",null,"M","$","M","M","M","R","E","R","T","M","?","?","?","M"],"character_chosen":"IRONCLAD","items_purchased":["Master of Strategy"],"campfire_rested":5,"item_purchase_floors":[19],"current_hp_per_floor":[72,72,76,82,76,53,81,45,45,38,38,38,66,62,90,52,101,101,101,99,49,39,69,17,47,47,56,19,19,19,0],"gold":103,"neow_bonus":"TWENTY_PERCENT_HP_BONUS","is_prod":false,"is_daily":false,"chose_seed":false,"campfire_upgraded":1,"win_rate":0,"timestamp":1559091205,"path_taken":["M","$","M","M","M","E","R","E","T","?","R","?","R","M","R","BOSS","M","$","M","M","M","R","E","R","T","M","?","?","?","?"],"build_version":"2019-01-23","purchased_purges":2,"victory":false,"max_hp_per_floor":[96,96,96,96,96,96,96,96,96,96,96,96,96,96,96,96,101,101,101,101,101,101,101,101,101,101,101,101,70,70,70],"card_choices":[{"not_picked":["Rampage","Headbutt"],"picked":"Entrench","floor":1},{"not_picked":["Armaments","Clothesline"],"picked":"Anger","floor":3},{"not_picked":["Warcry","Thunderclap"],"picked":"Armaments","floor":4},{"not_picked":["Shrug It Off","Inflame"],"picked":"Body Slam","floor":5},{"not_picked":["Berserk","Headbutt"],"picked":"Flame Barrier","floor":6},{"not_picked":["Sword Boomerang","Anger"],"picked":"Pommel Strike","floor":8},{"not_picked":["Combust","Thunderclap"],"picked":"Body Slam","floor":14},{"not_picked":["Body Slam","Flex"],"picked":"Shrug It Off","floor":14},{"not_picked":["Double Tap","Impervious"],"picked":"Barricade","floor":16},{"not_picked":["Sentinel","Havoc"],"picked":"Infernal Blade","floor":18},{"not_picked":["True Grit+1","Combust"],"picked":"Flame Barrier","floor":18},{"not_picked":["Disarm","Flex"],"picked":"Shrug It Off+1","floor":20},{"not_picked":["Shockwave","Sword Boomerang","Bloodletting"],"picked":"SKIP","floor":20},{"not_picked":["Havoc","Heavy Blade+1","Twin Strike"],"picked":"SKIP","floor":21},{"not_picked":["Rage","Disarm+1","Pummel"],"picked":"SKIP","floor":21},{"not_picked":["Twin Strike+1","Shrug It Off"],"picked":"Anger","floor":22},{"not_picked":["Perfected Strike","Rupture","Blood for Blood"],"picked":"SKIP","floor":22},{"not_picked":["Shrug It Off","Heavy Blade"],"picked":"Battle Trance","floor":24},{"not_picked":["Cleave","Pummel+1"],"picked":"Anger","floor":27},{"not_picked":["Twin Strike","Clash","Berserk"],"picked":"SKIP","floor":27},{"not_picked":["Dual Wield+1","Perfected Strike+1"],"picked":"Bloodletting","floor":28}],"player_experience":49099,"relics_obtained":[{"floor":6,"key":"Girya"},{"floor":8,"key":"Charon\u0027s Ashes"},{"floor":9,"key":"Prayer Wheel"},{"floor":24,"key":"Pantograph"},{"floor":26,"key":"Magic Flower"},{"floor":28,"key":"Red Mask"}],"event_choices":[{"cards_removed":["Strike_R"],"damage_healed":0,"gold_gain":0,"player_choice":"Card Removal","damage_taken":7,"max_hp_gain":0,"max_hp_loss":0,"event_name":"Golden Wing","floor":10,"gold_loss":0},{"damage_healed":0,"gold_gain":0,"player_choice":"Ignored","damage_taken":0,"max_hp_gain":0,"max_hp_loss":0,"event_name":"Liars Game","floor":12,"gold_loss":0},{"damage_healed":0,"gold_gain":0,"player_choice":"Fought Bandits","damage_taken":0,"max_hp_gain":0,"max_hp_loss":0,"event_name":"Masked Bandits","floor":28,"gold_loss":0},{"damage_healed":0,"gold_gain":0,"player_choice":"Became a vampire","damage_taken":0,"max_hp_gain":0,"max_hp_loss":31,"event_name":"Vampires","floor":29,"gold_loss":0,"cards_obtained":["Bite","Bite","Bite","Bite","Bite"]},{"damage_healed":0,"gold_gain":0,"player_choice":"Paid Gold","damage_taken":0,"relics_obtained":["Omamori"],"max_hp_gain":0,"max_hp_loss":0,"event_name":"WeMeetAgain","floor":30,"gold_loss":60}],"is_beta":false,"boss_relics":[{"not_picked":["Coffee Dripper","Orrery"],"picked":"Tiny House"}],"items_purged_floors":[2,19],"is_endless":false,"potions_floor_spawned":[1,14,16,21,27],"killed_by":"Shelled Parasite and Fungi","ascension_level":1}