{"gold_per_floor":[111,111,36,56,56,56,85,112,112,112,112,142,142,154,154,225,225,242,86,117,42,54,54,71,71,97,97,97,131,131,131,131,206,206,222,222,34,44,60,60,91,313,367,367,367,390,37,50,50,50],"floor_reached":51,"playtime":1987,"items_purged":["Combust","Defend_R"],"score":1415,"play_id":"f9bcc90a-9968-48b8-8584-ee7d6b224bbe","local_time":"20190815054321","is_ascension_mode":true,"campfire_choices":[{"data":"Bash","floor":6,"key":"SMITH"},{"data":"Demon Form","floor":10,"key":"SMITH"},{"floor":15,"key":"REST"},{"floor":23,"key":"REST"},{"data":"True Grit","floor":25,"key":"SMITH"},{"data":"Flame Barrier","floor":27,"key":"SMITH"},{"floor":30,"key":"REST"},{"floor":32,"key":"REST"},{"data":"Heavy Blade","floor":40,"key":"SMITH"},{"floor":49,"key":"REST"}],"neow_cost":"NONE","seed_source_timestamp":87402278263100,"circlet_count":0,"master_deck":["AscendersBane","Strike_R+1","Defend_R","Bash+1","Flex","Sword Boomerang","Body Slam","Demon Form+1","Heavy Blade+1","Heavy Blade","Flame Barrier+1","Reaper","True Grit+1","Dual Wield+1","Body Slam+1","Second Wind","Warcry+1","RitualDagger","Juggernaut","Necronomicurse","Offering","Pommel Strike+1","Rage","Clothesline","Reckless Charge","Madness","Madness","Feel No Pain","Power Through","Body Slam","Secret Technique"],"relics":["Burning Blood","NeowsBlessing","WingedGreaves","Gremlin Horn","Blue Candle","Bottled Tornado","Mummified Hand","Mark of Pain","Red Mask","Oddly Smooth Stone","War Paint","Necronomicon","Busted Crown","Bag of Marbles","Potion Belt","Centennial Puzzle"],"potions_floor_usage":[8,16,20,20,29,41,50,50],"damage_taken":[{"damage":0,"enemies":"2 Louse","floor":1,"turns":1},{"damage":0,"enemies":"Jaw Worm","floor":4,"turns":1},{"damage":0,"enemies":"3 Sentries","floor":7,"turns":1},{"damage":30,"enemies":"Lagavulin","floor":8,"turns":6},{"damage":25,"enemies":"3 Sentries","floor":12,"turns":5},{"damage":0,"enemies":"Cultist","floor":14,"turns":3},{"damage":6,"enemies":"The Guardian","floor":16,"turns":7},{"damage":18,"enemies":"Spheric Guardian","floor":18,"turns":4},{"damage":19,"enemies":"Masked Bandits","floor":20,"turns":3},{"damage":43,"enemies":"3 Byrds","floor":22,"turns":5},{"damage":15,"enemies":"Snecko","floor":24,"turns":4},{"damage":52,"enemies":"Slavers","floor":29,"turns":4},{"damage":18,"enemies":"Champ","floor":33,"turns":7},{"damage":15,"enemies":"Orb Walker","floor":35,"turns":3},{"damage":40,"enemies":"3 Darklings","floor":38,"turns":5},{"damage":0,"enemies":"Transient","floor":39,"turns":6},{"damage":34,"enemies":"Reptomancer","floor":41,"turns":5},{"damage":6,"enemies":"Sphere and 2 Shapes","floor":48,"turns":3},{"damage":73,"enemies":"Time Eater","floor":50,"turns":7}],"seed_played":"-3589131505837392710","potions_obtained":[{"floor":4,"key":"GamblersBrew"},{"floor":14,"key":"Block Potion"},{"floor":16,"key":"PowerPotion"},{"floor":18,"key":"Swift Potion"},{"floor":24,"key":"Weak Potion"},{"floor":33,"key":"BloodPotion"},{"floor":39,"key":"Weak Potion"},{"floor":48,"key":"SkillPotion"}],"is_trial":false,"path_per_floor":["M","?","?","M","?","R","E","E","T","R","T","E","?","M","R","B",null,"M","$","?","?","M","R","M","R","T","R","?","E","R","?","R","B",null,"M","?","$","M","M","R","E","?","T","?","?","T","$","M","R","B",null],"character_chosen":"IRONCLAD","items_purchased":["Dual Wield","Rage","Feel No Pain","Power Through","Body Slam","Secret Technique"],"campfire_rested":5,"item_purchase_floors":[19,37,47,47,47,47],"current_hp_per_floor":[74,51,51,57,57,57,63,39,39,39,39,20,20,26,48,48,68,56,56,54,54,32,54,59,59,59,59,53,7,29,8,30,54,70,61,61,61,53,63,63,53,53,53,53,39,39,39,49,71,22],"gold":50,"neow_bonus":"THREE_ENEMY_KILL","is_prod":false,"is_daily":false,"chose_seed":false,"campfire_upgraded":5,"win_rate":0,"timestamp":1565840601,"path_taken":["M","?","?","M","?","R","E","E","T","R","?","E","?","?","R","BOSS","M","$","?","?","M","R","M","R","T","R","?","E","R","?","R","BOSS","M","?","$","M","?","R","E","?","T","?","?","?","$","?","R","BOSS"],"build_version":"2019-07-17","purchased_purges":2,"victory":true,"max_hp_per_floor":[75,75,75,75,75,75,75,75,75,75,75,75,75,75,75,75,75,75,75,75,75,75,75,75,75,75,75,75,75,75,75,75,75,75,75,75,75,75,75,75,75,75,75,75,75,75,75,75,75,75],"card_choices":[{"not_picked":["Thunderclap","Headbutt"],"picked":"Flex","floor":1},{"not_picked":["Fire Breathing","Pummel"],"picked":"Sword Boomerang","floor":4},{"not_picked":["Spot Weakness","Flex"],"picked":"Demon Form","floor":7},{"not_picked":["Reaper","Combust"],"picked":"Heavy Blade","floor":8},{"not_picked":["Infernal Blade","Berserk"],"picked":"Heavy Blade","floor":12},{"not_picked":["Sentinel","Wild Strike"],"picked":"Flame Barrier","floor":14},{"not_picked":["Demon Form","Fiend Fire"],"picked":"Reaper","floor":16},{"not_picked":["Warcry","Clash"],"picked":"True Grit","floor":18},{"not_picked":["Thunderclap","Metallicize"],"picked":"Body Slam+1","floor":20},{"not_picked":["Bludgeon","True Grit"],"picked":"Second Wind","floor":22},{"not_picked":["Searing Blow","Twin Strike+1"],"picked":"Warcry","floor":24},{"not_picked":["Warcry","Perfected Strike"],"picked":"Juggernaut","floor":29},{"not_picked":["Limit Break","Barricade"],"picked":"Offering","floor":33},{"not_picked":[],"picked":"Pommel Strike+1","floor":35},{"not_picked":[],"picked":"Clothesline","floor":38},{"not_picked":["Disarm"],"picked":"SKIP","floor":39},{"not_picked":[],"picked":"Reckless Charge","floor":41},{"not_picked":["Sword Boomerang+1"],"picked":"SKIP","floor":48}],"player_experience":1915444,"relics_obtained":[{"floor":7,"key":"WingedGreaves"},{"floor":8,"key":"Gremlin Horn"},{"floor":9,"key":"Blue Candle"},{"floor":11,"key":"Bottled Tornado"},{"floor":12,"key":"Mummified Hand"},{"floor":20,"key":"Red Mask"},{"floor":26,"key":"Oddly Smooth Stone"},{"floor":29,"key":"War Paint"},{"floor":31,"key":"Necronomicon"},{"floor":41,"key":"Bag of Marbles"},{"floor":43,"key":"Potion Belt"},{"floor":46,"key":"Centennial Puzzle"}],"event_choices":[{"damage_healed":0,"gold_gain":0,"player_choice":"Entered Light","damage_taken":23,"max_hp_gain":0,"max_hp_loss":0,"event_name":"Shining Light","floor":2,"gold_loss":0,"cards_upgraded":["Strike_R","Strike_R"]},{"cards_removed":["Strike_R"],"damage_healed":0,"gold_gain":0,"player_choice":"Card Removal","damage_taken":0,"max_hp_gain":0,"max_hp_loss":0,"event_name":"The Cleric","floor":3,"gold_loss":75},{"damage_healed":0,"gold_gain":0,"cards_transformed":["Strike_R"],"player_choice":"Change","damage_taken":0,"max_hp_gain":0,"max_hp_loss":0,"event_name":"Living Wall","floor":5,"gold_loss":0,"cards_obtained":["Body Slam"]},{"damage_healed":0,"gold_gain":0,"cards_transformed":["Strike_R"],"player_choice":"Transformed","damage_taken":0,"max_hp_gain":0,"max_hp_loss":0,"event_name":"Transmorgrifier","floor":13,"gold_loss":0,"cards_obtained":["Combust"]},{"damage_healed":0,"gold_gain":0,"player_choice":"Fought Bandits","damage_taken":0,"max_hp_gain":0,"max_hp_loss":0,"event_name":"Masked Bandits","floor":20,"gold_loss":0},{"cards_removed":["Defend_R"],"damage_healed":0,"gold_gain":0,"player_choice":"Gave Gold","damage_taken":0,"max_hp_gain":0,"max_hp_loss":0,"event_name":"Beggar","floor":21,"gold_loss":75},{"damage_healed":0,"gold_gain":0,"player_choice":"Joined the Cult","damage_taken":6,"max_hp_gain":0,"max_hp_loss":0,"event_name":"Nest","floor":28,"gold_loss":0,"cards_obtained":["RitualDagger"]},{"damage_healed":0,"gold_gain":0,"player_choice":"Obtained Book","damage_taken":21,"max_hp_gain":0,"max_hp_loss":0,"event_name":"Cursed Tome","floor":31,"gold_loss":0},{"cards_removed":["Defend_R"],"damage_healed":0,"gold_gain":0,"player_choice":"Purged","damage_taken":0,"max_hp_gain":0,"max_hp_loss":0,"event_name":"Purifier","floor":36,"gold_loss":0},{"damage_healed":0,"gold_gain":222,"player_choice":"Wore Mask","damage_taken":0,"max_hp_gain":0,"max_hp_loss":0,"event_name":"Tomb of Lord Red Mask","floor":42,"gold_loss":0},{"cards_removed":["Strike_R"],"damage_healed":0,"gold_gain":0,"player_choice":"Removed Attack","damage_taken":0,"max_hp_gain":0,"max_hp_loss":0,"event_name":"Falling","floor":44,"gold_loss":0},{"damage_healed":0,"gold_gain":0,"player_choice":"Embrace Madness","damage_taken":14,"max_hp_gain":0,"max_hp_loss":0,"event_name":"Winding Halls","floor":45,"gold_loss":0,"cards_obtained":["Madness","Madness"]}],"is_beta":false,"boss_relics":[{"not_picked":["Velvet Choker","Black Blood"],"picked":"Mark of Pain"},{"not_picked":["White Beast Statue","Runic Cube"],"picked":"Busted Crown"}],"items_purged_floors":[19,37],"is_endless":false,"potions_floor_spawned":[4,14,16,18,24,33,39,48],"ascension_level":18}