{"gold_per_floor":[109,109,122,194,46,76,41,54,77,77,152,7,45,76,88,205,217,240,167,196,235,261,273,314,326,338,366,378,400,50,60,60,164,164,174,186,186,198,420,420,431,431,431,431,483,483,19,19,19,19],"floor_reached":51,"playtime":2478,"items_purged":["Strike_B","Strike_B","Strike_B"],"score":1163,"play_id":"11d10f9e-a25f-454f-bb85-5feb2754cc23","local_time":"20180909175113","is_ascension_mode":true,"campfire_choices":[{"data":"Loop","floor":10.0,"key":"SMITH"},{"floor":15.0,"key":"REST"},{"data":"Zap","floor":23.0,"key":"SMITH"},{"floor":25.0,"key":"REST"},{"floor":32.0,"key":"REST"},{"data":"Apotheosis","floor":40,"key":"SMITH"},{"data":"Defragment","floor":44,"key":"SMITH"},{"data":"Chaos","floor":49,"key":"SMITH"}],"neow_cost":"NONE","seed_source_timestamp":0,"circlet_count":0,"master_deck":["Strike_B+1","Defend_B","Defend_B","Defend_B","Defend_B+1","Zap+1","Dualcast+1","AscendersBane","Ball Lightning+1","Streamline","Loop+1","Cold Snap","Sweeping Beam","Electrodynamics","Conserve Battery","Coolheaded+1","Machine Learning","Aggregate+1","Stack","Defragment+1","Apotheosis+1","Go for the Eyes+1","Thunder Strike","Stack+1","Reinforced Body","Panacea","Leap","Loop+1","Defragment","Chaos+1"],"special_seed":0,"relics":["Cracked Core","Lantern","Art of War","Pen Nib","MawBank","DataDisk","Nuclear Battery","Meat on the Bone","Red Mask","War Paint","Matryoshka","Eternal Feather","Regal Pillow","Juzu Bracelet","Pocketwatch","Gambling Chip"],"potions_floor_usage":[38,42,50,50],"damage_taken":[{"damage":4.0,"enemies":"2 Louse","floor":1.0,"turns":3.0},{"damage":0.0,"enemies":"Small Slimes","floor":3.0,"turns":2.0},{"damage":32.0,"enemies":"Gremlin Nob","floor":6.0,"turns":4.0},{"damage":5.0,"enemies":"Jaw Worm","floor":8.0,"turns":2.0},{"damage":10.0,"enemies":"Lagavulin","floor":13.0,"turns":6.0},{"damage":1.0,"enemies":"2 Fungi Beasts","floor":14.0,"turns":3.0},{"damage":18.0,"enemies":"Hexaghost","floor":16.0,"turns":7.0},{"damage":0.0,"enemies":"Spheric Guardian","floor":18.0,"turns":3.0},{"damage":9.0,"enemies":"Chosen","floor":20.0,"turns":4.0},{"damage":0.0,"enemies":"Masked Bandits","floor":21.0,"turns":1.0},{"damage":16.0,"enemies":"Centurion and Healer","floor":22.0,"turns":7.0},{"damage":39.0,"enemies":"Gremlin Leader","floor":24.0,"turns":6.0},{"damage":2.0,"enemies":"Snecko","floor":27.0,"turns":4.0},{"damage":3.0,"enemies":"Sentry and Sphere","floor":28.0,"turns":3.0},{"damage":4.0,"enemies":"Shelled Parasite and Fungi","floor":29.0,"turns":4.0},{"damage":10.0,"enemies":"Snecko","floor":31.0,"turns":5.0},{"damage":63.0,"enemies":"Champ","floor":33.0,"turns":10.0},{"damage":18.0,"enemies":"3 Shapes","floor":35.0,"turns":3.0},{"damage":0,"enemies":"Orb Walker","floor":36,"turns":3},{"damage":1,"enemies":"Reptomancer","floor":38,"turns":4},{"damage":38,"enemies":"3 Darklings","floor":41,"turns":5},{"damage":0,"enemies":"Giant Head","floor":42,"turns":3},{"damage":26,"enemies":"Mysterious Sphere","floor":45,"turns":5},{"damage":46,"enemies":"Time Eater","floor":50,"turns":22}],"seed_played":"581711434178733848","potions_obtained":[{"floor":1.0,"key":"PowerPotion"},{"floor":3.0,"key":"SteroidPotion"},{"floor":13.0,"key":"Fire Potion"},{"floor":18.0,"key":"AttackPotion"},{"floor":24.0,"key":"SmokeBomb"},{"floor":29.0,"key":"Strength Potion"},{"floor":38,"key":"SmokeBomb"},{"floor":45,"key":"Strength Potion"}],"is_trial":false,"path_per_floor":["M","?","M","?","$","E","?","M","T","R","?","$","E","M","R","B",null,"M","?","M","?","M","R","E","R","T","M","M","M","$","M","R","B",null,"M","M","?","M","?","R","M","E","T","R","?","?","$","?","R","B"],"character_chosen":"DEFECT","items_purchased":["Loop","MawBank","Defragment","Apotheosis","Chaos","Gambling Chip"],"campfire_rested":3,"item_purchase_floors":[5,12,30,30,47,47],"current_hp_per_floor":[64,49,49,49,49,17,35,30,30,30,19,19,9,8,30,12,59,59,59,50,50,46,46,19,41,41,39,48,44,44,46,68,17,61,43,43,38,49,49,64,38,38,38,56,42,42,42,42,60,26],"gold":19,"neow_bonus":"RANDOM_COMMON_RELIC","is_prod":false,"is_daily":false,"chose_seed":false,"campfire_upgraded":5,"win_rate":0,"timestamp":1536511873,"path_taken":["M","?","M","?","$","E","?","?","T","R","?","$","E","M","R","BOSS","M","?","?","?","M","R","E","R","T","M","M","M","$","M","R","BOSS","M","M","?","?","?","R","M","E","T","R","?","?","$","?","R","BOSS"],"build_version":"2018-09-06","purchased_purges":3,"victory":true,"max_hp_per_floor":[75,75,75,75,75,75,75,75,75,75,75,75,75,75,75,75,75,75,75,75,75,75,75,75,75,75,75,75,75,75,75,75,75,75,75,75,75,75,75,75,75,75,75,75,75,75,75,71,71,71],"card_choices":[{"not_picked":["Consume","Reprogram"],"picked":"Ball Lightning","floor":1.0},{"not_picked":["Cold Snap","Chaos"],"picked":"Streamline","floor":3.0},{"not_picked":["Buffer","Coolheaded"],"picked":"Cold Snap","floor":6.0},{"not_picked":["Gash","Undo"],"picked":"Steam","floor":8.0},{"not_picked":["Multi-Cast","Compile Driver"],"picked":"Sweeping Beam","floor":13.0},{"not_picked":["Reprogram","Redo","Rebound"],"picked":"SKIP","floor":14.0},{"not_picked":["Amplify","Reboot"],"picked":"Electrodynamics","floor":16.0},{"not_picked":["Ball Lightning","Barrage"],"picked":"Conserve Battery","floor":18.0},{"not_picked":["Force Field","Conserve Battery"],"picked":"Coolheaded+1","floor":20.0},{"not_picked":["Sweeping Beam","Compile Driver","Conserve Battery"],"picked":"SKIP","floor":22.0},{"not_picked":["Undo","Rebound"],"picked":"Machine Learning","floor":24.0},{"not_picked":["Turbo","Chill"],"picked":"Aggregate+1","floor":27.0},{"not_picked":["Go for the Eyes","Undo+1"],"picked":"Stack","floor":29.0},{"not_picked":["Barrage+1","Self Repair"],"picked":"Go for the Eyes+1","floor":31.0},{"not_picked":["Amplify","Multi-Cast"],"picked":"Thunder Strike","floor":33.0},{"not_picked":["Compile Driver","Steam+1"],"picked":"Stack+1","floor":35.0},{"not_picked":["Recycle","Loop"],"picked":"Reinforced Body","floor":36},{"not_picked":["Trip","Magnetism"],"picked":"Panacea","floor":37},{"not_picked":["Compile Driver","Streamline"],"picked":"Leap","floor":38},{"not_picked":["Tempest","Reinforced Body"],"picked":"Loop+1","floor":41},{"not_picked":["Hello World","Redo"],"picked":"Defragment","floor":45}],"player_experience":711935,"relics_obtained":[{"floor":6.0,"key":"Art of War"},{"floor":9.0,"key":"Pen Nib"},{"floor":13.0,"key":"DataDisk"},{"floor":21.0,"key":"Red Mask"},{"floor":24.0,"key":"War Paint"},{"floor":26.0,"key":"Matryoshka"},{"floor":43,"key":"Regal Pillow"},{"floor":43,"key":"Juzu Bracelet"},{"floor":45,"key":"Pocketwatch"}],"event_choices":[{"event_name":"Shining Light","player_choice":"Entered Light","floor":2.0,"damage_taken":0.0},{"event_name":"Golden Wing","player_choice":"Gained Gold","floor":4.0,"damage_taken":0.0},{"event_name":"The Cleric","player_choice":"Healed","floor":7.0,"damage_taken":0.0},{"event_name":"World of Goop","player_choice":"Gather Gold","floor":11.0,"damage_taken":0.0},{"event_name":"Addict","player_choice":"Obtained Relic","floor":19.0,"damage_taken":0.0},{"event_name":"Masked Bandits","player_choice":"Fought Bandits","floor":21.0,"damage_taken":0.0},{"event_name":"SensoryStone","player_choice":"Memory 2","floor":37,"damage_taken":0},{"event_name":"Tomb of Lord Red Mask","player_choice":"Wore Mask","floor":39,"damage_taken":0},{"event_name":"Mysterious Sphere","player_choice":"Fight","floor":45,"damage_taken":0},{"event_name":"Falling","player_choice":"Removed Skill","floor":46,"damage_taken":0},{"event_name":"Winding Halls","player_choice":"Max HP","floor":48,"damage_taken":0}],"is_beta":false,"boss_relics":[{"not_picked":["Snecko Eye","Ectoplasm"],"picked":"Nuclear Battery"},{"not_picked":["Philosopher\u0027s Stone","Calling Bell"],"picked":"Eternal Feather"}],"items_purged_floors":[5,30,47],"is_endless":false,"potions_floor_spawned":[1,3,13,18,24,29,31,33,35,38,45],"ascension_level":12}