{"gold_per_floor":[18,30,30,30,45,45,78,78,78,111,32,57,91,115,115,115],"floor_reached":16,"playtime":929,"items_purged":[],"score":228,"play_id":"3ed07f29-f126-40a7-80ed-6bbb5367b16c","local_time":"20190813033124","is_ascension_mode":true,"campfire_choices":[{"data":"True Grit","floor":6,"key":"SMITH"},{"floor":15,"key":"REST"}],"neow_cost":"NO_GOLD","seed_source_timestamp":901723350422600,"circlet_count":0,"master_deck":["AscendersBane","Strike_R","Strike_R","Strike_R","Defend_R","Defend_R","Defend_R","Defend_R","Bash+1","True Grit+1","Headbutt","Anger","Iron Wave","Intimidate","Metallicize+1","Fire Breathing+1","Fire Breathing+1","Clash"],"relics":["Burning Blood","Golden Idol","Juzu Bracelet","Frozen Egg 2","Letter Opener","Bottled Tornado"],"potions_floor_usage":[10,12],"damage_taken":[{"damage":4,"enemies":"Small Slimes","floor":1,"turns":4},{"damage":7,"enemies":"Jaw Worm","floor":2,"turns":4},{"damage":3,"enemies":"2 Louse","floor":5,"turns":4},{"damage":21,"enemies":"Lagavulin","floor":7,"turns":7},{"damage":21,"enemies":"3 Sentries","floor":10,"turns":8},{"damage":11,"enemies":"Exordium Wildlife","floor":12,"turns":5},{"damage":39,"enemies":"Gremlin Nob","floor":13,"turns":5},{"damage":4,"enemies":"Blue Slaver","floor":14,"turns":4},{"damage":35,"enemies":"The Guardian","floor":16,"turns":12}],"seed_played":"8495207246355473285","potions_obtained":[{"floor":1,"key":"Fire Potion"},{"floor":7,"key":"Regen Potion"}],"is_trial":false,"path_per_floor":["M","M","?","?","M","R","E","?","T","E","$","M","E","M","R","B"],"character_chosen":"IRONCLAD","items_purchased":["Metallicize+1"],"campfire_rested":1,"item_purchase_floors":[11],"current_hp_per_floor":[70,69,69,69,72,72,57,50,50,35,35,44,11,13,35,0],"gold":115,"neow_bonus":"REMOVE_TWO","is_prod":false,"is_daily":false,"chose_seed":false,"campfire_upgraded":1,"win_rate":0,"timestamp":1565659884,"path_taken":["M","M","?","?","M","R","E","?","T","E","?","M","E","M","R","BOSS"],"build_version":"2019-07-17","purchased_purges":0,"victory":false,"max_hp_per_floor":[75,75,75,75,75,75,75,75,75,75,75,75,75,75,75,75],"card_choices":[{"not_picked":["Combust","Clash"],"picked":"True Grit","floor":1},{"not_picked":["Heavy Blade","Armaments"],"picked":"Headbutt","floor":2},{"not_picked":["Impervious","Burning Pact"],"picked":"Anger","floor":5},{"not_picked":["Armaments","Pommel Strike"],"picked":"Iron Wave","floor":7},{"not_picked":["Impervious","Pummel"],"picked":"Intimidate","floor":10},{"not_picked":["Perfected Strike","Dropkick"],"picked":"Fire Breathing+1","floor":12},{"not_picked":["Bloodletting","Brutality+1"],"picked":"Fire Breathing+1","floor":13},{"not_picked":["Sword Boomerang","Pommel Strike"],"picked":"Clash","floor":14}],"player_experience":1867202,"relics_obtained":[{"floor":7,"key":"Juzu Bracelet"},{"floor":9,"key":"Frozen Egg 2"},{"floor":10,"key":"Letter Opener"},{"floor":13,"key":"Bottled Tornado"}],"event_choices":[{"damage_healed":0,"gold_gain":0,"player_choice":"Take Wound","damage_taken":0,"relics_obtained":["Golden Idol"],"max_hp_gain":0,"max_hp_loss":0,"event_name":"Golden Idol","floor":3,"gold_loss":0,"cards_obtained":["Injury"]},{"damage_healed":0,"gold_gain":0,"player_choice":"Grow","damage_taken":0,"max_hp_gain":0,"max_hp_loss":0,"event_name":"Living Wall","floor":4,"gold_loss":0,"cards_upgraded":["Bash"]},{"cards_removed":["Injury"],"damage_healed":0,"gold_gain":0,"player_choice":"Card Removal","damage_taken":7,"max_hp_gain":0,"max_hp_loss":0,"event_name":"Golden Wing","floor":8,"gold_loss":0}],"is_beta":false,"boss_relics":[],"items_purged_floors":[],"is_endless":false,"potions_floor_spawned":[1,7],"killed_by":"The Guardian","ascension_level":18}