{"gold_per_floor":[111,124,141,221,233,259,278,278,278,278,278,295,323,323,323,420,420,431,449,469,489,404,435,452,513,539,554,554,260,271,285,285,285],"floor_reached":33,"playtime":1693,"items_purged":["Strike_R"],"score":328,"play_id":"77f4a7a8-41d2-4594-9325-7f4317aa2e03","local_time":"20190625150948","is_ascension_mode":false,"campfire_choices":[{"floor":8,"key":"REST"},{"floor":10,"key":"REST"},{"data":"Uppercut","floor":15,"key":"SMITH"},{"floor":28,"key":"REST"},{"floor":32,"key":"REST"}],"neow_cost":"NONE","seed_source_timestamp":1119617591001151,"circlet_count":0,"master_deck":["Strike_R","Strike_R","Strike_R","Strike_R","Defend_R","Defend_R","Defend_R","Defend_R","Bash","Armaments","Spot Weakness","Flame Barrier","Uppercut+1","Anger","Iron Wave","Feed","Limit Break","Cleave+1","Pommel Strike","Sword Boomerang+1","Demon Form","Spot Weakness","Armaments+1","Rampage","Cleave+1"],"relics":["Burning Blood","Bag of Preparation","Question Card","Boot","Vajra","Orichalcum","Busted Crown","Du-Vu Doll","Happy Flower","Tiny Chest","Ancient Tea Set"],"potions_floor_usage":[6,6,13,16,23,23,25,27,33],"damage_taken":[{"damage":6,"enemies":"Cultist","floor":1,"turns":3},{"damage":16,"enemies":"Jaw Worm","floor":2,"turns":4},{"damage":7,"enemies":"Small Slimes","floor":3,"turns":4},{"damage":10,"enemies":"2 Fungi Beasts","floor":5,"turns":4},{"damage":55,"enemies":"Lagavulin","floor":6,"turns":10},{"damage":8,"enemies":"3 Louse","floor":7,"turns":4},{"damage":9,"enemies":"Blue Slaver","floor":12,"turns":4},{"damage":17,"enemies":"3 Sentries","floor":13,"turns":5},{"damage":33,"enemies":"The Guardian","floor":16,"turns":15},{"damage":0,"enemies":"Chosen","floor":18,"turns":3},{"damage":11,"enemies":"3 Byrds","floor":19,"turns":4},{"damage":33,"enemies":"Sentry and Sphere","floor":20,"turns":6},{"damage":20,"enemies":"Snecko","floor":21,"turns":9},{"damage":11,"enemies":"Book of Stabbing","floor":23,"turns":4},{"damage":6,"enemies":"3 Cultists","floor":24,"turns":5},{"damage":29,"enemies":"Slavers","floor":25,"turns":6},{"damage":2,"enemies":"Centurion and Healer","floor":27,"turns":2},{"damage":12,"enemies":"Snake Plant","floor":30,"turns":3},{"damage":27,"enemies":"Shelled Parasite and Fungi","floor":31,"turns":5},{"damage":73,"enemies":"Champ","floor":33,"turns":10}],"seed_played":"-7350615845911064975","potions_obtained":[{"floor":1,"key":"Poison Potion"},{"floor":3,"key":"PowerPotion"},{"floor":6,"key":"AttackPotion"},{"floor":12,"key":"Block Potion"},{"floor":18,"key":"SpeedPotion"},{"floor":19,"key":"Poison Potion"},{"floor":20,"key":"Strength Potion"},{"floor":25,"key":"EssenceOfSteel"},{"floor":27,"key":"SpeedPotion"},{"floor":31,"key":"Ancient Potion"}],"is_trial":false,"path_per_floor":["M","M","M","T","M","E","M","R","T","R","?","M","E","?","R","B",null,"M","M","M","M","?","E","M","E","T","M","R","$","M","M","R","B"],"character_chosen":"IRONCLAD","items_purchased":["Rampage","Ancient Tea Set"],"campfire_rested":4,"item_purchase_floors":[29,29],"current_hp_per_floor":[80,70,69,69,65,16,14,38,38,62,62,59,48,48,48,21,80,83,78,54,43,43,38,41,18,18,25,53,53,47,30,59,0],"gold":285,"neow_bonus":"RANDOM_COMMON_RELIC","is_prod":false,"is_daily":false,"chose_seed":false,"campfire_upgraded":1,"win_rate":0,"timestamp":1561489788,"path_taken":["M","M","M","?","M","E","M","R","T","R","?","?","E","?","R","BOSS","M","M","M","M","?","E","M","E","T","M","R","$","M","M","R","BOSS"],"build_version":"2019-01-23","purchased_purges":1,"victory":false,"max_hp_per_floor":[80,80,80,80,80,80,80,80,80,80,80,80,80,80,80,80,80,83,83,86,89,89,89,92,92,92,95,95,95,95,99,99,99],"card_choices":[{"not_picked":["Entrench","Wild Strike","Fire Breathing"],"picked":"SKIP","floor":1},{"not_picked":["Pummel","Thunderclap"],"picked":"Armaments","floor":2},{"not_picked":["Iron Wave","Wild Strike"],"picked":"Spot Weakness","floor":3},{"not_picked":["Intimidate","Carnage","Blood for Blood"],"picked":"Flame Barrier","floor":5},{"not_picked":["Seeing Red","Dual Wield","Bloodletting"],"picked":"Uppercut","floor":6},{"not_picked":["Warcry","Uppercut","Havoc"],"picked":"Anger","floor":7},{"not_picked":["Wild Strike","Uppercut","Clothesline"],"picked":"Iron Wave","floor":12},{"not_picked":["Juggernaut","Shockwave","Hemokinesis"],"picked":"Feed","floor":13},{"not_picked":["Juggernaut","Exhume","Dark Embrace"],"picked":"Limit Break","floor":16},{"not_picked":["Pommel Strike"],"picked":"Cleave+1","floor":18},{"not_picked":["Wild Strike","Clothesline"],"picked":"SKIP","floor":19},{"not_picked":["Dropkick"],"picked":"Pommel Strike","floor":20},{"not_picked":["Bloodletting"],"picked":"Sword Boomerang+1","floor":21},{"not_picked":["Entrench"],"picked":"Demon Form","floor":23},{"not_picked":["Wild Strike","Feel No Pain"],"picked":"SKIP","floor":24},{"not_picked":["Ghostly Armor"],"picked":"Spot Weakness","floor":25},{"not_picked":["Feel No Pain+1"],"picked":"Armaments+1","floor":27},{"not_picked":["Power Through+1","Havoc"],"picked":"SKIP","floor":30},{"not_picked":["Armaments"],"picked":"Cleave+1","floor":31}],"player_experience":230074,"relics_obtained":[{"floor":4,"key":"Question Card"},{"floor":6,"key":"Boot"},{"floor":9,"key":"Vajra"},{"floor":13,"key":"Orichalcum"},{"floor":23,"key":"Happy Flower"},{"floor":25,"key":"Tiny Chest"}],"event_choices":[{"damage_healed":0,"gold_gain":0,"player_choice":"Bought 0 Potions","damage_taken":0,"max_hp_gain":0,"max_hp_loss":0,"event_name":"The Woman in Blue","floor":11,"gold_loss":0},{"damage_healed":0,"gold_gain":0,"player_choice":"Ignored","damage_taken":0,"max_hp_gain":0,"max_hp_loss":0,"event_name":"Liars Game","floor":14,"gold_loss":0},{"damage_healed":0,"gold_gain":0,"player_choice":"Obtained Relic","damage_taken":0,"relics_obtained":["Du-Vu Doll"],"max_hp_gain":0,"max_hp_loss":0,"event_name":"Addict","floor":22,"gold_loss":85}],"is_beta":false,"boss_relics":[{"not_picked":["White Beast Statue","Calling Bell"],"picked":"Busted Crown"}],"items_purged_floors":[29],"is_endless":false,"potions_floor_spawned":[1,3,6,12,18,19,20,25,27,31],"killed_by":"Champ","ascension_level":0}