{"gold_per_floor":[118,118,132,132,182,182,207,220,220,251,261,277,15,31,31,110,110,129,146,156,81,26,26,26],"floor_reached":24,"playtime":833,"items_purged":["Strike_R"],"score":443,"play_id":"8c31371d-0b13-486e-98f7-1a145d700f46","local_time":"20190814161007","is_ascension_mode":true,"campfire_choices":[{"data":"True Grit","floor":6,"key":"SMITH"},{"data":"Armaments","floor":15,"key":"SMITH"},{"floor":23,"key":"REST"}],"neow_cost":"NONE","seed_source_timestamp":39766898655500,"circlet_count":0,"master_deck":["AscendersBane","Strike_R","Strike_R","Strike_R","Defend_R","Defend_R","Defend_R","Defend_R","Bash","True Grit+1","Feel No Pain","Seeing Red","Armaments+1","Shockwave","Rampage","Second Wind","Anger","True Grit","Feel No Pain","Double Tap","Thunderclap","Iron Wave","Anger","Flex"],"relics":["Burning Blood","NeowsBlessing","Bird Faced Urn","Du-Vu Doll","Gremlin Horn","Bronze Scales","Busted Crown"],"potions_floor_usage":[8,10,18,20,24],"damage_taken":[{"damage":0,"enemies":"Cultist","floor":1,"turns":1},{"damage":0,"enemies":"Jaw Worm","floor":3,"turns":1},{"damage":0,"enemies":"3 Sentries","floor":7,"turns":2},{"damage":9,"enemies":"2 Louse","floor":8,"turns":3},{"damage":51,"enemies":"Gremlin Nob","floor":10,"turns":6},{"damage":9,"enemies":"Blue Slaver","floor":11,"turns":5},{"damage":4,"enemies":"Gremlin Gang","floor":12,"turns":4},{"damage":13,"enemies":"Exordium Thugs","floor":14,"turns":6},{"damage":31,"enemies":"Hexaghost","floor":16,"turns":12},{"damage":2,"enemies":"Chosen","floor":18,"turns":5},{"damage":30,"enemies":"Shell Parasite","floor":19,"turns":5},{"damage":42,"enemies":"Snecko","floor":20,"turns":7},{"damage":48,"enemies":"Book of Stabbing","floor":24,"turns":5}],"seed_played":"-2437740369998623316","potions_obtained":[{"floor":7,"key":"SpeedPotion"},{"floor":8,"key":"Fruit Juice"},{"floor":11,"key":"Ancient Potion"},{"floor":18,"key":"GamblersBrew"},{"floor":20,"key":"Swift Potion"}],"is_trial":false,"path_per_floor":["M","?","M","$","?","R","E","M","T","E","M","M","$","M","R","B",null,"M","M","M","?","$","R","E"],"character_chosen":"IRONCLAD","items_purchased":["Bronze Scales","True Grit","Flex"],"campfire_rested":1,"item_purchase_floors":[13,13,22],"current_hp_per_floor":[74,74,75,75,75,75,75,79,79,35,32,34,34,29,29,8,62,70,50,18,18,18,42,0],"gold":26,"neow_bonus":"THREE_ENEMY_KILL","is_prod":false,"is_daily":false,"chose_seed":false,"campfire_upgraded":2,"win_rate":0,"timestamp":1565791807,"path_taken":["M","?","?","$","?","R","E","M","T","E","?","M","$","M","R","BOSS","M","M","M","?","$","R","E"],"build_version":"2019-07-17","purchased_purges":1,"victory":false,"max_hp_per_floor":[75,75,75,75,75,75,75,80,80,80,80,80,80,80,80,80,80,80,80,80,80,80,80,80],"card_choices":[{"not_picked":["Sword Boomerang","Pommel Strike"],"picked":"True Grit","floor":1},{"not_picked":["Armaments","Cleave"],"picked":"Seeing Red","floor":3},{"not_picked":["Rage","Warcry"],"picked":"Armaments","floor":7},{"not_picked":["Limit Break","Sword Boomerang"],"picked":"Shockwave","floor":8},{"not_picked":["Clothesline","Uppercut"],"picked":"Rampage","floor":10},{"not_picked":["Clash","Twin Strike"],"picked":"Second Wind","floor":11},{"not_picked":["Infernal Blade","Clash"],"picked":"Anger","floor":12},{"not_picked":["Metallicize","Flex"],"picked":"Feel No Pain","floor":14},{"not_picked":["Bludgeon","Exhume"],"picked":"Double Tap","floor":16},{"not_picked":[],"picked":"Thunderclap","floor":18},{"not_picked":[],"picked":"Iron Wave","floor":19},{"not_picked":[],"picked":"Anger","floor":20}],"player_experience":1879989,"relics_obtained":[{"floor":7,"key":"Bird Faced Urn"},{"floor":9,"key":"Du-Vu Doll"},{"floor":10,"key":"Gremlin Horn"}],"event_choices":[{"damage_healed":0,"gold_gain":0,"player_choice":"1 cards matched","damage_taken":0,"max_hp_gain":0,"max_hp_loss":0,"event_name":"Match and Keep!","floor":2,"gold_loss":0,"cards_obtained":["Feel No Pain"]},{"damage_healed":0,"gold_gain":50,"player_choice":"Pray","damage_taken":0,"max_hp_gain":0,"max_hp_loss":0,"event_name":"Golden Shrine","floor":5,"gold_loss":0},{"cards_removed":["Strike_R"],"damage_healed":0,"gold_gain":0,"player_choice":"Gave Gold","damage_taken":0,"max_hp_gain":0,"max_hp_loss":0,"event_name":"Beggar","floor":21,"gold_loss":75}],"is_beta":false,"boss_relics":[{"not_picked":["Coffee Dripper","Tiny House"],"picked":"Busted Crown"}],"items_purged_floors":[13],"is_endless":false,"potions_floor_spawned":[7,8,11,18,20],"killed_by":"Book of Stabbing","ascension_level":18}