{"gold_per_floor":[115,65,81,99,99,99,109,140,140,140,174,185,185,195,195,291,291,305,322,14,27,27,27,27,27,27,27,53,53,66,15,15,111,111,127,127,147,147],"floor_reached":38,"playtime":1658,"items_purged":["Strike_B"],"score":651,"play_id":"b0a25d04-7bd2-47ee-9b87-207743ed9c5e","local_time":"20190220064030","is_ascension_mode":true,"campfire_choices":[{"data":"Zap","floor":6,"key":"SMITH"},{"data":"Seek","floor":10,"key":"SMITH"},{"data":"Capacitor","floor":15,"key":"SMITH"},{"data":"Apotheosis","floor":23,"key":"SMITH"},{"data":"Chaos","floor":25,"key":"SMITH"},{"floor":27,"key":"REST"},{"data":"Echo Form","floor":32,"key":"SMITH"}],"neow_cost":"NONE","seed_source_timestamp":9635261220200,"circlet_count":0,"master_deck":["AscendersBane","Strike_B","Strike_B","Defend_B","Defend_B","Defend_B","Defend_B","Zap+1","Dualcast","Go for the Eyes","Ball Lightning+1","Capacitor+1","Cold Snap","Leap+1","Seek+1","Ball Lightning","Gash","Chaos+1","FTL","Gash","Echo Form+1","Steam+1","Cold Snap","Compile Driver","Apotheosis+1","Hologram","Tempest+1","Redo","Cold Snap","Redo","Stack","Multi-Cast","Sweeping Beam+1","Stack+1","Melter+1","Rebound","Bandage Up","Hologram","Consume"],"relics":["Cracked Core","Prayer Wheel","Pocketwatch","WingedGreaves","Orichalcum","Busted Crown","Bag of Marbles","FossilizedHelix","Shuriken","Orrery"],"potions_floor_usage":[8,12,16,21,33,35],"damage_taken":[{"damage":0,"enemies":"Cultist","floor":1,"turns":3},{"damage":0,"enemies":"Small Slimes","floor":3,"turns":3},{"damage":3,"enemies":"2 Louse","floor":4,"turns":2},{"damage":2,"enemies":"2 Fungi Beasts","floor":7,"turns":4},{"damage":9,"enemies":"3 Sentries","floor":8,"turns":7},{"damage":11,"enemies":"Lagavulin","floor":11,"turns":5},{"damage":4,"enemies":"Blue Slaver","floor":12,"turns":3},{"damage":11,"enemies":"3 Louse","floor":14,"turns":2},{"damage":5,"enemies":"Hexaghost","floor":16,"turns":9},{"damage":23,"enemies":"2 Thieves","floor":18,"turns":4},{"damage":0,"enemies":"Chosen","floor":19,"turns":5},{"damage":4,"enemies":"3 Cultists","floor":21,"turns":5},{"damage":10,"enemies":"Gremlin Leader","floor":28,"turns":5},{"damage":15,"enemies":"Centurion and Healer","floor":30,"turns":6},{"damage":58,"enemies":"Collector","floor":33,"turns":9},{"damage":24,"enemies":"3 Darklings","floor":35,"turns":5},{"damage":0,"enemies":"Orb Walker","floor":37,"turns":3},{"damage":45,"enemies":"2 Orb Walkers","floor":38,"turns":3}],"seed_played":"-5512364022048408691","potions_obtained":[{"floor":4,"key":"EssenceOfSteel"},{"floor":7,"key":"Block Potion"},{"floor":8,"key":"Dexterity Potion"},{"floor":18,"key":"Fire Potion"},{"floor":21,"key":"FearPotion"},{"floor":33,"key":"EssenceOfSteel"}],"is_trial":false,"path_per_floor":["M","?","M","M","?","R","M","E","T","R","E","M","?","M","R","B",null,"M","M","$","M","?","R","?","R","T","R","E","?","M","$","R","B",null,"M","?","M","?"],"character_chosen":"DEFECT","items_purchased":["Apotheosis","Hologram","Stack"],"campfire_rested":1,"item_purchase_floors":[20,20,31],"current_hp_per_floor":[75,75,75,72,65,65,63,54,54,54,43,39,23,12,12,7,63,40,40,40,36,36,36,36,36,36,60,50,77,62,62,62,4,63,39,39,39,0],"gold":147,"neow_bonus":"TEN_PERCENT_HP_BONUS","is_prod":false,"is_daily":false,"chose_seed":false,"campfire_upgraded":6,"win_rate":0,"timestamp":1550641230,"path_taken":["M","?","M","M","?","R","M","E","T","R","E","M","?","M","R","BOSS","M","M","$","M","?","R","?","R","T","R","E","?","M","$","R","BOSS","M","?","M","?"],"build_version":"2019-01-23","purchased_purges":1,"victory":false,"max_hp_per_floor":[82,82,82,82,82,82,82,82,82,82,82,82,82,82,82,82,82,82,82,82,82,82,82,82,82,82,82,82,82,82,82,82,82,82,82,82,82,82],"card_choices":[{"not_picked":["Rip and Tear","FTL"],"picked":"Go for the Eyes","floor":1},{"not_picked":["Rebound","BootSequence"],"picked":"Ball Lightning","floor":3},{"not_picked":["Chaos","Go for the Eyes"],"picked":"Capacitor","floor":4},{"not_picked":["Fission","Barrage"],"picked":"Cold Snap","floor":7},{"not_picked":["Beam Cell","Leap","Scrape"],"picked":"SKIP","floor":7},{"not_picked":["Beam Cell","Scrape"],"picked":"Leap","floor":7},{"not_picked":["Hologram","BootSequence"],"picked":"Seek","floor":8},{"not_picked":["Recycle","Beam Cell"],"picked":"Ball Lightning","floor":11},{"not_picked":["Steam","Sweeping Beam"],"picked":"Gash","floor":12},{"not_picked":["Beam Cell","Core Surge"],"picked":"Chaos","floor":12},{"not_picked":["Scrape","BootSequence"],"picked":"FTL","floor":14},{"not_picked":["Streamline","Sweeping Beam"],"picked":"Gash","floor":14},{"not_picked":["Multi-Cast","Meteor Strike"],"picked":"Echo Form","floor":16},{"not_picked":[],"picked":"Steam+1","floor":18},{"not_picked":[],"picked":"Cold Snap","floor":18},{"not_picked":[],"picked":"Compile Driver","floor":19},{"not_picked":["Force Field"],"picked":"SKIP","floor":19},{"not_picked":[],"picked":"Tempest+1","floor":21},{"not_picked":["Chaos"],"picked":"SKIP","floor":21},{"not_picked":[],"picked":"Redo","floor":28},{"not_picked":[],"picked":"Cold Snap","floor":30},{"not_picked":[],"picked":"Redo","floor":30},{"not_picked":[],"picked":"Multi-Cast","floor":33},{"not_picked":[],"picked":"Sweeping Beam+1","floor":34},{"not_picked":[],"picked":"Stack+1","floor":34},{"not_picked":[],"picked":"Melter+1","floor":35},{"not_picked":[],"picked":"Rebound","floor":35},{"not_picked":[],"picked":"Bandage Up","floor":36},{"not_picked":[],"picked":"Hologram","floor":37},{"not_picked":[],"picked":"Consume","floor":37}],"player_experience":803656,"relics_obtained":[{"floor":8,"key":"Pocketwatch"},{"floor":9,"key":"WingedGreaves"},{"floor":11,"key":"Orichalcum"},{"floor":26,"key":"FossilizedHelix"},{"floor":28,"key":"Shuriken"}],"event_choices":[{"cards_removed":["Strike_B"],"damage_healed":0,"gold_gain":0,"player_choice":"Card Removal","damage_taken":0,"max_hp_gain":0,"max_hp_loss":0,"event_name":"The Cleric","floor":2,"gold_loss":50},{"damage_healed":0,"gold_gain":0,"player_choice":"Success","damage_taken":7,"relics_obtained":["Prayer Wheel"],"max_hp_gain":0,"max_hp_loss":0,"event_name":"Scrap Ooze","floor":5,"gold_loss":0},{"damage_healed":0,"gold_gain":0,"player_choice":"Entered Light","damage_taken":16,"max_hp_gain":0,"max_hp_loss":0,"event_name":"Shining Light","floor":13,"gold_loss":0,"cards_upgraded":["Ball Lightning","Leap"]},{"damage_healed":0,"gold_gain":0,"player_choice":"Ignored","damage_taken":0,"max_hp_gain":0,"max_hp_loss":0,"event_name":"Beggar","floor":22,"gold_loss":0},{"damage_healed":0,"gold_gain":0,"player_choice":"Opened","damage_taken":0,"relics_obtained":["Bag of Marbles"],"max_hp_gain":0,"max_hp_loss":0,"event_name":"The Mausoleum","floor":24,"gold_loss":0},{"damage_healed":27,"gold_gain":0,"player_choice":"Heal","damage_taken":0,"max_hp_gain":0,"max_hp_loss":0,"event_name":"The Library","floor":29,"gold_loss":0},{"damage_healed":0,"gold_gain":0,"player_choice":"Memory 1","damage_taken":0,"max_hp_gain":0,"max_hp_loss":0,"event_name":"SensoryStone","floor":36,"gold_loss":0},{"damage_healed":0,"gold_gain":0,"player_choice":"Fight","damage_taken":0,"max_hp_gain":0,"max_hp_loss":0,"event_name":"Mysterious Sphere","floor":38,"gold_loss":0}],"is_beta":false,"boss_relics":[{"not_picked":["Snecko Eye","Coffee Dripper"],"picked":"Busted Crown"},{"not_picked":["Black Star","Calling Bell"],"picked":"Orrery"}],"items_purged_floors":[20],"is_endless":false,"potions_floor_spawned":[4,7,8,18,21,33],"killed_by":"2 Orb Walkers","ascension_level":11}