{"gold_per_floor":[118,71,71,71,90,130,142,198,256,66,66,104,104,124,124,243,243,263,263,178,218,149,149,165,205,205,60,60,60,60,389,389,493,493,504,504,518,518,528,528,553,553,553,172,172,202,122,136,136,136],"floor_reached":51,"playtime":5310,"items_purged":[],"score":1317,"play_id":"c3147ce3-2c58-4618-80d0-6220d188ed8f","local_time":"20180907210106","is_ascension_mode":true,"campfire_choices":[{"data":"Streamline","floor":7,"key":"SMITH"},{"floor":13,"key":"REST"},{"data":"Zap","floor":15,"key":"SMITH"},{"data":"Dualcast","floor":23,"key":"SMITH"},{"data":"Redo","floor":30,"key":"SMITH"},{"data":"White Noise","floor":32,"key":"SMITH"},{"data":"Echo Form","floor":40,"key":"SMITH"},{"floor":49,"key":"REST"}],"neow_cost":"NONE","seed_source_timestamp":1759832325901560,"circlet_count":0,"master_deck":["Defend_B+1","Defend_B+1","Defend_B+1","Defend_B+1","Zap+1","Dualcast+1","AscendersBane","Streamline+1","Cold Snap","White Noise+1","Biased Cognition+1","Doom and Gloom+1","Coolheaded","All For One","Reinforced Body+1","Sunder+1","Lockon+1","Loop+1","BootSequence","Redo+1","Echo Form+1","Compile Driver+1","Glacier","Defragment"],"relics":["Cracked Core","NeowsBlessing","Bloody Idol","MawBank","Bird Faced Urn","Pen Nib","DataDisk","Regal Pillow","Astrolabe","Juzu Bracelet","Red Mask","Torii","Singing Bowl","Omamori","MutagenicStrength","Old Coin","Sozu","Vajra","Pear","Emotion Chip","Orichalcum"],"potions_floor_usage":[8,33,33,37],"damage_taken":[{"damage":0,"enemies":"Jaw Worm","floor":1,"turns":1},{"damage":0,"enemies":"2 Louse","floor":5,"turns":1},{"damage":0,"enemies":"3 Sentries","floor":6,"turns":1},{"damage":26,"enemies":"Lagavulin","floor":8,"turns":5},{"damage":13,"enemies":"3 Sentries","floor":12,"turns":6},{"damage":1,"enemies":"Small Slimes","floor":14,"turns":2},{"damage":5,"enemies":"The Guardian","floor":16,"turns":10},{"damage":7,"enemies":"3 Byrds","floor":18,"turns":4},{"damage":0,"enemies":"Masked Bandits","floor":21,"turns":2},{"damage":0,"enemies":"Spheric Guardian","floor":24,"turns":3},{"damage":18,"enemies":"Gremlin Leader","floor":25,"turns":6},{"damage":0,"enemies":"Book of Stabbing","floor":31,"turns":5},{"damage":24,"enemies":"Collector","floor":33,"turns":12},{"damage":0,"enemies":"Orb Walker","floor":35,"turns":3},{"damage":0,"enemies":"3 Shapes","floor":37,"turns":4},{"damage":0,"enemies":"Reptomancer","floor":39,"turns":6},{"damage":3,"enemies":"Nemesis","floor":41,"turns":9},{"damage":71,"enemies":"2 Orb Walkers","floor":46,"turns":5},{"damage":0,"enemies":"4 Shapes","floor":48,"turns":7},{"damage":39,"enemies":"Time Eater","floor":50,"turns":11}],"seed_played":"-7333873623668148586","potions_obtained":[{"floor":1,"key":"AttackPotion"},{"floor":6,"key":"SteroidPotion"},{"floor":14,"key":"Explosive Potion"},{"floor":31,"key":"Energy Potion"}],"is_trial":false,"path_per_floor":["M","$","?","?","M","E","R","E","T","$","?","E","R","M","R","B",null,"M","?","?","?","$","R","M","E","T","$","?","?","R","E","R","B",null,"M","?","M","?","M","R","E","?","T","$","?","E","$","M","R","B"],"character_chosen":"DEFECT","items_purchased":["Streamline","DataDisk","Fire Potion","BootSequence","Omamori","Emotion Chip","Glacier","Defragment"],"campfire_rested":2,"item_purchase_floors":[2,10,10,22,27,44,44,47],"current_hp_per_floor":[68,68,68,61,61,61,61,35,35,35,35,33,68,67,67,69,69,64,64,64,64,64,64,66,54,54,54,54,54,54,71,71,56,67,73,73,73,73,75,75,77,77,87,87,87,29,29,46,88,54],"gold":136,"neow_bonus":"THREE_ENEMY_KILL","is_prod":false,"is_daily":false,"chose_seed":false,"campfire_upgraded":6,"win_rate":0,"timestamp":1536350466,"path_taken":["M","$","?","?","M","E","R","E","T","$","?","E","R","?","R","BOSS","M","?","?","?","$","R","M","E","T","$","?","?","R","E","R","BOSS","M","?","M","?","M","R","E","?","T","$","?","E","?","M","R","BOSS"],"build_version":"2018-09-06","purchased_purges":0,"victory":true,"max_hp_per_floor":[75,75,69,69,69,69,69,69,69,69,69,69,69,69,69,69,69,69,69,69,69,69,69,69,69,69,69,69,69,69,71,71,71,71,73,73,73,73,75,75,77,77,87,87,87,89,89,91,91,91],"card_choices":[{"not_picked":["Fusion","Ball Lightning"],"picked":"Gash","floor":1},{"not_picked":["Coolheaded","Redo"],"picked":"Cold Snap","floor":5},{"not_picked":["Streamline","Auto Shields"],"picked":"White Noise","floor":6},{"not_picked":["All For One","Skim"],"picked":"Biased Cognition","floor":8},{"not_picked":["Hello World","Coolheaded"],"picked":"Doom and Gloom","floor":12},{"not_picked":["Streamline","Chaos"],"picked":"Coolheaded","floor":14},{"not_picked":["Buffer","Amplify"],"picked":"All For One","floor":16},{"not_picked":["Steam+1","Hologram"],"picked":"Loop+1","floor":18},{"not_picked":["Stack","Coolheaded","Auto Shields"],"picked":"SKIP","floor":24},{"not_picked":["Beam Cell","Static Discharge+1"],"picked":"Redo","floor":25},{"not_picked":["Blizzard","Tempest","Melter+1"],"picked":"Singing Bowl","floor":31},{"not_picked":["All For One","Electrodynamics"],"picked":"Echo Form","floor":33},{"not_picked":["Steam Power+1","Streamline+1","Barrage"],"picked":"Singing Bowl","floor":35},{"not_picked":["Turbo","Ball Lightning"],"picked":"Compile Driver+1","floor":37},{"not_picked":["Machine Learning","Conserve Battery+1","Force Field"],"picked":"Singing Bowl","floor":39},{"not_picked":["Steam","Coolheaded+1","Lockon"],"picked":"Singing Bowl","floor":41},{"not_picked":["Auto Shields","Turbo","Chill+1"],"picked":"Singing Bowl","floor":46},{"not_picked":["Leap+1","Creative AI","Hologram+1"],"picked":"Singing Bowl","floor":48}],"player_experience":666792,"relics_obtained":[{"floor":6,"key":"MawBank"},{"floor":8,"key":"Bird Faced Urn"},{"floor":9,"key":"Pen Nib"},{"floor":12,"key":"Regal Pillow"},{"floor":21,"key":"Red Mask"},{"floor":25,"key":"Torii"},{"floor":26,"key":"Singing Bowl"},{"floor":31,"key":"Old Coin"},{"floor":41,"key":"Vajra"},{"floor":43,"key":"Pear"},{"floor":46,"key":"Orichalcum"}],"event_choices":[{"event_name":"Golden Idol","player_choice":"Lose Max HP","floor":3,"damage_taken":0},{"event_name":"Golden Wing","player_choice":"Card Removal","floor":4,"damage_taken":0},{"event_name":"Living Wall","player_choice":"Grow","floor":11,"damage_taken":0},{"event_name":"Back to Basics","player_choice":"Simplicity","floor":19,"damage_taken":0},{"event_name":"Addict","player_choice":"Obtained Relic","floor":20,"damage_taken":0},{"event_name":"Masked Bandits","player_choice":"Fought Bandits","floor":21,"damage_taken":0},{"event_name":"Drug Dealer","player_choice":"Inject Mutagens","floor":28,"damage_taken":0},{"event_name":"Forgotten Altar","player_choice":"Gave Idol","floor":29,"damage_taken":0},{"event_name":"Duplicator","player_choice":"One dupe","floor":36,"damage_taken":0},{"event_name":"Purifier","player_choice":"One Purge","floor":38,"damage_taken":0},{"event_name":"Upgrade Shrine","player_choice":"Upgraded","floor":42,"damage_taken":0},{"event_name":"Falling","player_choice":"Removed Skill","floor":45,"damage_taken":0}],"is_beta":false,"boss_relics":[{"not_picked":["Lizard Tail","Philosopher\u0027s Stone"],"picked":"Astrolabe"},{"not_picked":["Orrery","Eternal Feather"],"picked":"Sozu"}],"items_purged_floors":[],"is_endless":false,"potions_floor_spawned":[1,6,14,21,24,31,37,41,48],"ascension_level":10}