{"gold_per_floor":[113,113,129,144,162,162,179,179,247,247,51,51,63,63,63,136,186,198,198,28,39,39,39,39],"floor_reached":24,"playtime":876,"items_purged":["Strike_G"],"score":363,"play_id":"0c086d2c-037b-46b6-9bdc-333f184188b0","local_time":"20190814165109","is_ascension_mode":true,"campfire_choices":[{"data":"Escape Plan","floor":6,"key":"SMITH"},{"data":"Crippling Poison","floor":8,"key":"SMITH"},{"data":"Tools of the Trade","floor":10,"key":"SMITH"},{"data":"Caltrops","floor":12,"key":"SMITH"},{"floor":15,"key":"REST"},{"floor":23,"key":"REST"}],"neow_cost":"NONE","seed_source_timestamp":42190048347600,"circlet_count":0,"master_deck":["AscendersBane","Strike_G","Strike_G+1","Strike_G","Strike_G","Defend_G+1","Defend_G","Defend_G","Defend_G","Defend_G","Survivor","Neutralize+1","Tools of the Trade+1","Backstab","Escape Plan+1","Cloak And Dagger","Crippling Poison+1","Caltrops+1","Tactician","Noxious Fumes+1","Envenom","Noxious Fumes","Choke+1","Ghostly","Ghostly","Ghostly","Footwork","Adrenaline","Endless Agony"],"relics":["Ring of the Snake","Ornamental Fan","Nloth\u0027s Gift"],"potions_floor_usage":[5,21,21,24],"damage_taken":[{"damage":4,"enemies":"Small Slimes","floor":1,"turns":4},{"damage":2,"enemies":"Jaw Worm","floor":3,"turns":4},{"damage":0,"enemies":"2 Louse","floor":4,"turns":2},{"damage":9,"enemies":"Large Slime","floor":5,"turns":2},{"damage":2,"enemies":"Red Slaver","floor":7,"turns":4},{"damage":2,"enemies":"Exordium Thugs","floor":13,"turns":3},{"damage":8,"enemies":"The Guardian","floor":16,"turns":10},{"damage":22,"enemies":"Spheric Guardian","floor":18,"turns":7},{"damage":13,"enemies":"Shell Parasite","floor":21,"turns":6},{"damage":32,"enemies":"Slavers","floor":24,"turns":6}],"seed_played":"-854442206381695289","potions_obtained":[{"floor":0,"key":"Explosive Potion"},{"floor":0,"key":"Regen Potion"},{"floor":3,"key":"SkillPotion"},{"floor":7,"key":"SmokeBomb"},{"floor":16,"key":"SteroidPotion"},{"floor":17,"key":"EntropicBrew"},{"floor":18,"key":"GamblersBrew"}],"is_trial":false,"path_per_floor":["M","?","M","M","M","R","M","R","T","R","$","R","M","?","R","B",null,"M","?","$","M","?","R","E"],"character_chosen":"THE_SILENT","items_purchased":["Caltrops","Tactician","Footwork","Adrenaline"],"campfire_rested":2,"item_purchase_floors":[11,11,20,20],"current_hp_per_floor":[55,35,33,33,24,24,22,22,22,22,22,22,20,20,39,31,62,40,35,35,22,22,32,0],"gold":39,"neow_bonus":"THREE_SMALL_POTIONS","is_prod":false,"is_daily":false,"chose_seed":false,"campfire_upgraded":4,"win_rate":0,"timestamp":1565794269,"path_taken":["M","?","M","M","M","R","M","R","T","R","$","R","M","?","R","BOSS","M","?","$","M","?","R","E"],"build_version":"2019-07-17","purchased_purges":1,"victory":false,"max_hp_per_floor":[66,66,66,66,66,66,66,66,66,66,66,66,66,66,66,66,71,71,35,35,35,35,35,35],"card_choices":[{"not_picked":["Quick Slash","Underhanded Strike"],"picked":"Tools of the Trade","floor":1},{"not_picked":["Flechettes","Deadly Poison"],"picked":"Backstab","floor":3},{"not_picked":["Outmaneuver","Expertise"],"picked":"Escape Plan","floor":4},{"not_picked":["Escape Plan","Accuracy"],"picked":"Cloak And Dagger","floor":5},{"not_picked":["Endless Agony","Expertise"],"picked":"Crippling Poison","floor":7},{"not_picked":["Outmaneuver","Underhanded Strike"],"picked":"Noxious Fumes","floor":13},{"not_picked":["Adrenaline","Storm of Steel"],"picked":"Envenom","floor":16},{"not_picked":["Prepared","Backflip"],"picked":"Noxious Fumes","floor":17},{"not_picked":["Dagger Spray","Bane"],"picked":"Choke+1","floor":18},{"not_picked":["Dodge and Roll","Dagger Spray"],"picked":"Endless Agony","floor":21}],"player_experience":1882355,"relics_obtained":[{"floor":9,"key":"Ornamental Fan"}],"event_choices":[{"damage_healed":0,"gold_gain":0,"player_choice":"Entered Light","damage_taken":20,"max_hp_gain":0,"max_hp_loss":0,"event_name":"Shining Light","floor":2,"gold_loss":0,"cards_upgraded":["Neutralize","Strike_G"]},{"damage_healed":0,"gold_gain":0,"player_choice":"Grow","damage_taken":0,"max_hp_gain":0,"max_hp_loss":0,"event_name":"Living Wall","floor":14,"gold_loss":0,"cards_upgraded":["Noxious Fumes"]},{"damage_healed":0,"gold_gain":0,"player_choice":"Became a Ghost","damage_taken":0,"max_hp_gain":0,"max_hp_loss":36,"event_name":"Ghosts","floor":19,"gold_loss":0,"cards_obtained":["Ghostly","Ghostly","Ghostly"]},{"damage_healed":0,"gold_gain":0,"player_choice":"Traded Relic","damage_taken":0,"relics_obtained":["Nloth\u0027s Gift"],"max_hp_gain":0,"max_hp_loss":0,"event_name":"N\u0027loth","floor":22,"relics_lost":["Tiny House"],"gold_loss":0}],"is_beta":false,"boss_relics":[{"not_picked":["HoveringKite","Coffee Dripper"],"picked":"Tiny House"}],"items_purged_floors":[11],"is_endless":false,"potions_floor_spawned":[1,3,7,16,18],"killed_by":"Slavers","ascension_level":19}