{"gold_per_floor":[117,117,117,127,277,277,304,314,314,314,314],"floor_reached":11,"playtime":143,"items_purged":[],"score":182,"play_id":"7c3172cb-f2fa-4e60-86c6-6a8e847505e5","local_time":"20190829174703","is_ascension_mode":true,"campfire_choices":[{"data":"Zap","floor":6,"key":"SMITH"},{"data":"Coolheaded","floor":10,"key":"SMITH"}],"neow_cost":"NONE","seed_source_timestamp":1342312645915600,"circlet_count":0,"master_deck":["AscendersBane","Strike_B","Strike_B","Strike_B","Defend_B","Defend_B","Defend_B","Defend_B","Zap+1","Dualcast","Coolheaded+1","Cold Snap","Doubt","Double Energy","Steam"],"relics":["Cracked Core","NeowsBlessing","Bird Faced Urn","Dead Branch"],"potions_floor_usage":[11],"damage_taken":[{"damage":0,"enemies":"Jaw Worm","floor":1,"turns":1},{"damage":0,"enemies":"Cultist","floor":4,"turns":1},{"damage":0,"enemies":"Lagavulin","floor":7,"turns":1},{"damage":4,"enemies":"Small Slimes","floor":8,"turns":3},{"damage":38,"enemies":"Gremlin Nob","floor":11,"turns":6}],"seed_played":"-2639987129369333852","potions_obtained":[{"floor":4,"key":"Ancient Potion"},{"floor":7,"key":"Weak Potion"},{"floor":8,"key":"Explosive Potion"}],"is_trial":false,"path_per_floor":["M","?","$","M","?","R","E","M","T","R","E"],"character_chosen":"DEFECT","items_purchased":[],"campfire_rested":0,"item_purchase_floors":[],"current_hp_per_floor":[64,64,64,64,64,64,64,60,60,60,22],"gold":314,"neow_bonus":"THREE_ENEMY_KILL","is_prod":false,"is_daily":false,"chose_seed":false,"campfire_upgraded":2,"win_rate":0,"timestamp":1567093623,"path_taken":["M","?","$","?","?","R","E","M","T","R","E"],"build_version":"2019-07-17","purchased_purges":0,"victory":false,"max_hp_per_floor":[71,71,71,71,71,71,71,71,71,71,71],"card_choices":[{"not_picked":["Steam","Redo"],"picked":"Coolheaded","floor":1},{"not_picked":["Hologram","Compile Driver"],"picked":"Cold Snap","floor":4},{"not_picked":["Stack","Compile Driver"],"picked":"Double Energy","floor":7},{"not_picked":["Redo","Stack"],"picked":"Steam","floor":8}],"player_experience":1980294,"relics_obtained":[{"floor":7,"key":"Bird Faced Urn"},{"floor":9,"key":"Dead Branch"}],"event_choices":[{"cards_removed":["Strike_B"],"damage_healed":0,"gold_gain":0,"player_choice":"Purged","damage_taken":0,"max_hp_gain":0,"max_hp_loss":0,"event_name":"Purifier","floor":2,"gold_loss":0},{"damage_healed":0,"gold_gain":150,"player_choice":"AGREE","damage_taken":0,"max_hp_gain":0,"max_hp_loss":0,"event_name":"Liars Game","floor":5,"gold_loss":0,"cards_obtained":["Doubt"]}],"is_beta":false,"boss_relics":[],"items_purged_floors":[],"is_endless":false,"potions_floor_spawned":[4,7,8],"killed_by":"Gremlin Nob","ascension_level":18}