{"gold_per_floor":[116,116,116,116,134,134,177,177,203,216,231,254,41,41],"floor_reached":14,"playtime":340,"items_purged":[],"score":171,"play_id":"34d6e64d-548e-4233-8da2-49ba7f10a589","local_time":"20181105202832","is_ascension_mode":true,"campfire_choices":[{"data":"Neutralize","floor":6,"key":"SMITH"},{"floor":8,"key":"REST"}],"neow_cost":"NONE","seed_source_timestamp":1825102711256377,"circlet_count":0,"master_deck":["AscendersBane","Defend_G","Defend_G","Defend_G","Defend_G","Defend_G","Strike_G","Strike_G","Strike_G","Strike_G","Strike_G","Survivor","Neutralize+1","Parasite","Shame","Sucker Punch","Caltrops","Deadly Poison","Deadly Poison","Well Laid Plans","Acrobatics","Noxious Fumes"],"relics":["Calling Bell","Ginger","Matryoshka","Bag of Marbles","Golden Idol","Blue Candle","Snake Skull","Anchor","Tiny Chest"],"potions_floor_usage":[5,14],"damage_taken":[{"damage":22,"enemies":"Jaw Worm","floor":1,"turns":8},{"damage":3,"enemies":"2 Louse","floor":5,"turns":3},{"damage":48,"enemies":"Gremlin Nob","floor":7,"turns":6},{"damage":8,"enemies":"Small Slimes","floor":10,"turns":5},{"damage":2,"enemies":"Exordium Wildlife","floor":11,"turns":3},{"damage":0,"enemies":"3 Louse","floor":12,"turns":4},{"damage":12,"enemies":"Large Slime","floor":14,"turns":4}],"seed_played":"951159040011305604","potions_obtained":[{"floor":1,"key":"Swift Potion"},{"floor":5,"key":"FairyPotion"},{"floor":10,"key":"GhostInAJar"},{"floor":11,"key":"Dexterity Potion"}],"is_trial":false,"path_per_floor":["M","?","?","?","M","R","E","R","T","M","M","M","$","M"],"character_chosen":"THE_SILENT","items_purchased":["Tiny Chest","Noxious Fumes"],"campfire_rested":1,"item_purchase_floors":[13,13],"current_hp_per_floor":[37,37,30,35,32,32,2,21,21,13,11,11,11,0],"gold":41,"neow_bonus":"BOSS_RELIC","is_prod":false,"is_daily":false,"chose_seed":false,"campfire_upgraded":1,"win_rate":0,"timestamp":1541446112,"path_taken":["M","?","?","?","?","R","E","R","T","M","M","M","$","M"],"build_version":"2018-11-01","purchased_purges":0,"victory":false,"max_hp_per_floor":[66,60,60,65,65,65,65,65,65,65,65,65,65,65],"card_choices":[{"not_picked":["Slice","PiercingWail"],"picked":"Sucker Punch","floor":1},{"not_picked":["Terror","Grand Finale"],"picked":"Caltrops","floor":5},{"not_picked":["Dagger Spray","Accuracy"],"picked":"Deadly Poison","floor":7},{"not_picked":["Caltrops","Outmaneuver"],"picked":"Deadly Poison","floor":10},{"not_picked":["Deflect","Infinite Blades"],"picked":"Well Laid Plans","floor":11},{"not_picked":["PiercingWail","Terror"],"picked":"Acrobatics","floor":12}],"player_experience":482320,"relics_obtained":[{"floor":0,"key":"Ginger"},{"floor":0,"key":"Matryoshka"},{"floor":0,"key":"Bag of Marbles"},{"floor":7,"key":"Blue Candle"},{"floor":9,"key":"Snake Skull"},{"floor":9,"key":"Anchor"}],"event_choices":[{"damage_healed":0,"gold_gain":0,"player_choice":"Lose Max HP","damage_taken":0,"relics_obtained":["Golden Idol"],"max_hp_gain":0,"max_hp_loss":6,"event_name":"Golden Idol","floor":2,"gold_loss":0},{"cards_removed":["Regret"],"damage_healed":0,"gold_gain":0,"player_choice":"Card Removal","damage_taken":7,"max_hp_gain":0,"max_hp_loss":0,"event_name":"Golden Wing","floor":3,"gold_loss":0},{"damage_healed":0,"gold_gain":0,"player_choice":"Donut","damage_taken":0,"max_hp_gain":5,"max_hp_loss":0,"event_name":"Big Fish","floor":4,"gold_loss":0}],"is_beta":false,"boss_relics":[],"items_purged_floors":[],"is_endless":false,"potions_floor_spawned":[1,5,10,11],"killed_by":"Large Slime","ascension_level":18}