{"gold_per_floor":[369,381,381,68,87,117,117,127,151,178,178,178,190,208,208,303,303,313,0,0,15,33,62,62,62],"floor_reached":25,"playtime":1123,"items_purged":["Strike_B"],"score":233,"play_id":"c5de954a-0084-4a86-b768-42e79c71314f","local_time":"20190728181817","is_ascension_mode":false,"campfire_choices":[{"floor":7,"key":"REST"},{"floor":15,"key":"REST"}],"neow_cost":"TEN_PERCENT_HP_LOSS","seed_source_timestamp":1622782061540444,"circlet_count":0,"master_deck":["Zap","Dualcast","Streamline+1","Genetic Algorithm","Mayhem","Leap+1","Gash","Hologram","Hologram","Rainbow","Sweeping Beam","Heatsinks","Skim","Coolheaded","Turbo","Defragment","Leap+1","Defragment+1","Conserve Battery"],"relics":["Cracked Core","Centennial Puzzle","Vajra","War Paint","Pandora\u0027s Box","Gremlin Horn","PreservedInsect","Juzu Bracelet"],"potions_floor_usage":[10,23,23],"damage_taken":[{"damage":6,"enemies":"Jaw Worm","floor":1,"turns":4},{"damage":0,"enemies":"2 Louse","floor":2,"turns":2},{"damage":5,"enemies":"Cultist","floor":5,"turns":3},{"damage":18,"enemies":"Lagavulin","floor":6,"turns":7},{"damage":6,"enemies":"Large Slime","floor":8,"turns":5},{"damage":16,"enemies":"Gremlin Nob","floor":10,"turns":4},{"damage":0,"enemies":"2 Fungi Beasts","floor":13,"turns":4},{"damage":0,"enemies":"Gremlin Gang","floor":14,"turns":4},{"damage":38,"enemies":"Slime Boss","floor":16,"turns":11},{"damage":3,"enemies":"Shell Parasite","floor":18,"turns":5},{"damage":31,"enemies":"Chosen","floor":21,"turns":7},{"damage":1,"enemies":"Snecko","floor":22,"turns":5},{"damage":22,"enemies":"Book of Stabbing","floor":23,"turns":4},{"damage":17,"enemies":"Snake Plant","floor":25,"turns":1}],"seed_played":"-4110292045881700833","potions_obtained":[{"floor":5,"key":"Ancient Potion"},{"floor":8,"key":"Block Potion"},{"floor":16,"key":"AttackPotion"},{"floor":18,"key":"Regen Potion"}],"is_trial":false,"path_per_floor":["M","M","?","$","M","E","R","M","T","E","?","?","M","M","R","B",null,"M","$","?","M","M","E","?","M"],"character_chosen":"DEFECT","items_purchased":["Genetic Algorithm","Mayhem","Gremlin Horn","Defragment"],"campfire_rested":2,"item_purchase_floors":[4,4,19,19],"current_hp_per_floor":[62,62,48,48,43,25,45,39,39,23,23,23,23,23,43,5,68,65,65,65,34,33,16,16,0],"gold":62,"neow_bonus":"TWO_FIFTY_GOLD","is_prod":false,"is_daily":false,"chose_seed":false,"campfire_upgraded":0,"win_rate":0,"timestamp":1564352297,"path_taken":["M","M","?","$","M","E","R","M","T","E","?","?","?","M","R","BOSS","M","$","?","M","M","E","?","M"],"build_version":"2019-07-17","purchased_purges":1,"victory":false,"max_hp_per_floor":[68,68,68,68,68,68,68,68,68,68,68,68,68,68,68,68,68,68,68,68,68,68,68,68,68],"card_choices":[{"not_picked":["Turbo","Static Discharge"],"picked":"Streamline","floor":1},{"not_picked":["Barrage","Steam Power","Scrape"],"picked":"SKIP","floor":2},{"not_picked":["Go for the Eyes","Coolheaded"],"picked":"Leap","floor":5},{"not_picked":["Compile Driver","Steam","Rip and Tear"],"picked":"SKIP","floor":6},{"not_picked":["Conserve Battery","Reboot"],"picked":"Gash","floor":8},{"not_picked":["Barrage","Heatsinks","Compile Driver"],"picked":"SKIP","floor":10},{"not_picked":["Rebound","Go for the Eyes"],"picked":"Hologram","floor":13},{"not_picked":["Skim","Streamline"],"picked":"Hologram","floor":14},{"not_picked":["Ball Lightning","Barrage+1"],"picked":"Turbo","floor":18},{"not_picked":["Hello World","Beam Cell+1"],"picked":"Leap+1","floor":21},{"not_picked":["Capacitor","Leap"],"picked":"Defragment+1","floor":22},{"not_picked":["Steam Power","Steam"],"picked":"Conserve Battery","floor":23}],"player_experience":323362,"relics_obtained":[{"floor":6,"key":"Centennial Puzzle"},{"floor":9,"key":"Vajra"},{"floor":10,"key":"War Paint"},{"floor":23,"key":"Juzu Bracelet"}],"event_choices":[{"damage_healed":0,"gold_gain":0,"player_choice":"Entered Light","damage_taken":14,"max_hp_gain":0,"max_hp_loss":0,"event_name":"Shining Light","floor":3,"gold_loss":0,"cards_upgraded":["Streamline","Defend_B"]},{"damage_healed":0,"gold_gain":0,"player_choice":"Ignored","damage_taken":0,"max_hp_gain":0,"max_hp_loss":0,"event_name":"Liars Game","floor":11,"gold_loss":0},{"cards_removed":["Strike_B"],"damage_healed":0,"gold_gain":0,"player_choice":"Offered Basic","damage_taken":0,"max_hp_gain":0,"max_hp_loss":0,"event_name":"Bonfire Elementals","floor":12,"gold_loss":0},{"damage_healed":0,"gold_gain":0,"player_choice":"Opened","damage_taken":0,"relics_obtained":["PreservedInsect"],"max_hp_gain":0,"max_hp_loss":0,"event_name":"The Mausoleum","floor":20,"gold_loss":0},{"cards_removed":["Force Field"],"damage_healed":0,"gold_gain":0,"player_choice":"Purged","damage_taken":0,"max_hp_gain":0,"max_hp_loss":0,"event_name":"Purifier","floor":24,"gold_loss":0}],"is_beta":false,"boss_relics":[{"not_picked":["White Beast Statue","Orrery"],"picked":"Pandora\u0027s Box"}],"items_purged_floors":[4],"is_endless":false,"potions_floor_spawned":[5,8,16,18,22],"killed_by":"Snake Plant","ascension_level":0}