{"gold_per_floor":[115,115,135,135,145,145,158,168,168,168,187,212,32,44,44,119,119,131,111,123,135,135],"floor_reached":22,"playtime":735,"items_purged":["Strike_B"],"score":342,"play_id":"bde49700-f8fa-44c9-aaac-587300a5f1db","local_time":"20190624130136","is_ascension_mode":true,"campfire_choices":[{"data":"Zap","floor":6,"key":"SMITH"},{"data":"White Noise","floor":10,"key":"SMITH"},{"data":"Chaos","floor":15,"key":"SMITH"}],"neow_cost":"NONE","seed_source_timestamp":564464329601400,"circlet_count":0,"master_deck":["AscendersBane","Strike_B","Strike_B","Defend_B","Defend_B","Defend_B","Defend_B","Zap+1","Dualcast","Sweeping Beam","Glacier","Zap","Chaos+1","Doom and Gloom","White Noise+1","Rebound+1","Sweeping Beam+1","Capacitor","Beam Cell+1","Go for the Eyes+1","Meteor Strike+1","Compile Driver+1","Redo","Darkness"],"relics":["Cracked Core","NeowsBlessing","Molten Egg 2","Bottled Flame","Black Star"],"potions_floor_usage":[7,8,16,18,20],"damage_taken":[{"damage":0,"enemies":"2 Louse","floor":1,"turns":1},{"damage":0,"enemies":"Cultist","floor":3,"turns":1},{"damage":0,"enemies":"Small Slimes","floor":5,"turns":1},{"damage":11,"enemies":"Exordium Thugs","floor":7,"turns":4},{"damage":4,"enemies":"Red Slaver","floor":8,"turns":3},{"damage":0,"enemies":"Large Slime","floor":11,"turns":3},{"damage":12,"enemies":"Gremlin Nob","floor":12,"turns":5},{"damage":23,"enemies":"3 Louse","floor":14,"turns":2},{"damage":11,"enemies":"The Guardian","floor":16,"turns":11},{"damage":6,"enemies":"Spheric Guardian","floor":18,"turns":3},{"damage":12,"enemies":"Chosen","floor":20,"turns":4},{"damage":36,"enemies":"Snake Plant","floor":21,"turns":5},{"damage":13,"enemies":"Centurion and Healer","floor":22,"turns":2}],"seed_played":"8623710727101835209","potions_obtained":[{"floor":5,"key":"Explosive Potion"},{"floor":7,"key":"SpeedPotion"},{"floor":11,"key":"Weak Potion"},{"floor":16,"key":"Energy Potion"},{"floor":18,"key":"Regen Potion"},{"floor":19,"key":"Explosive Potion"}],"is_trial":false,"path_per_floor":["M","?","M","?","M","R","M","M","T","R","M","E","$","M","R","B",null,"M","?","M","M","M"],"character_chosen":"DEFECT","items_purchased":["Capacitor","Beam Cell+1"],"campfire_rested":0,"item_purchase_floors":[13,13],"current_hp_per_floor":[64,64,64,64,64,64,53,49,49,49,49,37,37,14,14,3,54,48,48,48,12,0],"gold":135,"neow_bonus":"THREE_ENEMY_KILL","is_prod":false,"is_daily":false,"chose_seed":false,"campfire_upgraded":3,"win_rate":0,"timestamp":1561374096,"path_taken":["M","?","?","?","M","R","M","M","T","R","?","E","$","M","R","BOSS","M","?","M","?","M"],"build_version":"2019-01-23","purchased_purges":1,"victory":false,"max_hp_per_floor":[71,71,71,71,71,71,71,71,71,71,71,71,71,71,71,71,71,71,71,71,71,71],"card_choices":[{"not_picked":["Aggregate","Force Field"],"picked":"Sweeping Beam","floor":1},{"not_picked":["Tempest","Beam Cell"],"picked":"Glacier","floor":3},{"not_picked":["Go for the Eyes","Consume"],"picked":"Chaos","floor":5},{"not_picked":["Undo","Go for the Eyes"],"picked":"Doom and Gloom","floor":7},{"not_picked":["Consume","Hologram"],"picked":"White Noise","floor":8},{"not_picked":["Steam Power","Static Discharge"],"picked":"Rebound+1","floor":11},{"not_picked":["Sweeping Beam+1","Rebound+1","Coolheaded"],"picked":"SKIP","floor":12},{"not_picked":["Rebound+1","Coolheaded"],"picked":"Sweeping Beam+1","floor":12},{"not_picked":["Beam Cell+1","Doom and Gloom+1"],"picked":"Go for the Eyes+1","floor":14},{"not_picked":["Core Surge+1","Rainbow"],"picked":"Meteor Strike+1","floor":16},{"not_picked":["Streamline+1","Tempest"],"picked":"Compile Driver+1","floor":18},{"not_picked":["Beam Cell+1","Rebound+1"],"picked":"Redo","floor":20},{"not_picked":["Go for the Eyes+1","Streamline+1"],"picked":"Darkness","floor":21}],"player_experience":1467915,"relics_obtained":[{"floor":9,"key":"Molten Egg 2"},{"floor":12,"key":"Bottled Flame"}],"event_choices":[{"cards_removed":["Strike_B"],"damage_healed":0,"gold_gain":0,"player_choice":"Purged","damage_taken":0,"max_hp_gain":0,"max_hp_loss":0,"event_name":"Purifier","floor":2,"gold_loss":0},{"damage_healed":0,"gold_gain":0,"player_choice":"1 cards matched","damage_taken":0,"max_hp_gain":0,"max_hp_loss":0,"event_name":"Match and Keep!","floor":4,"gold_loss":0,"cards_obtained":["Zap"]},{"damage_healed":0,"gold_gain":0,"player_choice":"Bought 1 Potion","damage_taken":0,"max_hp_gain":0,"max_hp_loss":0,"event_name":"The Woman in Blue","floor":19,"gold_loss":0}],"is_beta":false,"boss_relics":[{"not_picked":["Philosopher\u0027s Stone","Fusion Hammer"],"picked":"Black Star"}],"items_purged_floors":[13],"is_endless":false,"potions_floor_spawned":[5,7,11,16,18],"killed_by":"Centurion and Healer","ascension_level":16}