{"gold_per_floor":[119,119,119,119,194,228,9,43,43,43,43,73,93,107,107,182,182,163,4,4,4,16,48,48,75,75,85,104,119,119,131,131,131],"floor_reached":33,"playtime":1549,"items_purged":["Strike_G","Strike_G"],"score":635,"play_id":"fe11a997-7264-4d5b-9041-d41aba46a910","local_time":"20190617004654","is_ascension_mode":true,"campfire_choices":[{"data":"Crippling Poison","floor":11,"key":"SMITH"},{"data":"Neutralize","floor":15,"key":"SMITH"},{"data":"Footwork","floor":24,"key":"SMITH"},{"data":"Crippling Poison","floor":30,"key":"SMITH"},{"data":"Catalyst","floor":32,"key":"SMITH"}],"neow_cost":"NONE","seed_source_timestamp":432678998808400,"circlet_count":0,"master_deck":["AscendersBane","Defend_G+1","Defend_G+1","Defend_G+1","Defend_G+1","Defend_G+1","Strike_G+1","Strike_G+1","Survivor","Neutralize+1","Dagger Throw","Malaise","Envenom","Caltrops","Bandage Up","Crippling Poison+1","Footwork+1","Blade Dance","Tactician","Tools of the Trade","Slice","Dodge and Roll","RitualDagger","All Out Attack+1","Catalyst+1","Escape Plan","Dash","Deflect","Crippling Poison+1","Flechettes"],"special_seed":0,"relics":["Ring of the Snake","NeowsBlessing","Mummified Hand","Centennial Puzzle","Pen Nib","Bottled Flame","Eternal Feather","Pear","PreservedInsect","Sundial"],"potions_floor_usage":[16,22,22,23,25,33],"damage_taken":[{"damage":0.0,"enemies":"Jaw Worm","floor":1.0,"turns":1.0},{"damage":0.0,"enemies":"Lagavulin","floor":6.0,"turns":1.0},{"damage":0.0,"enemies":"Gremlin Nob","floor":8.0,"turns":1.0},{"damage":15,"enemies":"Lagavulin","floor":12,"turns":9},{"damage":1,"enemies":"Small Slimes","floor":13,"turns":4},{"damage":0,"enemies":"2 Louse","floor":14,"turns":4},{"damage":8,"enemies":"Hexaghost","floor":16,"turns":11},{"damage":11,"enemies":"2 Thieves","floor":18,"turns":4},{"damage":2,"enemies":"Chosen","floor":22,"turns":5},{"damage":15,"enemies":"Book of Stabbing","floor":23,"turns":6},{"damage":17,"enemies":"Slavers","floor":25,"turns":6},{"damage":14,"enemies":"Snake Plant","floor":27,"turns":5},{"damage":16,"enemies":"Cultist and Chosen","floor":28,"turns":7},{"damage":9,"enemies":"Shelled Parasite and Fungi","floor":29,"turns":7},{"damage":11,"enemies":"Snake Plant","floor":31,"turns":6},{"damage":71,"enemies":"Champ","floor":33,"turns":20}],"seed_played":"3605532914960880804","potions_obtained":[{"floor":13,"key":"FearPotion"},{"floor":16,"key":"Regen Potion"},{"floor":18,"key":"Explosive Potion"},{"floor":22,"key":"PowerPotion"},{"floor":23,"key":"Fire Potion"},{"floor":31,"key":"EssenceOfSteel"}],"is_trial":false,"path_per_floor":["M","?","?","$","?","E","$","E","T","$","R","E","M","M","R","B",null,"M","$","?","?","M","E","R","E","T","M","M","M","R","M","R","B"],"character_chosen":"THE_SILENT","items_purchased":["Caltrops","Bandage Up","Dodge and Roll"],"campfire_rested":0,"item_purchase_floors":[7,7,19],"current_hp_per_floor":[59,59,64,64,53,53,53,53,53,53,53,42,45,49,49,45,65,58,58,58,52,68,66,81,68,68,58,46,41,56,49,67,0],"gold":131,"neow_bonus":"THREE_ENEMY_KILL","is_prod":false,"is_daily":false,"chose_seed":false,"campfire_upgraded":5,"win_rate":0,"timestamp":1560725214,"path_taken":["M","?","?","$","?","E","$","E","T","$","R","E","M","M","R","BOSS","M","$","?","?","M","E","R","E","T","?","M","M","R","M","R","BOSS"],"build_version":"2019-01-23","purchased_purges":2,"victory":false,"max_hp_per_floor":[66,66,71,71,71,71,71,71,71,71,71,71,71,71,71,71,71,71,71,71,71,71,81,81,81,81,81,81,81,81,81,81,81],"card_choices":[{"not_picked":["Acrobatics","Sucker Punch"],"picked":"Dagger Throw","floor":1.0},{"not_picked":["Setup","Noxious Fumes"],"picked":"Envenom","floor":6.0},{"not_picked":["Expertise","Dagger Spray"],"picked":"Crippling Poison","floor":8},{"not_picked":["Acrobatics","Escape Plan"],"picked":"Footwork","floor":12},{"not_picked":["Backflip","Dagger Throw"],"picked":"Blade Dance","floor":13},{"not_picked":["Poisoned Stab","Calculated Gamble"],"picked":"Tactician","floor":14},{"not_picked":["Glass Knife","Venomology"],"picked":"Tools of the Trade","floor":16},{"not_picked":["Poisoned Stab","Outmaneuver"],"picked":"Slice","floor":18},{"not_picked":["Deadly Poison","Backflip"],"picked":"All Out Attack+1","floor":22},{"not_picked":["Quick Slash","Deadly Poison"],"picked":"Catalyst","floor":23},{"not_picked":["Acrobatics","Backflip"],"picked":"Escape Plan","floor":25},{"not_picked":["Cloak And Dagger+1","Noxious Fumes"],"picked":"Dash","floor":27},{"not_picked":["Unload","Setup"],"picked":"Deflect","floor":28},{"not_picked":["Outmaneuver+1","Quick Slash"],"picked":"Crippling Poison","floor":29},{"not_picked":["Crippling Poison","PiercingWail"],"picked":"Flechettes","floor":31}],"player_experience":1380900,"relics_obtained":[{"floor":6.0,"key":"Mummified Hand"},{"floor":8,"key":"Centennial Puzzle"},{"floor":9,"key":"Pen Nib"},{"floor":12,"key":"Bottled Flame"},{"floor":23,"key":"Pear"},{"floor":25,"key":"PreservedInsect"},{"floor":26,"key":"Sundial"}],"event_choices":[{"damage_healed":0.0,"max_hp_gain":0.0,"max_hp_loss":0.0,"gold_gain":0.0,"cards_transformed":["Strike_G"],"event_name":"Living Wall","player_choice":"Change","floor":2.0,"gold_loss":0.0,"damage_taken":0.0,"cards_obtained":["Malaise"]},{"damage_healed":0.0,"max_hp_gain":5.0,"max_hp_loss":0.0,"gold_gain":0.0,"event_name":"Big Fish","player_choice":"Donut","floor":3.0,"gold_loss":0.0,"damage_taken":0.0},{"damage_healed":0.0,"max_hp_gain":0.0,"max_hp_loss":0.0,"gold_gain":75.0,"event_name":"World of Goop","player_choice":"Gather Gold","floor":5.0,"gold_loss":0.0,"damage_taken":11.0},{"damage_healed":0,"gold_gain":0,"player_choice":"Simplicity","damage_taken":0,"max_hp_gain":0,"max_hp_loss":0,"event_name":"Back to Basics","floor":20,"gold_loss":0,"cards_upgraded":["Defend_G","Defend_G","Defend_G","Defend_G","Defend_G","Strike_G","Strike_G"]},{"damage_healed":0,"gold_gain":0,"player_choice":"Joined the Cult","damage_taken":6,"max_hp_gain":0,"max_hp_loss":0,"event_name":"Nest","floor":21,"gold_loss":0,"cards_obtained":["RitualDagger"]}],"is_beta":false,"boss_relics":[{"not_picked":["Velvet Choker","HoveringKite"],"picked":"Eternal Feather"}],"items_purged_floors":[7,19],"is_endless":false,"potions_floor_spawned":[13,16,18,22,23,31],"killed_by":"Champ","ascension_level":16}