{"gold_per_floor":[118,136,151,151,151,151,165,3,3,23,23,23],"floor_reached":12,"playtime":741,"items_purged":["Strike_B"],"score":130,"play_id":"97b7db86-24d0-490e-b51d-187af5af2321","local_time":"20190718002625","is_ascension_mode":true,"campfire_choices":[{"data":"Zap","floor":6,"key":"SMITH"}],"neow_cost":"NONE","seed_source_timestamp":445274100110300,"circlet_count":0,"master_deck":["AscendersBane","Strike_B","Strike_B","Defend_B","Defend_B","Defend_B","Defend_B","Zap+1","Dualcast","Fission","Chaos","Hologram","Cold Snap","Compile Driver","Sunder"],"relics":["Cracked Core","Golden Idol","Dream Catcher"],"potions_floor_usage":[2,10],"damage_taken":[{"damage":0,"enemies":"Small Slimes","floor":1,"turns":3},{"damage":2,"enemies":"2 Louse","floor":2,"turns":3},{"damage":2,"enemies":"Cultist","floor":3,"turns":4},{"damage":24,"enemies":"3 Louse","floor":7,"turns":4},{"damage":18,"enemies":"Lots of Slimes","floor":10,"turns":3},{"damage":20,"enemies":"3 Sentries","floor":12,"turns":4}],"seed_played":"-1148087185540588949","potions_obtained":[{"floor":1,"key":"AttackPotion"},{"floor":3,"key":"AttackPotion"}],"is_trial":false,"path_per_floor":["M","M","M","?","?","R","M","$","T","M","?","E"],"character_chosen":"DEFECT","items_purchased":["Sunder"],"campfire_rested":0,"item_purchase_floors":[8],"current_hp_per_floor":[64,62,60,60,60,60,36,36,36,18,18,0],"gold":23,"neow_bonus":"ONE_RANDOM_RARE_CARD","is_prod":false,"is_daily":false,"chose_seed":false,"campfire_upgraded":1,"win_rate":0,"timestamp":1563402385,"path_taken":["M","M","M","?","?","R","?","$","T","M","?","E"],"build_version":"2019-07-05","purchased_purges":1,"victory":false,"max_hp_per_floor":[71,71,71,71,71,71,71,71,71,71,71,71],"card_choices":[{"not_picked":["Leap","Reinforced Body"],"picked":"Chaos","floor":1},{"not_picked":["Heatsinks","Sweeping Beam"],"picked":"Hologram","floor":2},{"not_picked":["Rebound","BootSequence"],"picked":"Cold Snap","floor":3},{"not_picked":["Coolheaded","Turbo"],"picked":"Compile Driver","floor":7},{"not_picked":["Streamline","Hello World","Force Field"],"picked":"SKIP","floor":10}],"player_experience":1667575,"relics_obtained":[{"floor":9,"key":"Dream Catcher"}],"event_choices":[{"damage_healed":0,"gold_gain":0,"player_choice":"Take Wound","damage_taken":0,"relics_obtained":["Golden Idol"],"max_hp_gain":0,"max_hp_loss":0,"event_name":"Golden Idol","floor":4,"gold_loss":0,"cards_obtained":["Injury"]},{"cards_removed":["Injury"],"damage_healed":0,"gold_gain":0,"player_choice":"Removed Curses","damage_taken":0,"max_hp_gain":0,"max_hp_loss":0,"event_name":"Fountain of Cleansing","floor":5,"gold_loss":0},{"cards_removed":["Strike_B"],"damage_healed":0,"gold_gain":0,"player_choice":"Purged","damage_taken":0,"max_hp_gain":0,"max_hp_loss":0,"event_name":"Purifier","floor":11,"gold_loss":0}],"is_beta":false,"boss_relics":[],"items_purged_floors":[8],"is_endless":false,"potions_floor_spawned":[1,3],"killed_by":"3 Sentries","ascension_level":17}