{"gold_per_floor":[118,118,43,57,73,104,114,114,141,156,168,168,179,111,111,216,216,233,49,69,83,83,83,97,97,147,147,167,12,12,29,29,126,126,139,151,163,63,63,63,76,76,76,88,88,88,88,99,99,99],"floor_reached":50,"playtime":1789,"items_purged":["Regret","Regret"],"score":448,"play_id":"f8547631-4e45-4df5-9dad-9f978d50da82","local_time":"20180627194029","is_ascension_mode":false,"campfire_choices":[{"data":"Pommel Strike","floor":8,"key":"SMITH"},{"data":"Sword Boomerang","floor":12,"key":"SMITH"},{"data":"Spot Weakness","floor":15,"key":"SMITH"},{"data":"Immolate","floor":23,"key":"SMITH"},{"data":"Feed","floor":27,"key":"SMITH"},{"data":"Metallicize","floor":30,"key":"SMITH"},{"data":"Headbutt","floor":32,"key":"SMITH"},{"data":"1","floor":40,"key":"LIFT"},{"data":"2","floor":42,"key":"LIFT"},{"data":"3","floor":49,"key":"LIFT"}],"neow_cost":"NONE","seed_source_timestamp":229764800274379,"circlet_count":0,"master_deck":["Strike_R+1","Strike_R+1","Strike_R+1","Strike_R+1","Defend_R+1","Defend_R+1","Defend_R+1","Defend_R+1","Bash+1","Sword Boomerang+1","Rage+1","Impervious","Pommel Strike+1","Headbutt+1","Berserk","Spot Weakness+1","Feed+1","Metallicize+1","Immolate+1","Inflame+1","Parasite","Sword Boomerang","Inflame","Thunderclap+1","Writhe","Madness","Madness","Deep Breath"],"special_seed":17709,"relics":["Burning Blood","Bronze Scales","Potion Belt","War Paint","Cursed Key","Omamori","Boot","Orichalcum","Calling Bell","Bag of Marbles","Self Forming Clay","Girya","Juzu Bracelet"],"potions_floor_usage":[6,18,28,33,33,50,50,50],"damage_taken":[{"damage":3,"enemies":"2 Louse","floor":1,"turns":3},{"damage":6,"enemies":"Jaw Worm","floor":4,"turns":3},{"damage":4,"enemies":"Small Slimes","floor":5,"turns":4},{"damage":31,"enemies":"Lagavulin","floor":6,"turns":6},{"damage":10,"enemies":"Exordium Thugs","floor":7,"turns":3},{"damage":14,"enemies":"Gremlin Gang","floor":10,"turns":5},{"damage":0,"enemies":"3 Louse","floor":11,"turns":3},{"damage":2,"enemies":"Looter","floor":13,"turns":2},{"damage":8,"enemies":"The Guardian","floor":16,"turns":8},{"damage":10,"enemies":"3 Byrds","floor":18,"turns":3},{"damage":4,"enemies":"Shell Parasite","floor":20,"turns":3},{"damage":20,"enemies":"Centurion and Healer","floor":21,"turns":4},{"damage":0,"enemies":"3 Cultists","floor":24,"turns":5},{"damage":7,"enemies":"Slaver and Parasite","floor":28,"turns":5},{"damage":6,"enemies":"Snake Plant","floor":31,"turns":3},{"damage":40,"enemies":"Automaton","floor":33,"turns":8},{"damage":17,"enemies":"3 Darklings","floor":35,"turns":5},{"damage":0,"enemies":"3 Shapes","floor":36,"turns":3},{"damage":1,"enemies":"3 Darklings","floor":37,"turns":5},{"damage":29,"enemies":"Maw","floor":41,"turns":6},{"damage":3,"enemies":"4 Shapes","floor":44,"turns":2},{"damage":33,"enemies":"3 Darklings","floor":48,"turns":4},{"damage":35,"enemies":"Awakened One","floor":50,"turns":6}],"seed_played":"-1617000695217002344","potions_obtained":[{"floor":4,"key":"Block Potion"},{"floor":7,"key":"Swift Potion"},{"floor":10,"key":"Block Potion"},{"floor":16,"key":"SpeedPotion"},{"floor":21,"key":"EssenceOfSteel"},{"floor":31,"key":"SteroidPotion"},{"floor":35,"key":"Fire Potion"},{"floor":37,"key":"Dexterity Potion"},{"floor":48,"key":"Block Potion"}],"is_trial":false,"path_per_floor":["M","?","$","M","M","E","M","R","T","M","M","R","M","$","R","B",null,"M","$","M","M","?","R","M","?","T","R","M","$","R","M","R","B",null,"M","M","M","$","?","R","M","R","T","M","?","?","?","M","R"],"character_chosen":"IRONCLAD","items_purchased":["Spot Weakness","Omamori","Metallicize","Orichalcum"],"campfire_rested":0,"item_purchase_floors":[14,19,19,29],"current_hp_per_floor":[80,80,80,80,80,55,51,51,51,43,49,49,53,53,53,51,80,79,79,81,70,70,70,76,76,76,76,75,75,75,75,75,45,90,79,89,94,94,94,94,71,71,71,74,62,62,62,35,35,0],"gold":99,"neow_bonus":"UPGRADE_CARD","is_prod":false,"is_daily":false,"chose_seed":false,"campfire_upgraded":7,"win_rate":0,"timestamp":1530124829,"path_taken":["M","?","?","M","M","E","M","R","T","?","M","R","M","$","R","BOSS","M","$","M","M","?","R","M","?","T","R","M","?","R","M","R","BOSS","M","M","M","$","?","R","M","R","T","M","?","?","?","M","R","BOSS"],"build_version":"2018-06-21v2","purchased_purges":2,"victory":false,"max_hp_per_floor":[80,80,80,80,80,80,80,80,80,80,80,80,80,80,80,80,80,83,83,83,86,86,86,86,86,86,86,86,86,86,86,86,90,90,90,94,94,94,94,94,94,94,94,94,94,94,94,94,94,94],"card_choices":[{"not_picked":["Warcry","True Grit","Armaments"],"picked":"SKIP","floor":1},{"not_picked":["Sever Soul","Cleave"],"picked":"Sword Boomerang","floor":4},{"not_picked":["Headbutt","Thunderclap"],"picked":"Rage","floor":5},{"not_picked":["Iron Wave","Havoc"],"picked":"Impervious","floor":6},{"not_picked":["Warcry","Intimidate"],"picked":"Pommel Strike","floor":7},{"not_picked":["Flex","True Grit"],"picked":"Headbutt","floor":10},{"not_picked":["Headbutt","Havoc","Armaments"],"picked":"SKIP","floor":11},{"not_picked":["Pummel","Wild Strike"],"picked":"Berserk","floor":13},{"not_picked":["Barricade","Demon Form"],"picked":"Feed","floor":16},{"not_picked":["Wild Strike+1","Pommel Strike","Feel No Pain"],"picked":"SKIP","floor":18},{"not_picked":["Twin Strike+1","Clash","Wild Strike"],"picked":"SKIP","floor":20},{"not_picked":["Warcry","Body Slam"],"picked":"Immolate","floor":21},{"not_picked":["Feel No Pain+1","Corruption+1","Searing Blow+1"],"picked":"SKIP","floor":24},{"not_picked":["Dropkick","Spot Weakness","Combust"],"picked":"SKIP","floor":28},{"not_picked":["Shrug It Off+1","Thunderclap"],"picked":"Inflame+1","floor":31},{"not_picked":["Flex","Rupture"],"picked":"Sword Boomerang","floor":35},{"not_picked":["Hemokinesis+1","Wild Strike+1","Carnage"],"picked":"SKIP","floor":36},{"not_picked":["Sword Boomerang","Armaments"],"picked":"Inflame","floor":37},{"not_picked":["Wild Strike+1","Second Wind+1"],"picked":"Thunderclap+1","floor":41},{"not_picked":["Dropkick+1","Iron Wave","Spot Weakness"],"picked":"SKIP","floor":44},{"not_picked":["Swift Strike","Good Instincts"],"picked":"Deep Breath","floor":46},{"not_picked":["Armaments","Hemokinesis","Power Through"],"picked":"SKIP","floor":48}],"player_experience":498795,"relics_obtained":[{"floor":6,"key":"Potion Belt"},{"floor":9,"key":"War Paint"},{"floor":26,"key":"Boot"},{"floor":34,"key":"Bag of Marbles"},{"floor":34,"key":"Self Forming Clay"},{"floor":34,"key":"Girya"},{"floor":43,"key":"Juzu Bracelet"}],"event_choices":[{"event_name":"Big Fish","player_choice":"Box","floor":2,"damage_taken":0},{"event_name":"Back to Basics","player_choice":"Simplicity","floor":22,"damage_taken":0},{"event_name":"Beggar","player_choice":"Ignored","floor":25,"damage_taken":0},{"event_name":"Falling","player_choice":"Removed Attack","floor":39,"damage_taken":0},{"event_name":"Winding Halls","player_choice":"Embrace Madness","floor":45,"damage_taken":0},{"event_name":"SensoryStone","player_choice":"Memory 1","floor":46,"damage_taken":0},{"event_name":"Mysterious Sphere","player_choice":"Ignore","floor":47,"damage_taken":0}],"boss_relics":[{"not_picked":["Sozu","Coffee Dripper"],"picked":"Cursed Key"},{"not_picked":["Eternal Feather","Runic Dome"],"picked":"Calling Bell"}],"items_purged_floors":[3,38],"is_endless":false,"potions_floor_spawned":[4,7,10,16,21,31,35,37,48],"killed_by":"Awakened One","ascension_level":0}