{"gold_per_floor":[18,18,31,50,104,142,67,80,104,139,164,237,251,251],"floor_reached":14,"playtime":364,"items_purged":["Strike_B"],"score":200,"play_id":"a8784506-9a44-4917-a452-0d25e3b2b760","local_time":"20190528195803","is_ascension_mode":true,"campfire_choices":[],"neow_cost":"NO_GOLD","seed_source_timestamp":952350553563093,"circlet_count":0,"master_deck":["AscendersBane","Strike_B","Defend_B","Defend_B","Defend_B","Defend_B+1","Zap","Dualcast+1","Streamline","Consume","FTL","Defragment","Rebound","Cold Snap","Compile Driver","White Noise","Ball Lightning"],"special_seed":0,"relics":["Cracked Core","Golden Idol","Potion Belt","War Paint","DataDisk","Bottled Tornado"],"potions_floor_usage":[6,6,10],"damage_taken":[{"damage":1.0,"enemies":"Cultist","floor":1.0,"turns":3.0},{"damage":0.0,"enemies":"2 Louse","floor":3.0,"turns":2.0},{"damage":2.0,"enemies":"Jaw Worm","floor":4.0,"turns":3.0},{"damage":11,"enemies":"Gremlin Nob","floor":6,"turns":3},{"damage":9,"enemies":"Blue Slaver","floor":8,"turns":3},{"damage":23,"enemies":"Lagavulin","floor":10,"turns":5},{"damage":0,"enemies":"Looter","floor":13,"turns":2},{"damage":28,"enemies":"Gremlin Nob","floor":14,"turns":3}],"seed_played":"9082657358476042572","potions_obtained":[{"floor":3.0,"key":"SkillPotion"},{"floor":4.0,"key":"Poison Potion"},{"floor":6,"key":"Block Potion"}],"is_trial":false,"path_per_floor":["M","?","M","M","?","E","$","M","T","E","T","T","M","E"],"character_chosen":"DEFECT","items_purchased":[],"campfire_rested":0,"item_purchase_floors":[],"current_hp_per_floor":[63,63,63,61,61,50,50,41,41,18,18,18,18,0],"gold":251,"neow_bonus":"TRANSFORM_TWO_CARDS","is_prod":false,"is_daily":false,"chose_seed":false,"campfire_upgraded":0,"win_rate":0,"timestamp":1559066283,"path_taken":["M","?","M","M","?","E","?","M","T","E","?","?","M","E"],"build_version":"2019-01-23","purchased_purges":1,"victory":false,"max_hp_per_floor":[71,64,64,64,64,64,64,64,64,64,64,64,64,64],"card_choices":[{"not_picked":["Barrage","Turbo"],"picked":"FTL","floor":1.0},{"not_picked":["Chaos","Streamline"],"picked":"Defragment","floor":3.0},{"not_picked":["Redo","Compile Driver"],"picked":"Rebound","floor":4.0},{"not_picked":["Melter","Turbo"],"picked":"Cold Snap","floor":6},{"not_picked":["White Noise","Rebound"],"picked":"Compile Driver","floor":8},{"not_picked":["Streamline","Aggregate"],"picked":"White Noise","floor":10},{"not_picked":["Sunder","Undo"],"picked":"Ball Lightning","floor":13}],"player_experience":807026,"relics_obtained":[{"floor":6,"key":"Potion Belt"},{"floor":10,"key":"War Paint"},{"floor":11,"key":"DataDisk"},{"floor":12,"key":"Bottled Tornado"}],"event_choices":[{"damage_healed":0.0,"max_hp_gain":0.0,"max_hp_loss":7.0,"gold_gain":0.0,"event_name":"Golden Idol","player_choice":"Lose Max HP","floor":2.0,"gold_loss":0.0,"damage_taken":0.0,"relics_obtained":["Golden Idol"]},{"damage_healed":0.0,"max_hp_gain":0.0,"max_hp_loss":0.0,"gold_gain":54.0,"event_name":"Golden Wing","player_choice":"Gained Gold","floor":5.0,"gold_loss":0.0,"damage_taken":0.0}],"is_beta":false,"boss_relics":[],"items_purged_floors":[7],"is_endless":false,"potions_floor_spawned":[3,4,6],"killed_by":"Gremlin Nob","ascension_level":20}