{"gold_per_floor":[118,118,118,130,130,130,156,156,156,191,3,3,3,23,23,101,101,119,129,142,158,0,0,0,0,30,30,44,44,44,60,60,60],"floor_reached":33,"playtime":1188,"items_purged":["Strike_B"],"score":514,"play_id":"8c087771-4bb8-4d66-a136-99d7aa03cb79","local_time":"20190808180444","is_ascension_mode":true,"campfire_choices":[{"data":"Go for the Eyes","floor":6,"key":"SMITH"},{"data":"Beam Cell","floor":8,"key":"SMITH"},{"floor":15,"key":"REST"},{"floor":23,"key":"REST"},{"data":"Meteor Strike","floor":25,"key":"SMITH"},{"data":"Loop","floor":27,"key":"SMITH"},{"floor":29,"key":"REST"},{"floor":32,"key":"REST"}],"neow_cost":"NONE","seed_source_timestamp":521856563407900,"circlet_count":0,"master_deck":["AscendersBane","Strike_B+1","Strike_B+1","Defend_B+1","Defend_B+1","Defend_B+1","Zap+1","Dualcast","Go for the Eyes+1","Beam Cell+1","Cold Snap","Static Discharge+1","Coolheaded","Leap","Meteor Strike+1","Loop+1","Force Field","Leap","Rebound","Storm","Double Energy","Coolheaded","Genetic Algorithm"],"relics":["Cracked Core","NeowsBlessing","Letter Opener","Mercury Hourglass","Ornamental Fan","Gremlin Horn","Lizard Tail","Tiny Chest"],"potions_floor_usage":[16,18,18,20,33],"damage_taken":[{"damage":0,"enemies":"Cultist","floor":1,"turns":1},{"damage":0,"enemies":"2 Louse","floor":4,"turns":1},{"damage":0,"enemies":"Lagavulin","floor":7,"turns":1},{"damage":12,"enemies":"Gremlin Nob","floor":10,"turns":3},{"damage":4,"enemies":"Small Slimes","floor":14,"turns":1},{"damage":2,"enemies":"The Guardian","floor":16,"turns":11},{"damage":0,"enemies":"2 Thieves","floor":18,"turns":4},{"damage":19,"enemies":"3 Byrds","floor":19,"turns":4},{"damage":19,"enemies":"Snake Plant","floor":20,"turns":3},{"damage":16,"enemies":"Snecko","floor":21,"turns":5},{"damage":26,"enemies":"Shelled Parasite and Fungi","floor":28,"turns":3},{"damage":21,"enemies":"Centurion and Healer","floor":31,"turns":9},{"damage":104,"enemies":"Automaton","floor":33,"turns":10}],"seed_played":"-8949465056440259956","potions_obtained":[{"floor":1,"key":"Fire Potion"},{"floor":16,"key":"Block Potion"},{"floor":18,"key":"Regen Potion"},{"floor":28,"key":"FocusPotion"}],"is_trial":false,"path_per_floor":["M","T","?","M","?","R","E","R","T","E","$","?","$","M","R","B",null,"M","M","M","M","?","R","?","R","T","R","M","R","?","M","R","B"],"character_chosen":"DEFECT","items_purchased":["Coolheaded","Dexterity Potion"],"campfire_rested":4,"item_purchase_floors":[11,11],"current_hp_per_floor":[64,64,69,69,69,69,69,69,69,57,57,34,34,30,52,50,70,70,51,44,28,28,50,50,50,50,50,24,46,46,25,47,0],"gold":60,"neow_bonus":"THREE_ENEMY_KILL","is_prod":false,"is_daily":false,"chose_seed":false,"campfire_upgraded":4,"win_rate":0,"timestamp":1565280284,"path_taken":["M","?","?","M","?","R","E","R","T","E","$","?","$","M","R","BOSS","M","M","M","M","?","R","?","R","T","R","M","R","?","M","R","BOSS"],"build_version":"2019-07-17","purchased_purges":1,"victory":false,"max_hp_per_floor":[71,71,76,76,76,76,76,76,76,76,76,76,76,76,76,76,76,76,76,76,76,76,76,76,76,76,76,76,76,76,76,76,76],"card_choices":[{"not_picked":["Tempest","Sweeping Beam"],"picked":"Go for the Eyes","floor":1},{"not_picked":["Recycle","Force Field"],"picked":"Beam Cell","floor":4},{"not_picked":["Coolheaded","BootSequence"],"picked":"Cold Snap","floor":7},{"not_picked":["Undo","Go for the Eyes"],"picked":"Static Discharge","floor":10},{"not_picked":["Streamline","Compile Driver"],"picked":"Leap","floor":14},{"not_picked":["Multi-Cast","Hyperbeam"],"picked":"Meteor Strike","floor":16},{"not_picked":["Doom and Gloom","Hologram"],"picked":"Loop","floor":18},{"not_picked":["Cold Snap","Turbo"],"picked":"Force Field","floor":19},{"not_picked":["Steam","Reprogram"],"picked":"Leap","floor":20},{"not_picked":["Rip and Tear","Beam Cell"],"picked":"Rebound","floor":21},{"not_picked":["All For One","Gash"],"picked":"Storm","floor":28},{"not_picked":["Streamline","Redo"],"picked":"Genetic Algorithm","floor":31}],"player_experience":1826100,"relics_obtained":[{"floor":2,"key":"Letter Opener"},{"floor":7,"key":"Mercury Hourglass"},{"floor":9,"key":"Ornamental Fan"},{"floor":10,"key":"Gremlin Horn"},{"floor":26,"key":"Tiny Chest"}],"event_choices":[{"damage_healed":0,"gold_gain":0,"player_choice":"Donut","damage_taken":0,"max_hp_gain":5,"max_hp_loss":0,"event_name":"Big Fish","floor":3,"gold_loss":0},{"damage_healed":0,"gold_gain":0,"player_choice":"Grow","damage_taken":0,"max_hp_gain":0,"max_hp_loss":0,"event_name":"Living Wall","floor":5,"gold_loss":0,"cards_upgraded":["Zap"]},{"damage_healed":0,"gold_gain":0,"player_choice":"Entered Light","damage_taken":23,"max_hp_gain":0,"max_hp_loss":0,"event_name":"Shining Light","floor":12,"gold_loss":0,"cards_upgraded":["Strike_B","Static Discharge"]},{"damage_healed":0,"gold_gain":0,"player_choice":"Paid Fearfully","damage_taken":0,"max_hp_gain":0,"max_hp_loss":0,"event_name":"Masked Bandits","floor":22,"gold_loss":158},{"damage_healed":0,"gold_gain":0,"player_choice":"Simplicity","damage_taken":0,"max_hp_gain":0,"max_hp_loss":0,"event_name":"Back to Basics","floor":24,"gold_loss":0,"cards_upgraded":["Strike_B","Strike_B","Defend_B","Defend_B","Defend_B","Defend_B"]},{"damage_healed":0,"gold_gain":0,"cards_transformed":["Strike_B","Defend_B"],"player_choice":"Became Test Subject","damage_taken":0,"max_hp_gain":0,"max_hp_loss":0,"event_name":"Drug Dealer","floor":30,"gold_loss":0,"cards_obtained":["Double Energy","Coolheaded"]}],"is_beta":false,"boss_relics":[{"not_picked":["Calling Bell","White Beast Statue"],"picked":"Lizard Tail"}],"items_purged_floors":[11],"is_endless":false,"potions_floor_spawned":[1,16,18,28],"killed_by":"Automaton","ascension_level":17}