{"gold_per_floor":[117,136,136,136,154,154,179,190,213,213,228,263,273,306,306,382,382,399,416,416,416],"floor_reached":21,"playtime":1645,"items_purged":[],"score":418,"play_id":"1f56e468-fc4d-458e-97f1-450adb72e53a","local_time":"20190718001337","is_ascension_mode":true,"campfire_choices":[{"data":"Bash","floor":6.0,"key":"SMITH"},{"data":"Shockwave","floor":10,"key":"SMITH"},{"data":"Armaments","floor":15,"key":"SMITH"}],"neow_cost":"NONE","seed_source_timestamp":0,"circlet_count":0,"master_deck":["AscendersBane","Strike_R","Strike_R+1","Strike_R+1","Strike_R+1","Defend_R+1","Defend_R","Defend_R","Defend_R+1","Bash+1","Flex","Metallicize","Shockwave+1","Shrug It Off+1","Infernal Blade","True Grit","Armaments+1","Seeing Red","Juggernaut","Infernal Blade","Anger"],"special_seed":0,"relics":["Burning Blood","NeowsBlessing","Whetstone","Pen Nib","War Paint","Self Forming Clay","Mark of Pain","Molten Egg 2"],"potions_floor_usage":[8,12,14,18,21],"damage_taken":[{"damage":0.0,"enemies":"Cultist","floor":1.0,"turns":1.0},{"damage":0.0,"enemies":"Small Slimes","floor":2.0,"turns":1.0},{"damage":0.0,"enemies":"2 Louse","floor":5.0,"turns":1.0},{"damage":26.0,"enemies":"Gremlin Nob","floor":7.0,"turns":4.0},{"damage":8,"enemies":"Looter","floor":8,"turns":4},{"damage":10,"enemies":"Exordium Thugs","floor":11,"turns":7},{"damage":19,"enemies":"Lagavulin","floor":12,"turns":5},{"damage":4,"enemies":"2 Fungi Beasts","floor":13,"turns":2},{"damage":0,"enemies":"3 Sentries","floor":14,"turns":7},{"damage":19,"enemies":"The Guardian","floor":16,"turns":16},{"damage":21,"enemies":"3 Byrds","floor":18,"turns":6},{"damage":23,"enemies":"2 Thieves","floor":19,"turns":4},{"damage":40,"enemies":"Cultist and Chosen","floor":21,"turns":5}],"seed_played":"438537739956416669","potions_obtained":[{"floor":5.0,"key":"LiquidBronze"},{"floor":7.0,"key":"BloodPotion"},{"floor":12,"key":"AttackPotion"},{"floor":16,"key":"Dexterity Potion"},{"floor":19,"key":"GamblersBrew"}],"is_trial":false,"path_per_floor":["M","M","?","?","M","R","E","M","T","R","M","E","M","E","R","B",null,"M","M","T","M"],"character_chosen":"IRONCLAD","items_purchased":[],"campfire_rested":0,"item_purchase_floors":[],"current_hp_per_floor":[74,75,52,52,58,58,38,54,54,54,50,37,39,45,45,32,64,49,32,32,0],"gold":416,"neow_bonus":"THREE_ENEMY_KILL","is_prod":false,"is_daily":false,"chose_seed":false,"campfire_upgraded":3,"win_rate":0,"timestamp":1563401617,"path_taken":["M","?","?","?","M","R","E","?","T","R","M","E","M","E","R","BOSS","M","M","?","M"],"build_version":"2019-07-05","purchased_purges":0,"victory":false,"max_hp_per_floor":[75,75,75,75,75,75,75,75,75,75,75,75,75,75,75,75,75,75,75,75,75],"card_choices":[{"not_picked":["Thunderclap","True Grit"],"picked":"Flex","floor":1.0},{"not_picked":["Warcry","Clash","Sword Boomerang"],"picked":"SKIP","floor":2.0},{"not_picked":["Havoc","Carnage"],"picked":"Metallicize","floor":5.0},{"not_picked":["Immolate","Corruption"],"picked":"Shockwave","floor":7.0},{"not_picked":["Thunderclap","Cleave"],"picked":"Shrug It Off","floor":8},{"not_picked":["Havoc","Pummel"],"picked":"Infernal Blade","floor":11},{"not_picked":["Dual Wield","Perfected Strike"],"picked":"True Grit","floor":12},{"not_picked":["Pommel Strike","Berserk"],"picked":"Armaments","floor":13},{"not_picked":["Sword Boomerang","Inflame"],"picked":"Seeing Red","floor":14},{"not_picked":["Barricade","Feed"],"picked":"Juggernaut","floor":16},{"not_picked":["Clothesline","Entrench"],"picked":"Infernal Blade","floor":18},{"not_picked":["Warcry","Entrench"],"picked":"Anger","floor":19}],"player_experience":1665930,"relics_obtained":[{"floor":7.0,"key":"Whetstone"},{"floor":9,"key":"Pen Nib"},{"floor":12,"key":"War Paint"},{"floor":14,"key":"Self Forming Clay"},{"floor":20,"key":"Molten Egg 2"}],"event_choices":[{"damage_healed":0.0,"max_hp_gain":0.0,"max_hp_loss":0.0,"gold_gain":0.0,"event_name":"Shining Light","player_choice":"Entered Light","floor":3.0,"gold_loss":0.0,"damage_taken":23.0,"cards_upgraded":["Defend_R","Strike_R"]},{"cards_removed":["Strike_R"],"damage_healed":0.0,"max_hp_gain":0.0,"max_hp_loss":0.0,"gold_gain":0.0,"event_name":"Bonfire Elementals","player_choice":"Offered Basic","floor":4.0,"gold_loss":0.0,"damage_taken":0.0}],"is_beta":false,"boss_relics":[{"not_picked":["Coffee Dripper","Sozu"],"picked":"Mark of Pain"}],"items_purged_floors":[],"is_endless":false,"potions_floor_spawned":[5,7,12,16,19],"killed_by":"Cultist and Chosen","ascension_level":17}