{"gold_per_floor":[118,118,136,136,136,170,184,184,239,268,268,268,291,366,366,456,456,456,78,78,78,78,78,78,78],"floor_reached":25,"playtime":2138,"items_purged":["Injury"],"score":500,"play_id":"ffc2736c-7ec9-4af5-a787-b7a69402b20b","local_time":"20190731183808","is_ascension_mode":true,"campfire_choices":[{"data":"Neutralize","floor":8,"key":"SMITH"},{"data":"Crippling Poison","floor":12,"key":"SMITH"},{"floor":15,"key":"REST"},{"floor":24,"key":"REST"}],"neow_cost":"NONE","seed_source_timestamp":180344332311400,"circlet_count":0,"master_deck":["AscendersBane","Defend_G","Defend_G","Defend_G","Survivor","Neutralize+1","Deadly Poison","Flying Knee","Crippling Poison+1","Endless Agony","Escape Plan","Caltrops","Noxious Fumes","Bullet Time","Deadly Poison","Noxious Fumes","Catalyst","Acrobatics","Bite","Bite","Bite","Bite","Bite","Expertise","Phantasmal Killer","Endless Agony","Backstab"],"relics":["Ring of the Snake","NeowsBlessing","Oddly Smooth Stone","Whetstone","Boot","Golden Idol","Ectoplasm","Dream Catcher"],"potions_floor_usage":[10,13,23,25],"damage_taken":[{"damage":0,"enemies":"2 Louse","floor":1,"turns":1},{"damage":0,"enemies":"Small Slimes","floor":3,"turns":1},{"damage":0,"enemies":"Gremlin Nob","floor":6,"turns":1},{"damage":4,"enemies":"Cultist","floor":7,"turns":4},{"damage":18,"enemies":"Lagavulin","floor":10,"turns":9},{"damage":1,"enemies":"Red Slaver","floor":13,"turns":3},{"damage":48,"enemies":"The Guardian","floor":16,"turns":10},{"damage":12,"enemies":"Chosen","floor":18,"turns":5},{"damage":38,"enemies":"Gremlin Leader","floor":23,"turns":4},{"damage":29,"enemies":"Slavers","floor":25,"turns":2}],"seed_played":"8502687683434427623","potions_obtained":[{"floor":7,"key":"Swift Potion"},{"floor":10,"key":"Ancient Potion"},{"floor":16,"key":"Weak Potion"},{"floor":23,"key":"LiquidBronze"}],"is_trial":false,"path_per_floor":["M","?","M","$","?","E","M","R","T","E","?","R","M","?","R","B",null,"M","$","?","?","?","E","R","E"],"character_chosen":"THE_SILENT","items_purchased":["Noxious Fumes","Catalyst","GhostInAJar","Acrobatics"],"campfire_rested":2,"item_purchase_floors":[19,19,19,19],"current_hp_per_floor":[59,59,59,59,64,64,60,60,60,42,42,42,41,30,51,3,54,42,42,42,42,42,11,25,0],"gold":78,"neow_bonus":"THREE_ENEMY_KILL","is_prod":false,"is_daily":false,"chose_seed":false,"campfire_upgraded":2,"win_rate":0,"timestamp":1564591088,"path_taken":["M","?","M","$","?","E","M","R","T","E","?","R","M","?","R","BOSS","M","$","?","?","?","E","R","E"],"build_version":"2019-07-17","purchased_purges":1,"victory":false,"max_hp_per_floor":[66,66,66,66,71,71,71,71,71,71,71,71,71,71,71,71,71,71,71,49,49,49,49,49,49],"card_choices":[{"not_picked":["Slice","Acrobatics"],"picked":"Deadly Poison","floor":1},{"not_picked":["Bane","Slice"],"picked":"Crippling Poison","floor":3},{"not_picked":["Choke","Concentrate"],"picked":"Endless Agony","floor":6},{"not_picked":["Outmaneuver","Dagger Throw"],"picked":"Escape Plan","floor":7},{"not_picked":["Deflect","Expertise"],"picked":"Caltrops","floor":10},{"not_picked":["Acrobatics","Heel Hook"],"picked":"Noxious Fumes","floor":13},{"not_picked":["Wraith Form v2","Night Terror"],"picked":"Bullet Time","floor":16},{"not_picked":["Choke","Distraction"],"picked":"Deadly Poison","floor":18},{"not_picked":["Distraction","Prepared"],"picked":"Endless Agony","floor":23},{"not_picked":["Flying Knee","Concentrate"],"picked":"Backstab","floor":24}],"player_experience":1774324,"relics_obtained":[{"floor":6,"key":"Oddly Smooth Stone"},{"floor":9,"key":"Whetstone"},{"floor":10,"key":"Boot"},{"floor":23,"key":"Dream Catcher"}],"event_choices":[{"damage_healed":0,"gold_gain":0,"cards_transformed":["Strike_G"],"player_choice":"Change","damage_taken":0,"max_hp_gain":0,"max_hp_loss":0,"event_name":"Living Wall","floor":2,"gold_loss":0,"cards_obtained":["Flying Knee"]},{"damage_healed":0,"gold_gain":0,"player_choice":"Donut","damage_taken":0,"max_hp_gain":5,"max_hp_loss":0,"event_name":"Big Fish","floor":5,"gold_loss":0},{"damage_healed":0,"gold_gain":0,"player_choice":"Take Wound","damage_taken":0,"relics_obtained":["Golden Idol"],"max_hp_gain":0,"max_hp_loss":0,"event_name":"Golden Idol","floor":11,"gold_loss":0,"cards_obtained":["Injury"]},{"damage_healed":0,"gold_gain":75,"player_choice":"Gather Gold","damage_taken":11,"max_hp_gain":0,"max_hp_loss":0,"event_name":"World of Goop","floor":14,"gold_loss":0},{"damage_healed":0,"gold_gain":0,"player_choice":"Became a vampire","damage_taken":0,"max_hp_gain":0,"max_hp_loss":22,"event_name":"Vampires","floor":20,"gold_loss":0,"cards_obtained":["Bite","Bite","Bite","Bite","Bite"]},{"damage_healed":0,"gold_gain":0,"cards_transformed":["Defend_G","Defend_G"],"player_choice":"Became Test Subject","damage_taken":0,"max_hp_gain":0,"max_hp_loss":0,"event_name":"Drug Dealer","floor":21,"gold_loss":0,"cards_obtained":["Expertise","Phantasmal Killer"]},{"damage_healed":0,"gold_gain":0,"player_choice":"Ignored","damage_taken":0,"max_hp_gain":0,"max_hp_loss":0,"event_name":"Golden Shrine","floor":22,"gold_loss":0}],"is_beta":false,"boss_relics":[{"not_picked":["Cursed Key","Velvet Choker"],"picked":"Ectoplasm"}],"items_purged_floors":[19],"is_endless":false,"potions_floor_spawned":[7,10,16,23],"killed_by":"Slavers","ascension_level":18}