{"gold_per_floor":[212,224,299,14,31,58,70,47,140,179,201,289,301,313,325,337],"floor_reached":16,"playtime":587,"items_purged":["Strike_B"],"score":216,"play_id":"706924ac-c319-4a3f-8b9f-e747c834c621","local_time":"20190716212955","is_ascension_mode":true,"campfire_choices":[{"data":"Sunder","floor":7,"key":"SMITH"},{"floor":13,"key":"REST"},{"floor":15,"key":"REST"}],"neow_cost":"NONE","seed_source_timestamp":518220527954725,"circlet_count":0,"master_deck":["AscendersBane","Strike_B","Strike_B","Strike_B","Defend_B","Defend_B","Defend_B","Defend_B","Zap","Dualcast","Compile Driver","Ball Lightning","Hyperbeam","Sunder+1","Turbo"],"relics":["Cracked Core","OrangePellets","MawBank","Singing Bowl","Juzu Bracelet","Golden Idol"],"potions_floor_usage":[16,16],"damage_taken":[{"damage":1,"enemies":"Small Slimes","floor":1,"turns":4},{"damage":0,"enemies":"2 Louse","floor":2,"turns":3},{"damage":4,"enemies":"Jaw Worm","floor":5,"turns":3},{"damage":20,"enemies":"3 Sentries","floor":6,"turns":5},{"damage":30,"enemies":"Lagavulin","floor":10,"turns":6},{"damage":11,"enemies":"Looter","floor":11,"turns":2},{"damage":48,"enemies":"The Guardian","floor":16,"turns":10}],"seed_played":"4162526358668518630","potions_obtained":[{"floor":10,"key":"Weak Potion"},{"floor":11,"key":"SteroidPotion"}],"is_trial":false,"path_per_floor":["M","M","?","$","M","E","R","?","T","E","M","?","R","?","R","B"],"character_chosen":"DEFECT","items_purchased":["OrangePellets"],"campfire_rested":2,"item_purchase_floors":[4],"current_hp_per_floor":[63,63,52,52,48,28,28,45,45,17,6,6,27,27,46,0],"gold":337,"neow_bonus":"HUNDRED_GOLD","is_prod":false,"is_daily":false,"chose_seed":false,"campfire_upgraded":1,"win_rate":0,"timestamp":1563308995,"path_taken":["M","M","?","$","M","E","R","?","T","E","M","?","R","?","R","BOSS"],"build_version":"2019-07-05","purchased_purges":1,"victory":false,"max_hp_per_floor":[71,71,71,71,71,71,71,71,71,73,73,73,73,66,66,66],"card_choices":[{"not_picked":["Rebound","Turbo"],"picked":"Compile Driver","floor":1},{"not_picked":["Coolheaded","Steam Power"],"picked":"Ball Lightning","floor":2},{"not_picked":["Stack","Cold Snap"],"picked":"Hyperbeam","floor":5},{"not_picked":["Rebound","Compile Driver"],"picked":"Sunder","floor":6},{"not_picked":["Lockon","Gash","Steam"],"picked":"Singing Bowl","floor":10},{"not_picked":["Barrage","Compile Driver"],"picked":"Turbo","floor":11}],"player_experience":1176941,"relics_obtained":[{"floor":6,"key":"MawBank"},{"floor":9,"key":"Singing Bowl"},{"floor":10,"key":"Juzu Bracelet"}],"event_choices":[{"damage_healed":0,"gold_gain":75,"player_choice":"Gather Gold","damage_taken":11,"max_hp_gain":0,"max_hp_loss":0,"event_name":"World of Goop","floor":3,"gold_loss":0},{"damage_healed":17,"gold_gain":0,"player_choice":"Healed","damage_taken":0,"max_hp_gain":0,"max_hp_loss":0,"event_name":"The Cleric","floor":8,"gold_loss":35},{"damage_healed":0,"gold_gain":76,"player_choice":"Gained Gold","damage_taken":0,"max_hp_gain":0,"max_hp_loss":0,"event_name":"Golden Wing","floor":12,"gold_loss":0},{"damage_healed":0,"gold_gain":0,"player_choice":"Lose Max HP","damage_taken":0,"relics_obtained":["Golden Idol"],"max_hp_gain":0,"max_hp_loss":7,"event_name":"Golden Idol","floor":14,"gold_loss":0}],"is_beta":false,"boss_relics":[],"items_purged_floors":[4],"is_endless":false,"potions_floor_spawned":[10,11],"killed_by":"The Guardian","ascension_level":20}