{"gold_per_floor":[113,113,129,145,295,295,322,322,322,341,371],"floor_reached":11,"playtime":503,"items_purged":[],"score":139,"play_id":"df606dc6-ce07-4439-b6f7-34aa028e775b","local_time":"20190814000850","is_ascension_mode":true,"campfire_choices":[{"data":"Zap","floor":6,"key":"SMITH"},{"data":"Electrodynamics","floor":8,"key":"SMITH"}],"neow_cost":"NONE","seed_source_timestamp":976397031803200,"circlet_count":0,"master_deck":["AscendersBane","Strike_B","Strike_B","Strike_B","Defend_B","Defend_B","Defend_B","Defend_B","Zap+1","Dualcast","Compile Driver","Steam","Hologram","Sweeping Beam","Doubt","Electrodynamics+1","BootSequence"],"relics":["Cracked Core","Sundial","Ancient Tea Set"],"potions_floor_usage":[7,11],"damage_taken":[{"damage":0,"enemies":"2 Louse","floor":1,"turns":3},{"damage":4,"enemies":"Small Slimes","floor":3,"turns":2},{"damage":2,"enemies":"Cultist","floor":4,"turns":4},{"damage":49,"enemies":"Lagavulin","floor":7,"turns":8},{"damage":3,"enemies":"Blue Slaver","floor":10,"turns":3},{"damage":44,"enemies":"Lagavulin Event","floor":11,"turns":5}],"seed_played":"-8501021817752199287","potions_obtained":[{"floor":1,"key":"Regen Potion"},{"floor":10,"key":"Regen Potion"}],"is_trial":false,"path_per_floor":["M","?","M","M","?","R","E","R","T","M","?"],"character_chosen":"DEFECT","items_purchased":[],"campfire_rested":0,"item_purchase_floors":[],"current_hp_per_floor":[64,69,65,63,63,63,29,29,29,26,0],"gold":371,"neow_bonus":"TRANSFORM_CARD","is_prod":false,"is_daily":false,"chose_seed":false,"campfire_upgraded":2,"win_rate":0,"timestamp":1565734130,"path_taken":["M","?","M","M","?","R","E","R","T","M","?"],"build_version":"2019-07-17","purchased_purges":0,"victory":false,"max_hp_per_floor":[71,76,76,76,76,76,76,76,76,76,76],"card_choices":[{"not_picked":["Double Energy","Chill"],"picked":"Steam","floor":1},{"not_picked":["Force Field","Barrage"],"picked":"Hologram","floor":3},{"not_picked":["Compile Driver","Barrage"],"picked":"Sweeping Beam","floor":4},{"not_picked":["Hologram","Loop"],"picked":"Electrodynamics","floor":7},{"not_picked":["Beam Cell","Tempest"],"picked":"BootSequence","floor":10}],"player_experience":1877777,"relics_obtained":[{"floor":7,"key":"Sundial"},{"floor":9,"key":"Ancient Tea Set"}],"event_choices":[{"damage_healed":0,"gold_gain":0,"player_choice":"Donut","damage_taken":0,"max_hp_gain":5,"max_hp_loss":0,"event_name":"Big Fish","floor":2,"gold_loss":0},{"damage_healed":0,"gold_gain":150,"player_choice":"AGREE","damage_taken":0,"max_hp_gain":0,"max_hp_loss":0,"event_name":"Liars Game","floor":5,"gold_loss":0,"cards_obtained":["Doubt"]},{"damage_healed":0,"gold_gain":30,"player_choice":"Searched \u00272\u0027 times","damage_taken":0,"max_hp_gain":0,"max_hp_loss":0,"event_name":"Dead Adventurer","floor":11,"gold_loss":0}],"is_beta":false,"boss_relics":[],"items_purged_floors":[],"is_endless":false,"potions_floor_spawned":[1,10],"killed_by":"Lagavulin Event","ascension_level":18}