{"gold_per_floor":[114,114,124,124,4,4,29,29,29,60,60,60,78,90,90,164,164,181,181,181,192,192],"floor_reached":22,"playtime":585,"items_purged":["Strike_B"],"score":361,"play_id":"c411a17a-4268-4e8d-ad19-0eced2b4f2f1","local_time":"20190520034213","is_ascension_mode":true,"campfire_choices":[{"data":"Fission","floor":6,"key":"SMITH"},{"data":"Consume","floor":8,"key":"SMITH"},{"data":"Rainbow","floor":12,"key":"SMITH"},{"data":"Conserve Battery","floor":15,"key":"SMITH"}],"neow_cost":"NONE","seed_source_timestamp":534557046442799,"circlet_count":0,"master_deck":["AscendersBane","Defend_B+1","Defend_B","Defend_B","Defend_B","Zap","Dualcast","Fission+1","Gash","Zap","Consume+1","Chill","Gash","Ball Lightning","Rainbow+1","Conserve Battery+1","Redo","Biased Cognition+1","Hologram","Bite","Bite","Bite","Bite","Bite","Gash"],"relics":["Cracked Core","Pantograph","Frozen Egg 2","Shuriken","Inserter","Nilry\u0027s Codex"],"potions_floor_usage":[7,10,10,10,14],"damage_taken":[{"damage":4,"enemies":"Small Slimes","floor":1,"turns":4},{"damage":1,"enemies":"Cultist","floor":3,"turns":3},{"damage":13,"enemies":"3 Sentries","floor":7,"turns":7},{"damage":16,"enemies":"Gremlin Nob","floor":10,"turns":4},{"damage":5,"enemies":"2 Louse","floor":13,"turns":2},{"damage":7,"enemies":"Blue Slaver","floor":14,"turns":5},{"damage":19,"enemies":"Hexaghost","floor":16,"turns":9},{"damage":25,"enemies":"3 Byrds","floor":18,"turns":4},{"damage":6,"enemies":"Spheric Guardian","floor":21,"turns":3},{"damage":11,"enemies":"Centurion and Healer","floor":22,"turns":1}],"seed_played":"-793752164294264012","potions_obtained":[{"floor":1,"key":"AttackPotion"},{"floor":7,"key":"EntropicBrew"},{"floor":13,"key":"SneckoOil"},{"floor":18,"key":"Swift Potion"}],"is_trial":false,"path_per_floor":["M","?","M","?","$","R","E","R","T","E","?","R","M","M","R","B",null,"M","?","?","M","M"],"character_chosen":"DEFECT","items_purchased":["Gash"],"campfire_rested":0,"item_purchase_floors":[5],"current_hp_per_floor":[60,60,59,38,38,38,25,25,25,21,21,21,16,9,9,15,57,32,11,11,11,0],"gold":192,"neow_bonus":"ONE_RANDOM_RARE_CARD","is_prod":false,"is_daily":false,"chose_seed":false,"campfire_upgraded":4,"win_rate":0,"timestamp":1558316533,"path_taken":["M","?","?","?","$","R","E","R","T","E","?","R","M","?","R","BOSS","M","?","?","M","M"],"build_version":"2019-01-23","purchased_purges":1,"victory":false,"max_hp_per_floor":[71,71,71,71,71,71,71,71,71,71,71,71,71,71,71,71,71,71,71,49,49,49],"card_choices":[{"not_picked":["Undo","Compile Driver"],"picked":"Gash","floor":1},{"not_picked":["Skim","Go for the Eyes"],"picked":"Chill","floor":3},{"not_picked":["Force Field","Compile Driver"],"picked":"Ball Lightning","floor":7},{"not_picked":["Sweeping Beam","Double Energy"],"picked":"Rainbow","floor":10},{"not_picked":["Turbo","Redo"],"picked":"Conserve Battery","floor":13},{"not_picked":["Streamline","Barrage"],"picked":"Redo","floor":14},{"not_picked":["Amplify","Core Surge"],"picked":"Biased Cognition+1","floor":16},{"not_picked":["Stack","Steam Power"],"picked":"Hologram","floor":18},{"not_picked":["Streamline","Leap"],"picked":"Gash","floor":21}],"player_experience":1169193,"relics_obtained":[{"floor":7,"key":"Pantograph"},{"floor":9,"key":"Frozen Egg 2"},{"floor":10,"key":"Shuriken"},{"floor":19,"key":"Nilry\u0027s Codex"}],"event_choices":[{"damage_healed":0,"gold_gain":0,"player_choice":"2 cards matched","damage_taken":0,"max_hp_gain":0,"max_hp_loss":0,"event_name":"Match and Keep!","floor":2,"gold_loss":0,"cards_obtained":["Zap","Consume"]},{"damage_healed":0,"gold_gain":0,"player_choice":"Entered Light","damage_taken":21,"max_hp_gain":0,"max_hp_loss":0,"event_name":"Shining Light","floor":4,"gold_loss":0,"cards_upgraded":["Strike_B","Defend_B"]},{"cards_removed":["Strike_B"],"damage_healed":0,"gold_gain":0,"player_choice":"Offered Basic","damage_taken":0,"max_hp_gain":0,"max_hp_loss":0,"event_name":"Bonfire Elementals","floor":11,"gold_loss":0},{"damage_healed":0,"gold_gain":0,"player_choice":"Obtained Book","damage_taken":21,"max_hp_gain":0,"max_hp_loss":0,"event_name":"Cursed Tome","floor":19,"gold_loss":0},{"damage_healed":0,"gold_gain":0,"player_choice":"Became a vampire","damage_taken":0,"max_hp_gain":0,"max_hp_loss":22,"event_name":"Vampires","floor":20,"gold_loss":0,"cards_obtained":["Bite","Bite","Bite","Bite","Bite"]}],"is_beta":false,"boss_relics":[{"not_picked":["Runic Pyramid","Empty Cage"],"picked":"Inserter"}],"items_purged_floors":[5],"is_endless":false,"potions_floor_spawned":[1,7,13,18],"killed_by":"Centurion and Healer","ascension_level":15}