{"gold_per_floor":[119,269,283,358,358,358,391,391,415,254,287,287,305,333,333,406,406,356,356,369,369,369,369,8,27,27,27,41,41,41,55,55,55],"floor_reached":33,"playtime":1272,"items_purged":["Strike_G"],"score":558,"play_id":"8491caf7-8eba-4489-8b2e-61ff713e66cc","local_time":"20190831193253","is_ascension_mode":true,"campfire_choices":[{"data":"Neutralize","floor":6,"key":"SMITH"},{"data":"Bullet Time","floor":8,"key":"SMITH"},{"floor":12,"key":"REST"},{"floor":15,"key":"REST"},{"floor":23,"key":"REST"},{"data":"Skewer","floor":27,"key":"SMITH"},{"data":"Well Laid Plans","floor":29,"key":"SMITH"},{"data":"Panache","floor":32,"key":"SMITH"}],"neow_cost":"NONE","seed_source_timestamp":74278033679900,"circlet_count":0,"master_deck":["AscendersBane","Strike_G","Strike_G","Strike_G","Strike_G","Defend_G","Defend_G","Defend_G","Defend_G","Defend_G","Survivor","Neutralize+1","Well Laid Plans+1","Flying Knee","Bullet Time+1","Blur","Caltrops","Skewer+1","Footwork","Envenom","Poisoned Stab","RitualDagger","Dagger Spray","Panache+1","After Image","Dodge and Roll","Underhanded Strike+1","Riddle With Holes","Corpse Explosion"],"relics":["Ring of the Snake","NeowsBlessing","Vajra","Strawberry","Bronze Scales","Ninja Scroll","Eternal Feather","Tough Bandages","Tingsha"],"potions_floor_usage":[11,14,25,33,33],"damage_taken":[{"damage":0,"enemies":"Small Slimes","floor":1,"turns":1},{"damage":0,"enemies":"Jaw Worm","floor":3,"turns":1},{"damage":0,"enemies":"3 Sentries","floor":7,"turns":1},{"damage":44,"enemies":"Gremlin Nob","floor":11,"turns":5},{"damage":1,"enemies":"2 Louse","floor":13,"turns":3},{"damage":20,"enemies":"Lagavulin","floor":14,"turns":9},{"damage":15,"enemies":"The Guardian","floor":16,"turns":12},{"damage":21,"enemies":"2 Thieves","floor":18,"turns":5},{"damage":21,"enemies":"Chosen","floor":20,"turns":7},{"damage":10,"enemies":"Centurion and Healer","floor":25,"turns":14},{"damage":10,"enemies":"Snecko","floor":28,"turns":4},{"damage":27,"enemies":"Shelled Parasite and Fungi","floor":31,"turns":5},{"damage":76,"enemies":"Collector","floor":33,"turns":7}],"seed_played":"7350461131458081293","potions_obtained":[{"floor":1,"key":"Strength Potion"},{"floor":7,"key":"SpeedPotion"},{"floor":20,"key":"SkillPotion"},{"floor":25,"key":"Explosive Potion"},{"floor":31,"key":"PowerPotion"}],"is_trial":false,"path_per_floor":["M","?","M","?","?","R","E","R","T","$","E","R","M","E","R","B",null,"M","?","M","?","T","R","$","M","T","R","M","R","$","M","R","B"],"character_chosen":"THE_SILENT","items_purchased":["Blur","Panache","After Image","Dodge and Roll"],"campfire_rested":3,"item_purchase_floors":[10,24,24,24],"current_hp_per_floor":[59,59,59,48,48,48,48,48,55,55,11,32,31,11,32,17,59,38,32,11,26,26,59,59,49,49,64,54,69,69,42,57,0],"gold":55,"neow_bonus":"THREE_ENEMY_KILL","is_prod":false,"is_daily":false,"chose_seed":false,"campfire_upgraded":5,"win_rate":0,"timestamp":1567272773,"path_taken":["M","?","M","?","?","R","E","R","T","$","E","R","M","E","R","BOSS","M","?","M","?","?","R","$","M","T","R","M","R","$","M","R","BOSS"],"build_version":"2019-07-17","purchased_purges":1,"victory":false,"max_hp_per_floor":[66,66,66,66,66,66,66,66,73,73,73,73,73,73,73,73,73,73,73,73,73,73,73,73,73,73,73,73,73,73,73,73,73],"card_choices":[{"not_picked":["Poisoned Stab","Predator"],"picked":"Well Laid Plans","floor":1},{"not_picked":["PiercingWail","Bane"],"picked":"Flying Knee","floor":3},{"not_picked":["Footwork","Noxious Fumes"],"picked":"Bullet Time","floor":7},{"not_picked":["Prepared","Predator"],"picked":"Caltrops","floor":11},{"not_picked":["Slice","Choke"],"picked":"Skewer","floor":13},{"not_picked":["Accuracy","Bane"],"picked":"Footwork","floor":14},{"not_picked":["Burst","Die Die Die"],"picked":"Envenom","floor":16},{"not_picked":["Dagger Throw","Slice"],"picked":"Poisoned Stab","floor":18},{"not_picked":["Deadly Poison","Slice"],"picked":"Dagger Spray","floor":20},{"not_picked":["Setup","Tactician"],"picked":"Underhanded Strike+1","floor":25},{"not_picked":["Deadly Poison","Crippling Poison"],"picked":"Riddle With Holes","floor":28},{"not_picked":["Flying Knee","Calculated Gamble"],"picked":"Corpse Explosion","floor":31}],"player_experience":1980668,"relics_obtained":[{"floor":7,"key":"Vajra"},{"floor":9,"key":"Strawberry"},{"floor":11,"key":"Bronze Scales"},{"floor":14,"key":"Ninja Scroll"},{"floor":22,"key":"Tough Bandages"},{"floor":26,"key":"Tingsha"}],"event_choices":[{"damage_healed":0,"gold_gain":150,"player_choice":"AGREE","damage_taken":0,"max_hp_gain":0,"max_hp_loss":0,"event_name":"Liars Game","floor":2,"gold_loss":0,"cards_obtained":["Doubt"]},{"damage_healed":0,"gold_gain":75,"player_choice":"Gather Gold","damage_taken":11,"max_hp_gain":0,"max_hp_loss":0,"event_name":"World of Goop","floor":4,"gold_loss":0},{"cards_removed":["Doubt"],"damage_healed":0,"gold_gain":0,"player_choice":"Forget","damage_taken":0,"max_hp_gain":0,"max_hp_loss":0,"event_name":"Living Wall","floor":5,"gold_loss":0},{"damage_healed":0,"gold_gain":0,"player_choice":"Joined the Cult","damage_taken":6,"max_hp_gain":0,"max_hp_loss":0,"event_name":"Nest","floor":19,"gold_loss":0,"cards_obtained":["RitualDagger"]},{"damage_healed":15,"gold_gain":0,"player_choice":"Heal","damage_taken":0,"max_hp_gain":0,"max_hp_loss":0,"event_name":"The Library","floor":21,"gold_loss":0}],"is_beta":false,"boss_relics":[{"not_picked":["Lizard Tail","Black Star"],"picked":"Eternal Feather"}],"items_purged_floors":[10],"is_endless":false,"potions_floor_spawned":[1,7,20,25,31],"killed_by":"Collector","ascension_level":19}