{"gold_per_floor":[110,35,35,55,75,103,103,115,115,115],"floor_reached":10,"playtime":601,"items_purged":["Strike_B"],"score":105,"play_id":"5a6d07a0-503a-4c3a-8d9d-a58bea064ee9","local_time":"20190214034800","is_ascension_mode":true,"campfire_choices":[{"data":"Zap","floor":7,"key":"SMITH"}],"neow_cost":"PERCENT_DAMAGE","seed_source_timestamp":189610896460500,"circlet_count":0,"master_deck":["AscendersBane","Strike_B","Defend_B","Defend_B","Defend_B","Defend_B","Zap+1","Dualcast","Fusion","Coolheaded","Compile Driver","Hologram","FTL","Conserve Battery"],"relics":["Cracked Core","Pear","Kunai","Darkstone Periapt"],"potions_floor_usage":[8,10],"damage_taken":[{"damage":4,"enemies":"Jaw Worm","floor":1,"turns":4},{"damage":4,"enemies":"Cultist","floor":4,"turns":4},{"damage":2,"enemies":"2 Louse","floor":5,"turns":3},{"damage":32,"enemies":"3 Sentries","floor":6,"turns":10},{"damage":13,"enemies":"Gremlin Gang","floor":8,"turns":5},{"damage":16,"enemies":"Lagavulin","floor":10,"turns":6}],"seed_played":"-3501649497268255432","potions_obtained":[{"floor":6,"key":"Fire Potion"},{"floor":8,"key":"Fire Potion"}],"is_trial":false,"path_per_floor":["M","$","?","M","M","E","R","M","T","E"],"character_chosen":"DEFECT","items_purchased":[],"campfire_rested":0,"item_purchase_floors":[],"current_hp_per_floor":[46,46,56,52,50,18,18,5,5,0],"gold":115,"neow_bonus":"TRANSFORM_TWO_CARDS","is_prod":false,"is_daily":false,"chose_seed":false,"campfire_upgraded":1,"win_rate":0,"timestamp":1550112480,"path_taken":["M","$","?","M","?","E","R","M","T","E"],"build_version":"2019-01-23","purchased_purges":1,"victory":false,"max_hp_per_floor":[75,75,85,85,85,85,85,85,85,85],"card_choices":[{"not_picked":["Beam Cell","Sweeping Beam"],"picked":"Coolheaded","floor":1},{"not_picked":["Skim","Blizzard"],"picked":"Compile Driver","floor":4},{"not_picked":["Compile Driver","Rebound"],"picked":"Hologram","floor":5},{"not_picked":["Coolheaded","Compile Driver"],"picked":"FTL","floor":6},{"not_picked":["BootSequence","Sunder"],"picked":"Conserve Battery","floor":8}],"player_experience":759765,"relics_obtained":[{"floor":6,"key":"Kunai"},{"floor":9,"key":"Darkstone Periapt"}],"event_choices":[{"cards_removed":["Redo"],"damage_healed":0,"gold_gain":0,"player_choice":"Gave Card","damage_taken":0,"relics_obtained":["Pear"],"max_hp_gain":0,"max_hp_loss":0,"event_name":"WeMeetAgain","floor":3,"gold_loss":0}],"is_beta":false,"boss_relics":[],"items_purged_floors":[2],"is_endless":false,"potions_floor_spawned":[6,8],"killed_by":"Lagavulin","ascension_level":11}