{"gold_per_floor":[113,133,145,145,161,193,209,224,224,235,245,245,258,2,2,75,75,92,52],"floor_reached":19,"playtime":924,"items_purged":["Bloodletting"],"score":350,"play_id":"e60a2b22-1d03-4f86-b44b-6bc821600125","local_time":"20190224232405","is_ascension_mode":true,"campfire_choices":[{"floor":12,"key":"REST"},{"data":"Inflame","floor":15,"key":"SMITH"}],"neow_cost":"NONE","seed_source_timestamp":731919429292315,"circlet_count":0,"master_deck":["AscendersBane","Strike_R","Strike_R","Strike_R","Strike_R","Strike_R","Defend_R","Defend_R","Defend_R","Defend_R","Bash","Anger","Dropkick","Feel No Pain","Shrug It Off","Combust","Armaments","Battle Trance","True Grit","Armaments","Ghostly Armor","Clothesline","Shrug It Off","Inflame+1","Feed"],"special_seed":0,"relics":["Burning Blood","Vajra","Charon\u0027s Ashes","Calipers","Snecko Eye"],"potions_floor_usage":[8,10,11,16],"damage_taken":[{"damage":6.0,"enemies":"Cultist","floor":1.0,"turns":3.0},{"damage":2.0,"enemies":"Jaw Worm","floor":2.0,"turns":3.0},{"damage":0.0,"enemies":"2 Louse","floor":3.0,"turns":3.0},{"damage":16.0,"enemies":"Large Slime","floor":5.0,"turns":6.0},{"damage":43.0,"enemies":"Gremlin Nob","floor":6.0,"turns":5.0},{"damage":18.0,"enemies":"3 Louse","floor":7.0,"turns":4.0},{"damage":13,"enemies":"Gremlin Gang","floor":8,"turns":3},{"damage":0,"enemies":"Looter","floor":10,"turns":4},{"damage":0,"enemies":"2 Fungi Beasts","floor":11,"turns":4},{"damage":9,"enemies":"Exordium Wildlife","floor":13,"turns":2},{"damage":39,"enemies":"The Guardian","floor":16,"turns":14},{"damage":56,"enemies":"Spheric Guardian","floor":18,"turns":8},{"damage":12,"enemies":"2 Thieves","floor":19,"turns":1}],"seed_played":"5942868552685242835","potions_obtained":[{"floor":2.0,"key":"Ancient Potion"},{"floor":7.0,"key":"Fire Potion"},{"floor":8,"key":"SkillPotion"},{"floor":10,"key":"Block Potion"},{"floor":16,"key":"SpeedPotion"}],"is_trial":false,"path_per_floor":["M","M","M","?","M","E","M","M","T","M","M","R","M","$","R","B",null,"M","M"],"character_chosen":"IRONCLAD","items_purchased":["Shrug It Off","Inflame","Fire Potion"],"campfire_rested":1,"item_purchase_floors":[14,14,14],"current_hp_per_floor":[68,72,75,75,65,28,16,9,9,15,21,43,40,40,40,7,58,8,0],"gold":52,"neow_bonus":"RANDOM_COMMON_RELIC","is_prod":false,"is_daily":false,"chose_seed":false,"campfire_upgraded":1,"win_rate":0,"timestamp":1551047045,"path_taken":["M","M","?","?","M","E","M","M","T","M","M","R","M","$","R","BOSS","M","?"],"build_version":"2019-01-23","purchased_purges":1,"victory":false,"max_hp_per_floor":[75,75,75,75,75,75,75,75,75,75,75,75,75,75,75,75,75,75,75],"card_choices":[{"not_picked":["True Grit","Evolve"],"picked":"Anger","floor":1.0},{"not_picked":["Thunderclap","Havoc"],"picked":"Dropkick","floor":2.0},{"not_picked":["Headbutt","Heavy Blade"],"picked":"Feel No Pain","floor":3.0},{"not_picked":["Metallicize","Infernal Blade"],"picked":"Combust","floor":5.0},{"not_picked":["Fire Breathing","Havoc"],"picked":"Armaments","floor":6.0},{"not_picked":["Seeing Red","Headbutt"],"picked":"Battle Trance","floor":7.0},{"not_picked":["Armaments","Juggernaut"],"picked":"True Grit","floor":8},{"not_picked":["Burning Pact","Wild Strike"],"picked":"Armaments","floor":10},{"not_picked":["Rage","Hemokinesis"],"picked":"Ghostly Armor","floor":11},{"not_picked":["Blood for Blood","Anger"],"picked":"Clothesline","floor":13},{"not_picked":["Reaper","Berserk"],"picked":"Feed","floor":16},{"not_picked":["Fire Breathing","Headbutt+1","Rampage+1"],"picked":"SKIP","floor":18}],"player_experience":663462,"relics_obtained":[{"floor":6.0,"key":"Charon\u0027s Ashes"},{"floor":9,"key":"Calipers"}],"event_choices":[{"damage_healed":0.0,"max_hp_gain":0.0,"max_hp_loss":0.0,"gold_gain":0.0,"event_name":"Match and Keep!","player_choice":"2 cards matched","floor":4.0,"gold_loss":0.0,"damage_taken":0.0,"cards_obtained":["Bloodletting","Shrug It Off"]}],"is_beta":false,"boss_relics":[{"not_picked":["Astrolabe","Orrery"],"picked":"Snecko Eye"}],"items_purged_floors":[14],"is_endless":false,"potions_floor_spawned":[2,7,8,10,16],"killed_by":"2 Thieves","ascension_level":20}