{"gold_per_floor":[116,134,134,159,234,234,261,261,261,272,282,301,176,207,207,306,306,306,111,111,111,111,111,111,111],"floor_reached":25,"playtime":1778,"items_purged":["Strike_R"],"score":282,"play_id":"6f5c2ba4-d1c3-430b-a442-7ec54f2a27f3","local_time":"20190802174652","is_ascension_mode":true,"campfire_choices":[{"data":"Inflame","floor":6,"key":"SMITH"},{"floor":8,"key":"REST"},{"data":"Limit Break","floor":15,"key":"SMITH"}],"neow_cost":"NONE","seed_source_timestamp":2052248400584000,"circlet_count":0,"master_deck":["Strike_R","Strike_R","Strike_R","Strike_R","Defend_R","Defend_R+1","Defend_R+1","Defend_R","Bash","Inflame+1","Heavy Blade","Limit Break+1","Whirlwind","Spot Weakness","Shrug It Off","Reaper","Anger","Pommel Strike","Feel No Pain","Reaper","Heavy Blade+1"],"relics":["Burning Blood","War Paint","Question Card","Meat on the Bone","Paper Frog","Ectoplasm","Medical Kit","Sundial"],"potions_floor_usage":[14,16,16,21,21,23,23,25],"damage_taken":[{"damage":19,"enemies":"Jaw Worm","floor":1,"turns":4},{"damage":9,"enemies":"2 Louse","floor":2,"turns":4},{"damage":40,"enemies":"Lagavulin","floor":7,"turns":7},{"damage":10,"enemies":"Small Slimes","floor":10,"turns":4},{"damage":22,"enemies":"Looter","floor":11,"turns":3},{"damage":5,"enemies":"Gremlin Gang","floor":12,"turns":4},{"damage":8,"enemies":"Gremlin Nob","floor":14,"turns":3},{"damage":25,"enemies":"Slime Boss","floor":16,"turns":5},{"damage":22,"enemies":"Spheric Guardian","floor":18,"turns":4},{"damage":0,"enemies":"3 Byrds","floor":20,"turns":4},{"damage":39,"enemies":"Snecko","floor":21,"turns":7},{"damage":54,"enemies":"Sentry and Sphere","floor":22,"turns":6},{"damage":24,"enemies":"Slavers","floor":23,"turns":2},{"damage":48,"enemies":"Snake Plant","floor":24,"turns":4},{"damage":50,"enemies":"Book of Stabbing","floor":25,"turns":4}],"seed_played":"3552108610518701720","potions_obtained":[{"floor":7,"key":"Weak Potion"},{"floor":12,"key":"PowerPotion"},{"floor":14,"key":"SpeedPotion"},{"floor":20,"key":"Block Potion"},{"floor":21,"key":"Dexterity Potion"},{"floor":22,"key":"Energy Potion"},{"floor":23,"key":"AttackPotion"}],"is_trial":false,"path_per_floor":["M","M","?","T","?","R","E","R","T","M","M","M","$","E","R","B",null,"M","$","M","M","M","E","M","E"],"character_chosen":"IRONCLAD","items_purchased":["AttackPotion","Medical Kit"],"campfire_rested":1,"item_purchase_floors":[13,19],"current_hp_per_floor":[75,72,72,72,61,61,27,53,53,61,57,58,58,56,56,49,88,84,84,88,62,58,52,26,0],"gold":111,"neow_bonus":"TEN_PERCENT_HP_BONUS","is_prod":false,"is_daily":false,"chose_seed":false,"campfire_upgraded":2,"win_rate":0,"timestamp":1564782412,"path_taken":["M","M","?","?","?","R","E","R","T","M","M","M","$","E","R","BOSS","M","$","M","M","M","E","M","E"],"build_version":"2019-07-17","purchased_purges":1,"victory":false,"max_hp_per_floor":[88,88,88,88,88,88,88,88,88,88,88,88,88,88,88,88,88,88,88,88,88,88,88,88,88],"card_choices":[{"not_picked":["Perfected Strike","Bloodletting","Reckless Charge"],"picked":"SKIP","floor":1},{"not_picked":["Fire Breathing","Hemokinesis"],"picked":"Inflame","floor":2},{"not_picked":["Intimidate","Burning Pact"],"picked":"Heavy Blade","floor":7},{"not_picked":["Body Slam","Thunderclap","Heavy Blade"],"picked":"Limit Break","floor":10},{"not_picked":["Rupture","Perfected Strike","Blood for Blood"],"picked":"Whirlwind","floor":11},{"not_picked":["Seeing Red","Inflame","Anger"],"picked":"Spot Weakness","floor":12},{"not_picked":["Sever Soul","Perfected Strike","Fiend Fire"],"picked":"Shrug It Off","floor":14},{"not_picked":["Immolate","Impervious","Juggernaut"],"picked":"Reaper","floor":16},{"not_picked":["Body Slam+1","Twin Strike","Dual Wield+1"],"picked":"Anger","floor":18},{"not_picked":["Clash","Iron Wave","Thunderclap"],"picked":"Pommel Strike","floor":20},{"not_picked":["Infernal Blade","Perfected Strike","Anger","Burning Pact"],"picked":"SKIP","floor":21},{"not_picked":["Armaments","Rupture+1","Clash"],"picked":"Feel No Pain","floor":22},{"not_picked":["Perfected Strike","Shrug It Off","Immolate"],"picked":"Reaper","floor":23},{"not_picked":["Armaments","Havoc","Cleave+1"],"picked":"Heavy Blade+1","floor":24}],"player_experience":324485,"relics_obtained":[{"floor":4,"key":"War Paint"},{"floor":7,"key":"Question Card"},{"floor":9,"key":"Meat on the Bone"},{"floor":14,"key":"Paper Frog"},{"floor":23,"key":"Sundial"}],"event_choices":[{"damage_healed":0,"gold_gain":0,"player_choice":"Ignored","damage_taken":0,"max_hp_gain":0,"max_hp_loss":0,"event_name":"Liars Game","floor":3,"gold_loss":0},{"damage_healed":0,"gold_gain":75,"player_choice":"Gather Gold","damage_taken":11,"max_hp_gain":0,"max_hp_loss":0,"event_name":"World of Goop","floor":5,"gold_loss":0}],"is_beta":false,"boss_relics":[{"not_picked":["Pandora\u0027s Box","Tiny House"],"picked":"Ectoplasm"}],"items_purged_floors":[13],"is_endless":false,"potions_floor_spawned":[7,12,14,20,21,22,23],"killed_by":"Book of Stabbing","ascension_level":4}