{"gold_per_floor":[115,135,135,135,154,154,172,172,172,172,183,183,183,194,194,273,273,293,130,149,49,49],"floor_reached":22,"playtime":767,"items_purged":["Strike_G","Strike_G"],"score":317,"play_id":"bbbc9b52-4515-412e-9879-19f3d895376e","local_time":"20190617005957","is_ascension_mode":true,"campfire_choices":[{"data":"Skewer","floor":6,"key":"SMITH"},{"data":"Neutralize","floor":8,"key":"SMITH"},{"data":"Envenom","floor":10,"key":"SMITH"},{"floor":12,"key":"REST"},{"data":"Blade Dance","floor":15,"key":"SMITH"}],"neow_cost":"PERCENT_DAMAGE","seed_source_timestamp":434256578482100,"circlet_count":0,"master_deck":["AscendersBane","Defend_G","Defend_G","Defend_G","Defend_G","Defend_G","Survivor","Neutralize+1","Envenom+1","Blade Dance+1","Backflip","Skewer+1","Backflip","Flying Knee","Cloak And Dagger","Dagger Spray","Bullet Time","Catalyst","Cloak And Dagger","Calculated Gamble","Blade Dance","Dagger Spray+1","Well Laid Plans","Finisher"],"relics":["Ring of the Snake","Matryoshka","Orrery"],"potions_floor_usage":[11,14,16,18],"damage_taken":[{"damage":0,"enemies":"2 Louse","floor":1,"turns":4},{"damage":13,"enemies":"Jaw Worm","floor":2,"turns":6},{"damage":6,"enemies":"Cultist","floor":5,"turns":5},{"damage":1,"enemies":"Blue Slaver","floor":7,"turns":4},{"damage":0,"enemies":"3 Louse","floor":11,"turns":4},{"damage":5,"enemies":"Exordium Wildlife","floor":14,"turns":3},{"damage":6,"enemies":"The Guardian","floor":16,"turns":10},{"damage":3,"enemies":"3 Byrds","floor":18,"turns":5},{"damage":35,"enemies":"Spheric Guardian","floor":20,"turns":6}],"seed_played":"6013555864982534731","potions_obtained":[{"floor":5,"key":"Explosive Potion"},{"floor":7,"key":"Energy Potion"},{"floor":11,"key":"Strength Potion"},{"floor":16,"key":"AttackPotion"},{"floor":18,"key":"Ancient Potion"}],"is_trial":false,"path_per_floor":["M","M","?","?","M","R","M","R","T","R","M","R","?","M","R","B",null,"M","$","M","$","?"],"character_chosen":"THE_SILENT","items_purchased":["Well Laid Plans"],"campfire_rested":1,"item_purchase_floors":[19],"current_hp_per_floor":[44,31,24,24,18,18,17,17,17,17,17,36,36,31,31,25,56,53,53,18,18,0],"gold":49,"neow_bonus":"THREE_RARE_CARDS","is_prod":false,"is_daily":false,"chose_seed":false,"campfire_upgraded":4,"win_rate":0,"timestamp":1560725997,"path_taken":["M","M","?","?","?","R","M","R","T","R","M","R","?","M","R","BOSS","M","$","M","$","?"],"build_version":"2019-01-23","purchased_purges":2,"victory":false,"max_hp_per_floor":[66,66,66,66,66,66,66,66,66,66,66,66,66,66,66,66,66,66,66,66,66,66],"card_choices":[{"not_picked":["Phantasmal Killer","Storm of Steel"],"picked":"Envenom","floor":0},{"not_picked":["Acrobatics","Distraction"],"picked":"Blade Dance","floor":1},{"not_picked":["Expertise","Slice"],"picked":"Backflip","floor":2},{"not_picked":["Deadly Poison","Flying Knee"],"picked":"Skewer","floor":5},{"not_picked":["Expertise","Reflex"],"picked":"Backflip","floor":7},{"not_picked":["Riddle With Holes","Dodge and Roll"],"picked":"Flying Knee","floor":11},{"not_picked":["Predator","Glass Knife"],"picked":"Dagger Spray","floor":14},{"not_picked":["Die Die Die","Envenom"],"picked":"Bullet Time","floor":16},{"not_picked":["Underhanded Strike","Blade Dance"],"picked":"Catalyst","floor":17},{"not_picked":["Riddle With Holes","Phantasmal Killer"],"picked":"Cloak And Dagger","floor":17},{"not_picked":["Underhanded Strike","Acrobatics"],"picked":"Calculated Gamble","floor":17},{"not_picked":["Leg Sweep","Prepared"],"picked":"Blade Dance","floor":17},{"not_picked":["Sucker Punch","Slice"],"picked":"Dagger Spray+1","floor":18},{"not_picked":["Dagger Spray","Masterful Stab"],"picked":"Finisher","floor":20}],"player_experience":1382449,"relics_obtained":[{"floor":9,"key":"Matryoshka"}],"event_choices":[{"cards_removed":["Strike_G"],"damage_healed":0,"gold_gain":0,"player_choice":"Card Removal","damage_taken":7,"max_hp_gain":0,"max_hp_loss":0,"event_name":"Golden Wing","floor":3,"gold_loss":0},{"cards_removed":["Strike_G"],"damage_healed":0,"gold_gain":0,"player_choice":"Purged","damage_taken":0,"max_hp_gain":0,"max_hp_loss":0,"event_name":"Purifier","floor":4,"gold_loss":0},{"damage_healed":0,"gold_gain":0,"cards_transformed":["Strike_G"],"player_choice":"Change","damage_taken":0,"max_hp_gain":0,"max_hp_loss":0,"event_name":"Living Wall","floor":13,"gold_loss":0,"cards_obtained":["Cloak And Dagger"]}],"is_beta":false,"boss_relics":[{"not_picked":["Black Star","Philosopher\u0027s Stone"],"picked":"Orrery"}],"items_purged_floors":[19,21],"is_endless":false,"potions_floor_spawned":[5,7,11,16,18],"ascension_level":16}