{"gold_per_floor":[110,110,36,36,47,74,74,104,129,145,58,58,58,87,87,160,160,174,67,87,104,114,114,114],"floor_reached":24,"playtime":912,"items_purged":["Strike_R","Strike_R"],"score":417,"play_id":"6c49a768-25ea-44d0-9a8f-d234c29bb74d","local_time":"20181110223526","is_ascension_mode":true,"campfire_choices":[{"floor":7,"key":"REST"},{"data":"Whirlwind","floor":13,"key":"SMITH"},{"data":"Clothesline","floor":15,"key":"SMITH"},{"floor":23,"key":"REST"}],"neow_cost":"NONE","seed_source_timestamp":39249900238714,"circlet_count":0,"master_deck":["AscendersBane","Defend_R","Defend_R","Defend_R","Defend_R","Bash+1","Clothesline+1","Feel No Pain","Anger","Headbutt","Shrug It Off","Whirlwind+1","Barricade","Iron Wave+1","Exhume+1","Dropkick+1","Inflame","Uppercut"],"relics":["Runic Dome","Bag of Preparation","Blood Vial","Smiling Mask","Vajra","Art of War","Astrolabe"],"potions_floor_usage":[8,16,21,22],"damage_taken":[{"damage":1,"enemies":"Cultist","floor":1,"turns":4},{"damage":1,"enemies":"2 Louse","floor":5,"turns":3},{"damage":22,"enemies":"Lagavulin","floor":6,"turns":5},{"damage":9,"enemies":"3 Sentries","floor":8,"turns":8},{"damage":4,"enemies":"Small Slimes","floor":10,"turns":4},{"damage":6,"enemies":"Gremlin Nob","floor":14,"turns":3},{"damage":20,"enemies":"Slime Boss","floor":16,"turns":6},{"damage":22,"enemies":"2 Thieves","floor":18,"turns":2},{"damage":19,"enemies":"Spheric Guardian","floor":20,"turns":4},{"damage":0,"enemies":"3 Cultists","floor":21,"turns":1},{"damage":26,"enemies":"Snake Plant","floor":22,"turns":4},{"damage":49,"enemies":"Gremlin Leader","floor":24,"turns":4}],"seed_played":"-9209540718689978774","potions_obtained":[{"floor":5,"key":"Swift Potion"},{"floor":6,"key":"Strength Potion"},{"floor":8,"key":"SmokeBomb"},{"floor":14,"key":"Regen Potion"},{"floor":22,"key":"Ancient Potion"}],"is_trial":false,"path_per_floor":["M","?","$","?","M","E","R","E","T","M","$","?","R","E","R","B",null,"M","$","M","M","M","R","E"],"character_chosen":"IRONCLAD","items_purchased":["Feel No Pain","Whirlwind","SteroidPotion"],"campfire_rested":2,"item_purchase_floors":[3,11,19],"current_hp_per_floor":[67,67,67,67,66,44,66,59,59,57,57,75,75,69,69,51,69,49,49,32,34,22,44,0],"gold":114,"neow_bonus":"BOSS_RELIC","is_prod":false,"is_daily":false,"chose_seed":false,"campfire_upgraded":2,"win_rate":0,"timestamp":1541889326,"path_taken":["M","?","$","?","M","E","R","E","T","?","$","?","R","E","R","BOSS","M","$","?","M","M","R","E"],"build_version":"2018-11-08","purchased_purges":2,"victory":false,"max_hp_per_floor":[75,75,75,75,75,75,75,75,75,75,75,75,75,75,75,75,75,75,75,75,75,75,75,75],"card_choices":[{"not_picked":["Warcry","Flex"],"picked":"Clothesline","floor":1},{"not_picked":["Searing Blow","Sever Soul"],"picked":"Anger","floor":5},{"not_picked":["Dual Wield","Anger"],"picked":"Intimidate","floor":6},{"not_picked":["Ghostly Armor","Havoc"],"picked":"Headbutt","floor":8},{"not_picked":["Thunderclap","Shockwave"],"picked":"Shrug It Off","floor":10},{"not_picked":["Warcry","Sever Soul","Dropkick"],"picked":"SKIP","floor":14},{"not_picked":["Offering","Demon Form"],"picked":"Barricade","floor":16},{"not_picked":["Cleave","Body Slam"],"picked":"Inflame","floor":18},{"not_picked":["Iron Wave","Warcry","Reckless Charge"],"picked":"SKIP","floor":20},{"not_picked":["Dual Wield","Wild Strike"],"picked":"Uppercut","floor":21},{"not_picked":["Clash","Flex","Twin Strike"],"picked":"SKIP","floor":22}],"player_experience":973708,"relics_obtained":[{"floor":4,"key":"Bag of Preparation"},{"floor":6,"key":"Blood Vial"},{"floor":8,"key":"Smiling Mask"},{"floor":9,"key":"Vajra"},{"floor":14,"key":"Art of War"}],"event_choices":[{"damage_healed":0,"gold_gain":0,"player_choice":"Grow","damage_taken":0,"max_hp_gain":0,"max_hp_loss":0,"event_name":"Living Wall","floor":2,"gold_loss":0,"cards_upgraded":["Bash"]},{"damage_healed":0,"gold_gain":0,"player_choice":"Relic","damage_taken":0,"max_hp_gain":0,"max_hp_loss":0,"event_name":"Wheel of Change","floor":4,"gold_loss":0},{"cards_removed":["Intimidate"],"damage_healed":18,"gold_gain":0,"player_choice":"Offered Uncommon","damage_taken":0,"max_hp_gain":0,"max_hp_loss":0,"event_name":"Bonfire Elementals","floor":12,"gold_loss":0}],"is_beta":false,"boss_relics":[{"not_picked":["Eternal Feather","Empty Cage"],"picked":"Astrolabe"}],"items_purged_floors":[11,19],"is_endless":false,"potions_floor_spawned":[5,6,8,14,20,22],"killed_by":"Gremlin Leader","ascension_level":19}