{"gold_per_floor":[99,99,24,24,24,24,24,24,24,24,0,0,0,0,0,0,0,0,0,0,0,0,0,0,0,0,0],"floor_reached":27,"playtime":1347,"items_purged":[],"score":392,"play_id":"44715123-3069-427e-8fb4-c28fdec40fa6","local_time":"20180805181651","is_ascension_mode":true,"campfire_choices":[{"data":"Flechettes","floor":6.0,"key":"SMITH"},{"floor":12.0,"key":"REST"},{"data":"Blade Dance","floor":15.0,"key":"SMITH"},{"floor":24.0,"key":"REST"}],"neow_cost":"NONE","seed_source_timestamp":0,"circlet_count":0,"master_deck":["Survivor","Neutralize","Finisher","Footwork","Flechettes+1","Blade Dance+1","Backflip","Dagger Throw","Phantasmal Killer","Noxious Fumes","Bouncing Flask","Heel Hook","Slice","Poisoned Stab","Backflip","Distraction","Noxious Fumes","Calculated Gamble","Flechettes","Noxious Fumes+1","Acrobatics","Noxious Fumes","Well Laid Plans"],"special_seed":0,"relics":["Ectoplasm","Ninja Scroll","Potion Belt","Happy Flower","Pandora\u0027s Box","Ancient Tea Set","Ginger","Ice Cream","Singing Bowl"],"potions_floor_usage":[27],"damage_taken":[{"damage":0.0,"enemies":"Jaw Worm","floor":1.0,"turns":5.0},{"damage":8.0,"enemies":"2 Louse","floor":4.0,"turns":4.0},{"damage":0.0,"enemies":"Small Slimes","floor":7.0,"turns":2.0},{"damage":0.0,"enemies":"Exordium Thugs","floor":10.0,"turns":3.0},{"damage":4.0,"enemies":"Looter","floor":11.0,"turns":3.0},{"damage":2.0,"enemies":"Gremlin Nob","floor":13.0,"turns":3.0},{"damage":9.0,"enemies":"3 Louse","floor":14.0,"turns":3.0},{"damage":27.0,"enemies":"Slime Boss","floor":16.0,"turns":13.0},{"damage":0.0,"enemies":"Chosen","floor":18.0,"turns":3.0},{"damage":0.0,"enemies":"3 Byrds","floor":20.0,"turns":3.0},{"damage":0.0,"enemies":"Centurion and Healer","floor":21.0,"turns":1.0},{"damage":48.0,"enemies":"Slavers","floor":23.0,"turns":6.0},{"damage":26,"enemies":"Book of Stabbing","floor":25,"turns":5},{"damage":17,"enemies":"Snake Plant","floor":27,"turns":1}],"seed_played":"-8842644813803177480","potions_obtained":[{"floor":7.0,"key":"Weak Potion"},{"floor":10.0,"key":"Fire Potion"},{"floor":11.0,"key":"GamblersBrew"},{"floor":13.0,"key":"Ancient Potion"},{"floor":16.0,"key":"Fruit Juice"},{"floor":20.0,"key":"Swift Potion"},{"floor":25,"key":"Fruit Juice"}],"is_trial":false,"path_per_floor":["M","?","$","M","?","R","M","?","T","M","M","R","E","M","R","B",null,"M","T","M","M","$","E","R","E","T"],"character_chosen":"THE_SILENT","items_purchased":["Footwork"],"campfire_rested":2,"item_purchase_floors":[3],"current_hp_per_floor":[63,63,63,55,55,55,55,22,22,22,18,39,37,28,28,1,53,58,58,58,58,58,10,32,6,6,0],"gold":0,"neow_bonus":"BOSS_RELIC","is_prod":false,"is_daily":false,"chose_seed":false,"campfire_upgraded":2,"win_rate":0,"timestamp":1533489411,"path_taken":["M","?","?","M","?","R","?","?","T","M","M","R","E","M","R","BOSS","M","?","M","M","$","E","R","E","T","M"],"build_version":"2018-08-02","purchased_purges":0,"victory":false,"max_hp_per_floor":[70,70,70,70,70,70,70,70,70,70,70,70,70,70,70,70,70,75,75,75,75,75,75,75,75,75,80],"card_choices":[{"not_picked":["Dagger Throw","Acrobatics"],"picked":"Finisher","floor":1.0},{"not_picked":["Expertise","Blur"],"picked":"Flechettes","floor":4.0},{"not_picked":["Underhanded Strike","Flechettes"],"picked":"Blade Dance","floor":7.0},{"not_picked":["Deadly Poison","Tactician","Flechettes"],"picked":"SKIP","floor":10.0},{"not_picked":["Prepared","Cloak And Dagger"],"picked":"Backflip","floor":11.0},{"not_picked":["Underhanded Strike","Grand Finale","Deflect"],"picked":"SKIP","floor":13.0},{"not_picked":["Flying Knee","Sucker Punch"],"picked":"Dagger Throw","floor":14.0},{"not_picked":["Storm of Steel","Burst"],"picked":"Phantasmal Killer","floor":16.0},{"not_picked":["Deflect","Flying Knee"],"picked":"Noxious Fumes+1","floor":18.0},{"not_picked":["Dagger Spray","Sucker Punch"],"picked":"Acrobatics","floor":20.0},{"not_picked":["Prepared","Sucker Punch"],"picked":"Noxious Fumes","floor":23.0},{"not_picked":["Dagger Throw+1","Dodge and Roll"],"picked":"Well Laid Plans","floor":25}],"player_experience":541719,"relics_obtained":[{"floor":9.0,"key":"Potion Belt"},{"floor":13.0,"key":"Happy Flower"},{"floor":19.0,"key":"Ancient Tea Set"},{"floor":23.0,"key":"Ginger"},{"floor":25,"key":"Ice Cream"},{"floor":26,"key":"Singing Bowl"}],"event_choices":[{"event_name":"Golden Idol","player_choice":"Ignored","floor":2.0,"damage_taken":0.0},{"event_name":"Liars Game","player_choice":"disagreed","floor":5.0,"damage_taken":0.0},{"event_name":"Scrap Ooze","player_choice":"success","floor":8.0,"damage_taken":33.0}],"is_beta":false,"boss_relics":[{"not_picked":["Philosopher\u0027s Stone","Tiny House"],"picked":"Pandora\u0027s Box"}],"items_purged_floors":[],"is_endless":false,"potions_floor_spawned":[7,10,11,13,16,20,21,25],"killed_by":"Snake Plant","ascension_level":9}