{"gold_per_floor":[119,44,44,44,55,55,80,80,103,113,113,113],"floor_reached":12,"playtime":345,"items_purged":["Strike_B"],"score":76,"play_id":"67af8164-a4c0-431e-b41c-d4e82cf52f5d","local_time":"20191009085328","is_ascension_mode":false,"campfire_choices":[{"data":"Capacitor","floor":6,"key":"SMITH"},{"data":"Genetic Algorithm","floor":8,"key":"SMITH"},{"data":"Coolheaded","floor":11,"key":"SMITH"}],"neow_cost":"NONE","seed_source_timestamp":249273748109278,"circlet_count":0,"master_deck":["Strike_B","Strike_B","Defend_B","Defend_B","Defend_B","Defend_B","Zap","Dualcast","Capacitor+1","Genetic Algorithm+1","Coolheaded+1"],"relics":["Black Star","Smiling Mask","Juzu Bracelet","Potion Belt"],"potions_floor_usage":[7,7],"damage_taken":[{"damage":1,"enemies":"2 Louse","floor":1,"turns":4},{"damage":0,"enemies":"Small Slimes","floor":5,"turns":3},{"damage":42,"enemies":"Gremlin Nob","floor":7,"turns":5},{"damage":2,"enemies":"Jaw Worm","floor":10,"turns":7},{"damage":29,"enemies":"Gremlin Gang","floor":12,"turns":3}],"seed_played":"-4649047154933767661","potions_obtained":[{"floor":1,"key":"PowerPotion"},{"floor":5,"key":"Poison Potion"}],"is_trial":false,"path_per_floor":["M","$","?","?","M","R","E","R","T","M","R","M"],"character_chosen":"DEFECT","items_purchased":[],"campfire_rested":0,"item_purchase_floors":[],"current_hp_per_floor":[74,74,67,72,72,72,30,30,30,28,28,0],"gold":113,"neow_bonus":"BOSS_RELIC","is_prod":false,"is_daily":false,"chose_seed":false,"campfire_upgraded":3,"win_rate":0,"timestamp":1570636408,"path_taken":["M","$","?","?","M","R","E","R","T","M","R","M"],"build_version":"2019-07-17","purchased_purges":1,"victory":false,"max_hp_per_floor":[75,75,75,80,80,80,80,80,80,80,80,80],"card_choices":[{"not_picked":["Streamline","Heatsinks"],"picked":"Capacitor","floor":1},{"not_picked":["Rebound","Reprogram","Leap"],"picked":"SKIP","floor":5},{"not_picked":["Steam","Hologram"],"picked":"Genetic Algorithm","floor":7},{"not_picked":["Turbo","Leap"],"picked":"Coolheaded","floor":10}],"player_experience":371427,"relics_obtained":[{"floor":7,"key":"Smiling Mask"},{"floor":7,"key":"Juzu Bracelet"},{"floor":9,"key":"Potion Belt"}],"event_choices":[{"cards_removed":["Strike_B"],"damage_healed":0,"gold_gain":0,"player_choice":"Card Removal","damage_taken":7,"max_hp_gain":0,"max_hp_loss":0,"event_name":"Golden Wing","floor":3,"gold_loss":0},{"damage_healed":0,"gold_gain":0,"player_choice":"Donut","damage_taken":0,"max_hp_gain":5,"max_hp_loss":0,"event_name":"Big Fish","floor":4,"gold_loss":0}],"is_beta":false,"boss_relics":[],"items_purged_floors":[2],"is_endless":false,"potions_floor_spawned":[1,5],"killed_by":"Gremlin Gang","ascension_level":0}