{"gold_per_floor":[109,109,37,56,70,70,45,45,45,45,61,80,114,130,130,234,234,244,19,35,65,65,65],"floor_reached":23,"playtime":813,"items_purged":["Strike_B"],"score":306,"play_id":"26656559-240b-4161-8a0a-ba7f81ecb4a3","local_time":"20190226163913","is_ascension_mode":true,"campfire_choices":[{"data":"Zap","floor":6,"key":"SMITH"},{"data":"Defragment","floor":8,"key":"SMITH"},{"data":"Cold Snap","floor":10,"key":"SMITH"},{"data":"Capacitor","floor":15,"key":"SMITH"}],"neow_cost":"NONE","seed_source_timestamp":564818178838900,"circlet_count":0,"master_deck":["AscendersBane","Defend_B","Defend_B","Defend_B","Defend_B","Zap+1","Dualcast","Cold Snap+1","Redo","Defragment+1","Cold Snap","Compile Driver","Capacitor+1","Auto Shields","Self Repair","Ball Lightning","Echo Form","Redo","Capacitor","Barrage","Melter","Heatsinks","Amplify","Chaos"],"relics":["Cracked Core","Mercury Hourglass","Calipers","Coffee Dripper","Red Mask"],"potions_floor_usage":[5,16,16,21],"damage_taken":[{"damage":7,"enemies":"Jaw Worm","floor":1,"turns":3},{"damage":14,"enemies":"Small Slimes","floor":4,"turns":5},{"damage":0,"enemies":"2 Louse","floor":5,"turns":3},{"damage":3,"enemies":"Exordium Wildlife","floor":11,"turns":4},{"damage":5,"enemies":"Exordium Thugs","floor":12,"turns":4},{"damage":9,"enemies":"Lagavulin","floor":13,"turns":5},{"damage":1,"enemies":"Blue Slaver","floor":14,"turns":3},{"damage":28,"enemies":"The Guardian","floor":16,"turns":8},{"damage":11,"enemies":"Spheric Guardian","floor":18,"turns":4},{"damage":10,"enemies":"Chosen","floor":20,"turns":4},{"damage":44,"enemies":"Masked Bandits","floor":21,"turns":4},{"damage":37,"enemies":"Slavers","floor":23,"turns":3}],"seed_played":"-8572079957482874742","potions_obtained":[{"floor":4,"key":"SkillPotion"},{"floor":12,"key":"Strength Potion"},{"floor":13,"key":"PowerPotion"},{"floor":20,"key":"AttackPotion"}],"is_trial":false,"path_per_floor":["M","?","$","M","M","R","$","R","T","R","M","M","E","M","R","B",null,"M","$","M","?","?","E"],"character_chosen":"DEFECT","items_purchased":["Defragment","Compile Driver","Capacitor","Barrage","Melter"],"campfire_rested":0,"item_purchase_floors":[3,7,19,19,19],"current_hp_per_floor":[68,68,68,54,54,54,54,54,54,54,51,46,37,43,43,22,67,70,70,67,37,37,0],"gold":65,"neow_bonus":"TEN_PERCENT_HP_BONUS","is_prod":false,"is_daily":false,"chose_seed":false,"campfire_upgraded":4,"win_rate":0,"timestamp":1551195553,"path_taken":["M","?","$","M","M","R","$","R","T","R","M","M","E","M","R","BOSS","M","$","M","?","?","E"],"build_version":"2019-01-23","purchased_purges":1,"victory":false,"max_hp_per_floor":[82,82,82,82,82,82,82,82,82,82,82,82,82,82,82,82,82,82,82,82,82,82,82],"card_choices":[{"not_picked":["Leap","Sweeping Beam"],"picked":"Cold Snap","floor":1},{"not_picked":["Reprogram","Steam"],"picked":"Cold Snap","floor":4},{"not_picked":["Reprogram","Rebound","Cold Snap"],"picked":"SKIP","floor":5},{"not_picked":["Steam","Hologram"],"picked":"Capacitor","floor":11},{"not_picked":["Skim","Cold Snap"],"picked":"Auto Shields","floor":12},{"not_picked":["Glacier","Storm"],"picked":"Self Repair","floor":13},{"not_picked":["Skim","Turbo"],"picked":"Ball Lightning","floor":14},{"not_picked":["Biased Cognition","Thunder Strike"],"picked":"Echo Form","floor":16},{"not_picked":["Rip and Tear","Genetic Algorithm"],"picked":"Redo","floor":18},{"not_picked":["Darkness","Steam"],"picked":"Heatsinks","floor":20}],"player_experience":863857,"relics_obtained":[{"floor":9,"key":"Mercury Hourglass"},{"floor":13,"key":"Calipers"},{"floor":21,"key":"Red Mask"}],"event_choices":[{"damage_healed":0,"gold_gain":0,"cards_transformed":["Strike_B"],"player_choice":"Change","damage_taken":0,"max_hp_gain":0,"max_hp_loss":0,"event_name":"Living Wall","floor":2,"gold_loss":0,"cards_obtained":["Redo"]},{"damage_healed":0,"gold_gain":0,"player_choice":"Fought Bandits","damage_taken":0,"max_hp_gain":0,"max_hp_loss":0,"event_name":"Masked Bandits","floor":21,"gold_loss":0},{"damage_healed":0,"gold_gain":0,"cards_transformed":["Strike_B","Strike_B"],"player_choice":"Became Test Subject","damage_taken":0,"max_hp_gain":0,"max_hp_loss":0,"event_name":"Drug Dealer","floor":22,"gold_loss":0,"cards_obtained":["Amplify","Chaos"]}],"is_beta":false,"boss_relics":[{"not_picked":["Cursed Key","Busted Crown"],"picked":"Coffee Dripper"}],"items_purged_floors":[19],"is_endless":false,"potions_floor_spawned":[4,12,13,20],"killed_by":"Slavers","ascension_level":12}