{"gold_per_floor":[115,115,135,153,78,78,78,78,78,78,109,259,334,345,345,345],"floor_reached":16,"playtime":386,"items_purged":["Strike_B"],"score":172,"play_id":"2f1fb4c1-765b-497c-ace5-58c832bc603d","local_time":"20190517145242","is_ascension_mode":true,"campfire_choices":[{"data":"Zap","floor":6,"key":"SMITH"},{"data":"Sunder","floor":8,"key":"SMITH"},{"floor":10,"key":"REST"},{"floor":15,"key":"REST"}],"neow_cost":"NONE","seed_source_timestamp":315788179182700,"circlet_count":0,"master_deck":["AscendersBane","Strike_B","Strike_B","Defend_B","Defend_B","Defend_B","Defend_B","Zap+1","Dualcast","Sunder+1","Reboot","Coolheaded","Self Repair","Ball Lightning","Doubt","Sweeping Beam"],"relics":["Cracked Core","Happy Flower","Ice Cream","Letter Opener","Art of War"],"potions_floor_usage":[3],"damage_taken":[{"damage":4,"enemies":"Jaw Worm","floor":1,"turns":4},{"damage":0,"enemies":"2 Louse","floor":3,"turns":1},{"damage":0,"enemies":"Small Slimes","floor":4,"turns":1},{"damage":20,"enemies":"3 Sentries","floor":11,"turns":5},{"damage":2,"enemies":"Looter","floor":14,"turns":3},{"damage":51,"enemies":"The Guardian","floor":16,"turns":8}],"seed_played":"-7596606221682845313","potions_obtained":[{"floor":1,"key":"Explosive Potion"}],"is_trial":false,"path_per_floor":["M","?","M","M","$","R","?","R","T","R","E","?","?","M","R","B"],"character_chosen":"DEFECT","items_purchased":[],"campfire_rested":2,"item_purchase_floors":[],"current_hp_per_floor":[60,60,60,60,60,60,25,25,25,46,33,33,22,27,48,0],"gold":345,"neow_bonus":"RANDOM_COMMON_RELIC","is_prod":false,"is_daily":false,"chose_seed":false,"campfire_upgraded":2,"win_rate":0,"timestamp":1558097562,"path_taken":["M","?","M","M","$","R","?","R","T","R","E","?","?","M","R","BOSS"],"build_version":"2019-01-23","purchased_purges":1,"victory":false,"max_hp_per_floor":[71,71,71,71,71,71,71,71,71,71,71,71,71,71,71,71],"card_choices":[{"not_picked":["Doom and Gloom","Sweeping Beam"],"picked":"Sunder","floor":1},{"not_picked":["Beam Cell","Turbo"],"picked":"Coolheaded","floor":3},{"not_picked":["Sunder","Coolheaded"],"picked":"Self Repair","floor":4},{"not_picked":["Hologram","Sunder"],"picked":"Ball Lightning","floor":11},{"not_picked":["Aggregate","Barrage"],"picked":"Sweeping Beam","floor":14}],"player_experience":1128540,"relics_obtained":[{"floor":9,"key":"Letter Opener"},{"floor":11,"key":"Art of War"}],"event_choices":[{"damage_healed":0,"gold_gain":0,"cards_transformed":["Strike_B"],"player_choice":"Change","damage_taken":0,"max_hp_gain":0,"max_hp_loss":0,"event_name":"Living Wall","floor":2,"gold_loss":0,"cards_obtained":["Reboot"]},{"damage_healed":0,"gold_gain":0,"player_choice":"Success","damage_taken":35,"relics_obtained":["Ice Cream"],"max_hp_gain":0,"max_hp_loss":0,"event_name":"Scrap Ooze","floor":7,"gold_loss":0},{"damage_healed":0,"gold_gain":150,"player_choice":"AGREE","damage_taken":0,"max_hp_gain":0,"max_hp_loss":0,"event_name":"Liars Game","floor":12,"gold_loss":0,"cards_obtained":["Doubt"]},{"damage_healed":0,"gold_gain":75,"player_choice":"Gather Gold","damage_taken":11,"max_hp_gain":0,"max_hp_loss":0,"event_name":"World of Goop","floor":13,"gold_loss":0}],"is_beta":false,"boss_relics":[],"items_purged_floors":[5],"is_endless":false,"potions_floor_spawned":[1],"killed_by":"The Guardian","ascension_level":15}