{"gold_per_floor":[114,127,142,192,202,202,237,249,249,249,11,11,41,41,41,41],"floor_reached":16,"playtime":402,"items_purged":[],"score":204,"play_id":"93c42404-3a0d-481c-a4a1-cc6d9e0e0b0a","local_time":"20190630075244","is_ascension_mode":true,"campfire_choices":[{"data":"Armaments","floor":6,"key":"SMITH"},{"data":"Flex","floor":10,"key":"SMITH"},{"floor":12,"key":"REST"},{"data":"Apotheosis","floor":15,"key":"SMITH"}],"neow_cost":"NONE","seed_source_timestamp":1064681720684300,"circlet_count":0,"master_deck":["AscendersBane","Strike_R","Strike_R+1","Strike_R","Strike_R","Strike_R","Defend_R","Defend_R","Defend_R","Defend_R","Bash+1","Perfected Strike","Armaments+1","Headbutt","Feel No Pain","Flex+1","Apotheosis+1","Wild Strike","Second Wind"],"relics":["Burning Blood","Smiling Mask","Dodecahedron","Pear"],"potions_floor_usage":[3,8,13,16],"damage_taken":[{"damage":21,"enemies":"Jaw Worm","floor":1,"turns":4},{"damage":1,"enemies":"Cultist","floor":2,"turns":3},{"damage":6,"enemies":"Small Slimes","floor":3,"turns":2},{"damage":1,"enemies":"2 Fungi Beasts","floor":5,"turns":4},{"damage":35,"enemies":"Lagavulin","floor":7,"turns":7},{"damage":0,"enemies":"3 Louse","floor":8,"turns":1},{"damage":24,"enemies":"Gremlin Nob","floor":13,"turns":5},{"damage":34,"enemies":"Slime Boss","floor":16,"turns":7}],"seed_played":"-6239862710835762126","potions_obtained":[{"floor":2,"key":"Explosive Potion"},{"floor":5,"key":"Explosive Potion"},{"floor":8,"key":"Weak Potion"},{"floor":13,"key":"SteroidPotion"}],"is_trial":false,"path_per_floor":["M","M","M","?","M","R","E","M","T","R","$","R","E","?","R","B"],"character_chosen":"IRONCLAD","items_purchased":["Apotheosis","Wild Strike"],"campfire_rested":1,"item_purchase_floors":[11,11],"current_hp_per_floor":[60,65,65,57,62,62,33,39,39,39,39,63,55,27,27,0],"gold":41,"neow_bonus":"TEN_PERCENT_HP_BONUS","is_prod":false,"is_daily":false,"chose_seed":false,"campfire_upgraded":3,"win_rate":0,"timestamp":1561873964,"path_taken":["M","M","M","?","M","R","E","M","T","R","?","R","E","?","R","BOSS"],"build_version":"2019-01-23","purchased_purges":0,"victory":false,"max_hp_per_floor":[82,82,82,82,82,82,82,82,82,82,82,82,92,92,92,92],"card_choices":[{"not_picked":["Twin Strike","Wild Strike"],"picked":"Perfected Strike","floor":1},{"not_picked":["Intimidate","Combust"],"picked":"Armaments","floor":2},{"not_picked":["Seeing Red","Cleave"],"picked":"Headbutt","floor":3},{"not_picked":["Wild Strike","Shrug It Off"],"picked":"Feel No Pain","floor":5},{"not_picked":["Rupture","Combust","Warcry"],"picked":"SKIP","floor":7},{"not_picked":["Heavy Blade","Twin Strike"],"picked":"Flex","floor":8},{"not_picked":["Carnage","Armaments"],"picked":"Second Wind","floor":13}],"player_experience":1516927,"relics_obtained":[{"floor":7,"key":"Smiling Mask"},{"floor":9,"key":"Dodecahedron"},{"floor":13,"key":"Pear"}],"event_choices":[{"damage_healed":0,"gold_gain":50,"player_choice":"Touch","damage_taken":8,"max_hp_gain":0,"max_hp_loss":0,"event_name":"FaceTrader","floor":4,"gold_loss":0},{"damage_healed":0,"gold_gain":0,"player_choice":"Entered Light","damage_taken":28,"max_hp_gain":0,"max_hp_loss":0,"event_name":"Shining Light","floor":14,"gold_loss":0,"cards_upgraded":["Strike_R","Bash"]}],"is_beta":false,"boss_relics":[],"items_purged_floors":[],"is_endless":false,"potions_floor_spawned":[2,5,8,13],"killed_by":"Slime Boss","ascension_level":17}