{"gold_per_floor":[14,64,75,93,109,109,139,139,194,208,208,234,252,262,262,336,336,350,350,350,367,367,367,367],"floor_reached":24,"playtime":946,"items_purged":[],"score":356,"play_id":"dc8fc991-c901-4e7d-bbca-295db8533562","local_time":"20190608210445","is_ascension_mode":true,"campfire_choices":[{"data":"Skewer","floor":6,"key":"SMITH"},{"floor":8,"key":"REST"},{"data":"Neutralize","floor":11,"key":"SMITH"},{"data":"Flechettes","floor":15,"key":"SMITH"},{"data":"Ghostly","floor":23,"key":"SMITH"}],"neow_cost":"NO_GOLD","seed_source_timestamp":145219655490500,"circlet_count":0,"master_deck":["AscendersBane","Defend_G+1","Defend_G+1","Defend_G+1","Defend_G+1","Defend_G+1","Strike_G+1","Survivor","Neutralize+1","Leg Sweep","Footwork","Flechettes+1","Skewer+1","Flying Knee","Dash","Bullet Time","Predator","Backstab","Wraith Form v2","Blade Dance+1","Ghostly+1","Ghostly","Ghostly","Slice+1"],"relics":["Ring of the Snake","Odd Mushroom","Juzu Bracelet","Potion Belt","Empty Cage","Pear"],"potions_floor_usage":[3,7,12,12,16],"damage_taken":[{"damage":1,"enemies":"Small Slimes","floor":1,"turns":7},{"damage":10,"enemies":"Cultist","floor":3,"turns":9},{"damage":0,"enemies":"Jaw Worm","floor":4,"turns":7},{"damage":1,"enemies":"2 Fungi Beasts","floor":5,"turns":6},{"damage":21,"enemies":"The Mushroom Lair","floor":7,"turns":5},{"damage":0,"enemies":"3 Louse","floor":10,"turns":4},{"damage":4,"enemies":"Gremlin Nob","floor":12,"turns":4},{"damage":0,"enemies":"Exordium Wildlife","floor":13,"turns":3},{"damage":6,"enemies":"Lots of Slimes","floor":14,"turns":4},{"damage":28,"enemies":"Slime Boss","floor":16,"turns":13},{"damage":41,"enemies":"3 Byrds","floor":18,"turns":8},{"damage":0,"enemies":"Shell Parasite","floor":21,"turns":10},{"damage":24,"enemies":"Book of Stabbing","floor":24,"turns":4}],"seed_played":"9156651022308635829","potions_obtained":[{"floor":1,"key":"SpeedPotion"},{"floor":5,"key":"Swift Potion"},{"floor":7,"key":"Swift Potion"},{"floor":10,"key":"Regen Potion"},{"floor":14,"key":"GhostInAJar"},{"floor":18,"key":"SneckoOil"}],"is_trial":false,"path_per_floor":["M","?","M","M","M","R","?","R","T","M","R","E","M","M","R","B",null,"M","?","?","M","T","R","E"],"character_chosen":"THE_SILENT","items_purchased":[],"campfire_rested":1,"item_purchase_floors":[],"current_hp_per_floor":[58,52,42,42,41,41,20,39,39,39,39,47,47,41,41,13,53,12,12,12,12,22,22,0],"gold":367,"neow_bonus":"REMOVE_TWO","is_prod":false,"is_daily":false,"chose_seed":false,"campfire_upgraded":4,"win_rate":0,"timestamp":1560020685,"path_taken":["M","?","M","?","M","R","?","R","T","M","R","E","M","M","R","BOSS","M","?","?","M","?","R","E"],"build_version":"2019-01-23","purchased_purges":0,"victory":false,"max_hp_per_floor":[66,66,66,66,66,66,66,66,66,66,66,66,66,66,66,66,66,66,66,33,33,43,43,43],"card_choices":[{"not_picked":["Poisoned Stab","Backflip"],"picked":"Leg Sweep","floor":1},{"not_picked":["Well Laid Plans","Acrobatics"],"picked":"Footwork","floor":3},{"not_picked":["PiercingWail","Caltrops"],"picked":"Flechettes","floor":4},{"not_picked":["Cloak And Dagger","Outmaneuver"],"picked":"Skewer","floor":5},{"not_picked":["Terror","Blade Dance"],"picked":"Flying Knee","floor":7},{"not_picked":["Accuracy","Dodge and Roll"],"picked":"Dash","floor":10},{"not_picked":["Dash","Backflip"],"picked":"Bullet Time","floor":12},{"not_picked":["Underhanded Strike","Backflip"],"picked":"Predator","floor":13},{"not_picked":["Dodge and Roll","Sucker Punch"],"picked":"Backstab","floor":14},{"not_picked":["After Image","Night Terror"],"picked":"Wraith Form v2","floor":16},{"not_picked":["Backflip","Concentrate"],"picked":"Blade Dance+1","floor":18},{"not_picked":["Cloak And Dagger","Bane"],"picked":"Slice+1","floor":21}],"player_experience":1235426,"relics_obtained":[{"floor":7,"key":"Odd Mushroom"},{"floor":9,"key":"Juzu Bracelet"},{"floor":12,"key":"Potion Belt"},{"floor":22,"key":"Pear"}],"event_choices":[{"damage_healed":0,"gold_gain":50,"player_choice":"Touch","damage_taken":6,"max_hp_gain":0,"max_hp_loss":0,"event_name":"FaceTrader","floor":2,"gold_loss":0},{"damage_healed":0,"gold_gain":0,"player_choice":"Fought Mushrooms","damage_taken":0,"max_hp_gain":0,"max_hp_loss":0,"event_name":"Mushrooms","floor":7,"gold_loss":0},{"damage_healed":0,"gold_gain":0,"player_choice":"Simplicity","damage_taken":0,"max_hp_gain":0,"max_hp_loss":0,"event_name":"Back to Basics","floor":19,"gold_loss":0,"cards_upgraded":["Defend_G","Defend_G","Defend_G","Defend_G","Defend_G","Strike_G"]},{"damage_healed":0,"gold_gain":0,"player_choice":"Became a Ghost","damage_taken":0,"max_hp_gain":0,"max_hp_loss":33,"event_name":"Ghosts","floor":20,"gold_loss":0,"cards_obtained":["Ghostly","Ghostly","Ghostly"]}],"is_beta":false,"boss_relics":[{"not_picked":["Sozu","Black Star"],"picked":"Empty Cage"}],"items_purged_floors":[],"is_endless":false,"potions_floor_spawned":[1,5,7,10,14,18],"killed_by":"Book of Stabbing","ascension_level":16}