{"gold_per_floor":[216,233,248,198,48,48,80,80,80,108,108,127,173,184,184,283,283,266,266,2,2,2,2,33,33,33,33,53,70,70,70,70,70],"floor_reached":33,"playtime":1671,"items_purged":["Strike_R","Berserk+1"],"score":379,"play_id":"93e2cbfc-d73a-4ec8-9e6b-c69d339ef140","local_time":"20190913203256","is_ascension_mode":true,"campfire_choices":[{"data":"Bash","floor":6,"key":"SMITH"},{"floor":8,"key":"REST"},{"data":"Cleave","floor":15,"key":"SMITH"},{"floor":23,"key":"REST"},{"floor":27,"key":"REST"},{"floor":30,"key":"REST"},{"floor":32,"key":"REST"}],"neow_cost":"NONE","seed_source_timestamp":199200492352225,"circlet_count":0,"master_deck":["Defend_R","Defend_R","Defend_R","Defend_R","Bash+1","Anger","Cleave+1","Clothesline","Shrug It Off","Rampage","Shockwave","Offering","Flame Barrier+1","Disarm","Feel No Pain","Inflame","Writhe","Immolate","Shrug It Off"],"relics":["Burning Blood","Sundial","The Courier","Juzu Bracelet","InkBottle","Astrolabe","Potion Belt","Letter Opener","Oddly Smooth Stone","Boot"],"potions_floor_usage":[10,16,16,24,33],"damage_taken":[{"damage":13,"enemies":"Jaw Worm","floor":1,"turns":6},{"damage":8,"enemies":"Small Slimes","floor":2,"turns":4},{"damage":6,"enemies":"Cultist","floor":3,"turns":3},{"damage":35,"enemies":"Lagavulin","floor":7,"turns":5},{"damage":18,"enemies":"Gremlin Nob","floor":10,"turns":4},{"damage":14,"enemies":"3 Louse","floor":12,"turns":3},{"damage":5,"enemies":"2 Fungi Beasts","floor":14,"turns":3},{"damage":44,"enemies":"Slime Boss","floor":16,"turns":10},{"damage":22,"enemies":"2 Thieves","floor":18,"turns":4},{"damage":66,"enemies":"Book of Stabbing","floor":24,"turns":9},{"damage":27,"enemies":"Shell Parasite","floor":28,"turns":6},{"damage":12,"enemies":"Centurion and Healer","floor":29,"turns":12},{"damage":89,"enemies":"Collector","floor":33,"turns":12}],"seed_played":"5581393374081628882","potions_obtained":[{"floor":7,"key":"FairyPotion"},{"floor":12,"key":"Energy Potion"},{"floor":14,"key":"BloodPotion"},{"floor":24,"key":"Weak Potion"}],"is_trial":false,"path_per_floor":["M","M","M","?","$","R","E","R","T","E","?","M","T","M","R","B",null,"M","?","$","?","$","R","E","$","T","R","M","M","R","?","R","B"],"character_chosen":"IRONCLAD","items_purchased":["GamblersBrew","Disarm","Feel No Pain","Inflame","AttackPotion"],"campfire_rested":5,"item_purchase_floors":[5,20,20,20,20],"current_hp_per_floor":[65,63,63,63,63,63,34,58,58,46,46,38,38,39,39,21,65,49,49,49,49,49,73,13,13,13,37,16,10,34,19,44,0],"gold":70,"neow_bonus":"HUNDRED_GOLD","is_prod":false,"is_daily":false,"chose_seed":false,"campfire_upgraded":2,"win_rate":0,"timestamp":1568421176,"path_taken":["M","M","M","?","$","R","E","R","T","E","?","M","?","M","R","BOSS","M","?","?","?","$","R","E","$","T","R","M","M","R","?","R","BOSS"],"build_version":"2019-09-12","purchased_purges":2,"victory":false,"max_hp_per_floor":[80,80,80,80,80,80,80,80,80,80,80,80,80,80,80,80,80,80,80,80,80,80,80,80,80,80,80,80,80,80,85,85,85],"card_choices":[{"not_picked":["Thunderclap","Wild Strike"],"picked":"Anger","floor":1},{"not_picked":["Havoc","Headbutt"],"picked":"Cleave","floor":2},{"not_picked":["Perfected Strike","Brutality","Wild Strike"],"picked":"SKIP","floor":3},{"not_picked":["Sentinel","Blood for Blood"],"picked":"Clothesline","floor":7},{"not_picked":["Fire Breathing","Headbutt"],"picked":"Shrug It Off","floor":10},{"not_picked":["Anger","Corruption"],"picked":"Rampage","floor":12},{"not_picked":["Carnage","Shrug It Off"],"picked":"Shockwave","floor":14},{"not_picked":["Impervious","Limit Break"],"picked":"Offering","floor":16},{"not_picked":["Warcry+1","Heavy Blade+1","Wild Strike+1"],"picked":"SKIP","floor":18},{"not_picked":["Thunderclap","Feel No Pain"],"picked":"Immolate","floor":24},{"not_picked":["Pommel Strike","Sword Boomerang"],"picked":"Shrug It Off","floor":28},{"not_picked":["Shockwave","Pommel Strike","Havoc"],"picked":"SKIP","floor":29}],"player_experience":387327,"relics_obtained":[{"floor":7,"key":"Sundial"},{"floor":9,"key":"The Courier"},{"floor":10,"key":"Juzu Bracelet"},{"floor":13,"key":"InkBottle"},{"floor":24,"key":"Oddly Smooth Stone"},{"floor":26,"key":"Boot"}],"event_choices":[{"cards_removed":["Strike_R"],"damage_healed":0,"gold_gain":0,"player_choice":"Card Removal","damage_taken":0,"max_hp_gain":0,"max_hp_loss":0,"event_name":"The Cleric","floor":4,"gold_loss":50},{"damage_healed":0,"gold_gain":0,"player_choice":"Ignored","damage_taken":0,"max_hp_gain":0,"max_hp_loss":0,"event_name":"Shining Light","floor":11,"gold_loss":0},{"cards_removed":["Entrench"],"damage_healed":0,"gold_gain":0,"player_choice":"Gave Card","damage_taken":0,"relics_obtained":["Potion Belt"],"max_hp_gain":0,"max_hp_loss":0,"event_name":"WeMeetAgain","floor":19,"gold_loss":0},{"damage_healed":0,"gold_gain":0,"player_choice":"Opened","damage_taken":0,"relics_obtained":["Letter Opener"],"max_hp_gain":0,"max_hp_loss":0,"event_name":"The Mausoleum","floor":21,"gold_loss":0,"cards_obtained":["Writhe"]},{"damage_healed":0,"gold_gain":0,"player_choice":"Shed Blood","damage_taken":20,"max_hp_gain":5,"max_hp_loss":0,"event_name":"Forgotten Altar","floor":31,"gold_loss":0}],"is_beta":true,"boss_relics":[{"not_picked":["SlaversCollar","Coffee Dripper"],"picked":"Astrolabe"}],"items_purged_floors":[5,20],"is_endless":false,"potions_floor_spawned":[7,12,14,24],"killed_by":"Collector","ascension_level":8}