{"gold_per_floor":[111,111,75,75,88,88,111,189,189,189,203,203,241,264,264,264],"floor_reached":16,"playtime":629,"items_purged":[],"score":150,"play_id":"10336ffc-ae50-42eb-b1e6-9c89223cad3f","local_time":"20180804185821","is_ascension_mode":true,"campfire_choices":[{"data":"Fiend Fire","floor":6,"key":"SMITH"},{"data":"Whirlwind","floor":12,"key":"SMITH"},{"floor":15,"key":"REST"}],"neow_cost":"TEN_PERCENT_HP_LOSS","seed_source_timestamp":1159292693629938,"circlet_count":0,"master_deck":["Strike_R","Strike_R","Strike_R","Strike_R","Strike_R","Defend_R","Defend_R","Defend_R","Defend_R","Bash","AscendersBane","Fiend Fire+1","Power Through","Inflame","Thunderclap","Inflame","Reckless Charge","Decay","Whirlwind+1","Impervious","Spot Weakness"],"relics":["Burning Blood","NlothsMask","Golden Idol","Letter Opener","Bag of Marbles"],"potions_floor_usage":[8,13,16],"damage_taken":[{"damage":2,"enemies":"2 Louse","floor":1,"turns":3},{"damage":0,"enemies":"Cultist","floor":5,"turns":3},{"damage":0,"enemies":"Small Slimes","floor":7,"turns":3},{"damage":18,"enemies":"Lagavulin Event","floor":8,"turns":5},{"damage":12,"enemies":"Exordium Wildlife","floor":11,"turns":4},{"damage":26,"enemies":"3 Sentries","floor":13,"turns":5},{"damage":0,"enemies":"Blue Slaver","floor":14,"turns":2},{"damage":56,"enemies":"Hexaghost","floor":16,"turns":10}],"seed_played":"7047898158360064324","potions_obtained":[{"floor":7,"key":"AttackPotion"},{"floor":11,"key":"Swift Potion"},{"floor":13,"key":"Weak Potion"}],"is_trial":false,"path_per_floor":["M","?","$","?","M","R","M","?","T","?","M","R","E","M","R"],"character_chosen":"IRONCLAD","items_purchased":["Inflame"],"campfire_rested":1,"item_purchase_floors":[3],"current_hp_per_floor":[72,72,72,54,60,60,66,54,54,54,48,48,28,34,55,0],"gold":264,"neow_bonus":"THREE_RARE_CARDS","is_prod":false,"is_daily":false,"chose_seed":false,"campfire_upgraded":2,"win_rate":0,"timestamp":1533405501,"path_taken":["M","?","$","?","?","R","M","?","T","?","M","R","E","M","R","BOSS"],"build_version":"2018-08-02","purchased_purges":0,"victory":false,"max_hp_per_floor":[72,72,72,72,72,72,72,72,72,72,72,72,72,72,72,72],"card_choices":[{"not_picked":["Offering","Berserk"],"picked":"Fiend Fire","floor":0},{"not_picked":["Clash","Iron Wave"],"picked":"Power Through","floor":1},{"not_picked":["Flex","Perfected Strike"],"picked":"Thunderclap","floor":5},{"not_picked":["Infernal Blade","Reckless Charge"],"picked":"Inflame","floor":7},{"not_picked":["Seeing Red","Perfected Strike"],"picked":"Reckless Charge","floor":8},{"not_picked":["Iron Wave","Pummel"],"picked":"Whirlwind","floor":11},{"not_picked":["Inflame","Headbutt"],"picked":"Impervious","floor":13},{"not_picked":["Perfected Strike","Combust"],"picked":"Spot Weakness","floor":14}],"player_experience":536148,"relics_obtained":[{"floor":8,"key":"Letter Opener"},{"floor":13,"key":"Bag of Marbles"}],"event_choices":[{"event_name":"FaceTrader","player_choice":"Trade","floor":2,"damage_taken":0},{"event_name":"Golden Idol","player_choice":"Take Damage","floor":4,"damage_taken":0},{"event_name":"Dead Adventurer","player_choice":"Searched \u00272\u0027 times","floor":8,"damage_taken":0},{"event_name":"Wheel of Change","player_choice":"Curse","floor":10,"damage_taken":0}],"is_beta":false,"boss_relics":[],"items_purged_floors":[],"is_endless":false,"potions_floor_spawned":[7,11,13],"killed_by":"Hexaghost","ascension_level":10}