{"gold_per_floor":[115,115,130,147,161,196,213,213,213,223,234,263,438,86,86,86],"floor_reached":16,"playtime":725,"items_purged":["Doubt"],"score":182,"play_id":"c2f9f5b0-f5bd-407e-a200-e5ad65f5826f","local_time":"20190923175337","is_ascension_mode":true,"campfire_choices":[{"floor":8,"key":"REST"},{"floor":15,"key":"REST"}],"neow_cost":"NONE","seed_source_timestamp":1068288017687992,"circlet_count":0,"master_deck":["AscendersBane","Strike_R","Strike_R","Strike_R","Strike_R","Strike_R","Defend_R","Defend_R","Defend_R","Defend_R","Bash","Seeing Red","Warcry","Battle Trance","Infernal Blade","Clothesline","Clash","Offering","Offering"],"relics":["Burning Blood","Eternal Feather","Mummified Hand","Singing Bowl","DollysMirror"],"potions_floor_usage":[7,12,16],"damage_taken":[{"damage":3,"enemies":"2 Louse","floor":1,"turns":3},{"damage":7,"enemies":"Jaw Worm","floor":3,"turns":4},{"damage":7,"enemies":"Small Slimes","floor":4,"turns":4},{"damage":12,"enemies":"Looter","floor":5,"turns":3},{"damage":55,"enemies":"3 Sentries","floor":6,"turns":10},{"damage":11,"enemies":"Exordium Wildlife","floor":7,"turns":5},{"damage":0,"enemies":"Large Slime","floor":10,"turns":5},{"damage":6,"enemies":"Blue Slaver","floor":11,"turns":4},{"damage":41,"enemies":"Lagavulin","floor":12,"turns":6},{"damage":62,"enemies":"Hexaghost","floor":16,"turns":9}],"seed_played":"1857883306236946456","potions_obtained":[{"floor":1,"key":"Swift Potion"},{"floor":3,"key":"Ancient Potion"},{"floor":7,"key":"EssenceOfSteel"}],"is_trial":false,"path_per_floor":["M","?","M","M","M","E","M","R","T","M","M","E","?","$","R","B"],"character_chosen":"IRONCLAD","items_purchased":["Offering","DollysMirror","Energy Potion"],"campfire_rested":2,"item_purchase_floors":[14,14,14],"current_hp_per_floor":[83,83,82,81,75,26,21,56,56,62,62,27,27,27,62,0],"gold":86,"neow_bonus":"TEN_PERCENT_HP_BONUS","is_prod":false,"is_daily":false,"chose_seed":false,"campfire_upgraded":0,"win_rate":0,"timestamp":1569275617,"path_taken":["M","?","M","M","M","E","M","R","T","M","M","E","?","$","R","BOSS"],"build_version":"2019-09-23","purchased_purges":1,"victory":false,"max_hp_per_floor":[88,88,88,88,88,88,88,88,88,88,88,88,88,88,88,88],"card_choices":[{"not_picked":["Dual Wield","Body Slam"],"picked":"Seeing Red","floor":1},{"not_picked":["Hemokinesis","Body Slam"],"picked":"Warcry","floor":3},{"not_picked":["Shrug It Off","Flex"],"picked":"Battle Trance","floor":4},{"not_picked":["Thunderclap","Body Slam","Armaments"],"picked":"SKIP","floor":5},{"not_picked":["Armaments","Intimidate"],"picked":"Infernal Blade","floor":6},{"not_picked":["Sentinel","Body Slam","Clash"],"picked":"SKIP","floor":7},{"not_picked":["Twin Strike","Pommel Strike"],"picked":"Clothesline","floor":10},{"not_picked":["Dark Embrace","Warcry","Searing Blow"],"picked":"SKIP","floor":11},{"not_picked":["Twin Strike","Armaments"],"picked":"Clash","floor":12}],"player_experience":426746,"relics_obtained":[{"floor":6,"key":"Eternal Feather"},{"floor":9,"key":"Mummified Hand"},{"floor":12,"key":"Singing Bowl"}],"event_choices":[{"damage_healed":0,"gold_gain":0,"player_choice":"Ignored","damage_taken":0,"max_hp_gain":0,"max_hp_loss":0,"event_name":"Golden Idol","floor":2,"gold_loss":0},{"damage_healed":0,"gold_gain":175,"player_choice":"AGREE","damage_taken":0,"max_hp_gain":0,"max_hp_loss":0,"event_name":"Liars Game","floor":13,"gold_loss":0,"cards_obtained":["Doubt"]}],"is_beta":true,"boss_relics":[],"items_purged_floors":[14],"is_endless":false,"potions_floor_spawned":[1,3,7],"killed_by":"Hexaghost","ascension_level":12}