{"gold_per_floor":[114,130,145,14,14,14,27,27,27,46,46,46,46,58,58,133,133,153,153,53,153,93],"floor_reached":22,"playtime":768,"items_purged":["Strike_G","Shame"],"score":313,"play_id":"5e0a38a4-b6f2-48a4-b0a5-ee953adbee33","local_time":"20190628171206","is_ascension_mode":true,"campfire_choices":[{"data":"Neutralize","floor":6,"key":"SMITH"},{"data":"Footwork","floor":8,"key":"SMITH"},{"data":"Caltrops","floor":11,"key":"SMITH"},{"data":"Predator","floor":15,"key":"SMITH"}],"neow_cost":"NONE","seed_source_timestamp":925071020219900,"circlet_count":0,"master_deck":["AscendersBane","Defend_G","Defend_G","Defend_G","Defend_G","Defend_G","Strike_G","Strike_G","Strike_G","Strike_G","Survivor","Neutralize+1","Caltrops+1","Footwork+1","Predator+1","Deadly Poison","Flying Knee","Dash","Footwork","Corpse Explosion","Concentrate+1","Leg Sweep"],"relics":["Ring of the Snake","Bottled Lightning","Kunai","Bronze Scales","Sozu","Regal Pillow","Ginger","Singing Bowl"],"potions_floor_usage":[7,10,10,16],"damage_taken":[{"damage":0,"enemies":"Cultist","floor":1,"turns":5},{"damage":2,"enemies":"Jaw Worm","floor":2,"turns":6},{"damage":5,"enemies":"2 Louse","floor":3,"turns":3},{"damage":9,"enemies":"Exordium Wildlife","floor":7,"turns":5},{"damage":4,"enemies":"Large Slime","floor":10,"turns":8},{"damage":26,"enemies":"Lots of Slimes","floor":14,"turns":3},{"damage":15,"enemies":"Slime Boss","floor":16,"turns":13},{"damage":1,"enemies":"Spheric Guardian","floor":18,"turns":6},{"damage":34,"enemies":"Colosseum Slavers","floor":21,"turns":3},{"damage":23,"enemies":"Colosseum Nobs","floor":21,"turns":4},{"damage":4,"enemies":"2 Thieves","floor":22,"turns":2}],"seed_played":"-2155040656525670402","potions_obtained":[{"floor":1,"key":"Swift Potion"},{"floor":2,"key":"Regen Potion"},{"floor":7,"key":"Weak Potion"},{"floor":14,"key":"Block Potion"}],"is_trial":false,"path_per_floor":["M","M","M","$","T","R","M","R","T","M","R","?","?","M","R","B",null,"M","?","$","?","M"],"character_chosen":"THE_SILENT","items_purchased":["Deadly Poison"],"campfire_rested":0,"item_purchase_floors":[4],"current_hp_per_floor":[65,63,58,58,58,58,63,63,63,59,59,54,59,33,33,18,62,61,61,61,4,0],"gold":93,"neow_bonus":"TEN_PERCENT_HP_BONUS","is_prod":false,"is_daily":false,"chose_seed":false,"campfire_upgraded":4,"win_rate":0,"timestamp":1561734726,"path_taken":["M","M","M","$","?","R","M","R","T","M","R","?","?","M","R","BOSS","M","?","$","?","M"],"build_version":"2019-01-23","purchased_purges":2,"victory":false,"max_hp_per_floor":[72,72,72,72,72,72,72,72,72,72,72,72,77,77,77,77,77,77,77,77,77,77],"card_choices":[{"not_picked":["Outmaneuver","Cloak And Dagger"],"picked":"Caltrops","floor":1},{"not_picked":["Backflip","Deadly Poison"],"picked":"Footwork","floor":2},{"not_picked":["Cloak And Dagger","Expertise"],"picked":"Predator","floor":3},{"not_picked":["Dagger Spray","Blade Dance"],"picked":"Flying Knee","floor":7},{"not_picked":["Dagger Throw","Quick Slash"],"picked":"Dash","floor":10},{"not_picked":["Dodge and Roll","Riddle With Holes"],"picked":"Footwork","floor":14},{"not_picked":["Venomology","Burst"],"picked":"Corpse Explosion","floor":16},{"not_picked":["Setup","Poisoned Stab"],"picked":"Concentrate+1","floor":18},{"not_picked":["Acrobatics","Underhanded Strike"],"picked":"Leg Sweep","floor":21}],"player_experience":1511961,"relics_obtained":[{"floor":5,"key":"Bottled Lightning"},{"floor":9,"key":"Kunai"},{"floor":21,"key":"Ginger"},{"floor":21,"key":"Singing Bowl"}],"event_choices":[{"damage_healed":0,"gold_gain":0,"player_choice":"Success","damage_taken":5,"relics_obtained":["Bronze Scales"],"max_hp_gain":0,"max_hp_loss":0,"event_name":"Scrap Ooze","floor":12,"gold_loss":0},{"damage_healed":0,"gold_gain":0,"player_choice":"Donut","damage_taken":0,"max_hp_gain":5,"max_hp_loss":0,"event_name":"Big Fish","floor":13,"gold_loss":0},{"damage_healed":0,"gold_gain":0,"player_choice":"Stole Relic","damage_taken":0,"relics_obtained":["Regal Pillow"],"max_hp_gain":0,"max_hp_loss":0,"event_name":"Addict","floor":19,"gold_loss":0,"cards_obtained":["Shame"]},{"damage_healed":0,"gold_gain":0,"player_choice":"Fight","damage_taken":0,"max_hp_gain":0,"max_hp_loss":0,"event_name":"Colosseum","floor":21,"gold_loss":0},{"damage_healed":0,"gold_gain":0,"player_choice":"Fought Nobs","damage_taken":0,"max_hp_gain":0,"max_hp_loss":0,"event_name":"Colosseum","floor":21,"gold_loss":0}],"is_beta":false,"boss_relics":[{"not_picked":["Tiny House","Black Star"],"picked":"Sozu"}],"items_purged_floors":[4,20],"is_endless":false,"potions_floor_spawned":[1,2,7,14,21,21],"killed_by":"2 Thieves","ascension_level":16}