{"gold_per_floor":[115,127,127,145,160,160,188,188,188,188,1,21,53,53,53,171,171,186,209,209,209],"floor_reached":21,"playtime":909,"items_purged":[],"score":359,"play_id":"4b5a0918-294c-4fb7-b241-6c03c1a41887","local_time":"20190815031452","is_ascension_mode":true,"campfire_choices":[{"data":"Zap","floor":6,"key":"SMITH"},{"data":"Sunder","floor":8,"key":"SMITH"},{"data":"Capacitor","floor":10,"key":"SMITH"},{"floor":15,"key":"REST"}],"neow_cost":"NONE","seed_source_timestamp":79582059948000,"circlet_count":0,"master_deck":["AscendersBane","Strike_B","Strike_B","Strike_B","Defend_B","Defend_B","Defend_B","Defend_B","Zap+1","Dualcast","Sunder+1","Capacitor+1","Cold Snap+1","Beam Cell+1","Conserve Battery","Magnetism","Self Repair","Gash+1","Electrodynamics","Rebound+1","Storm"],"relics":["Cracked Core","Molten Egg 2","Pen Nib","Gremlin Horn","Strawberry","Bloody Idol","Inserter"],"potions_floor_usage":[7,16,18],"damage_taken":[{"damage":3,"enemies":"2 Louse","floor":1,"turns":3},{"damage":6,"enemies":"Cultist","floor":2,"turns":3},{"damage":2,"enemies":"Jaw Worm","floor":4,"turns":3},{"damage":2,"enemies":"2 Fungi Beasts","floor":5,"turns":4},{"damage":6,"enemies":"Gremlin Nob","floor":7,"turns":3},{"damage":9,"enemies":"3 Louse","floor":12,"turns":2},{"damage":14,"enemies":"Lagavulin","floor":13,"turns":6},{"damage":56,"enemies":"Slime Boss","floor":16,"turns":6},{"damage":29,"enemies":"Spheric Guardian","floor":18,"turns":7},{"damage":18,"enemies":"3 Byrds","floor":19,"turns":4},{"damage":31,"enemies":"Snake Plant","floor":21,"turns":3}],"seed_played":"8608610866460769322","potions_obtained":[{"floor":2,"key":"Energy Potion"},{"floor":5,"key":"Energy Potion"},{"floor":13,"key":"PowerPotion"},{"floor":16,"key":"SpeedPotion"},{"floor":18,"key":"Strength Potion"}],"is_trial":false,"path_per_floor":["M","M","?","M","M","R","E","R","T","R","$","M","E","?","R","B",null,"M","M","?","M"],"character_chosen":"DEFECT","items_purchased":["Magnetism"],"campfire_rested":1,"item_purchase_floors":[11],"current_hp_per_floor":[61,55,55,53,51,51,45,45,45,45,45,36,36,36,57,15,57,35,24,24,0],"gold":209,"neow_bonus":"REMOVE_CARD","is_prod":false,"is_daily":false,"chose_seed":false,"campfire_upgraded":3,"win_rate":0,"timestamp":1565831692,"path_taken":["M","M","?","M","M","R","E","R","T","R","$","?","E","?","R","BOSS","M","M","?","M"],"build_version":"2019-07-17","purchased_purges":0,"victory":false,"max_hp_per_floor":[71,71,71,71,71,71,71,71,71,71,71,71,78,71,71,71,71,71,71,71,71],"card_choices":[{"not_picked":["Leap","Sweeping Beam"],"picked":"Sunder","floor":1},{"not_picked":["Go for the Eyes","Stack"],"picked":"Capacitor","floor":2},{"not_picked":["Streamline+1","Chill"],"picked":"Cold Snap+1","floor":4},{"not_picked":["Hyperbeam+1","Skim"],"picked":"Beam Cell+1","floor":5},{"not_picked":["Beam Cell+1","Streamline+1"],"picked":"Conserve Battery","floor":7},{"not_picked":["FTL+1","Cold Snap+1"],"picked":"Self Repair","floor":12},{"not_picked":["Scrape+1","Undo"],"picked":"Gash+1","floor":13},{"not_picked":["Multi-Cast","Thunder Strike+1"],"picked":"Electrodynamics","floor":16},{"not_picked":["Hello World","Reprogram"],"picked":"Rebound+1","floor":18},{"not_picked":["Cold Snap+1","FTL+1"],"picked":"Storm","floor":19}],"player_experience":1907990,"relics_obtained":[{"floor":7,"key":"Pen Nib"},{"floor":9,"key":"Gremlin Horn"},{"floor":13,"key":"Strawberry"}],"event_choices":[{"damage_healed":0,"gold_gain":0,"player_choice":"Gave Potion","damage_taken":0,"relics_obtained":["Molten Egg 2"],"max_hp_gain":0,"max_hp_loss":0,"event_name":"WeMeetAgain","floor":3,"gold_loss":0},{"damage_healed":0,"gold_gain":0,"player_choice":"Lose Max HP","damage_taken":0,"relics_obtained":["Golden Idol"],"max_hp_gain":0,"max_hp_loss":7,"event_name":"Golden Idol","floor":14,"gold_loss":0},{"damage_healed":0,"gold_gain":0,"player_choice":"Gave Idol","damage_taken":0,"relics_obtained":["Bloody Idol"],"max_hp_gain":0,"max_hp_loss":0,"event_name":"Forgotten Altar","floor":20,"relics_lost":["Golden Idol"],"gold_loss":0}],"is_beta":false,"boss_relics":[{"not_picked":["Velvet Choker","Coffee Dripper"],"picked":"Inserter"}],"items_purged_floors":[],"is_endless":false,"potions_floor_spawned":[2,5,13,16,18],"killed_by":"Snake Plant","ascension_level":18}