{"gold_per_floor":[109,122,197,197,215,215,228,243,243,263,263,295,260,270,270,346,346,356,369,369],"floor_reached":20,"playtime":998,"items_purged":[],"score":299,"play_id":"82676afb-05d2-49ae-b82c-ef88a811a9c8","local_time":"20180910145448","is_ascension_mode":true,"campfire_choices":[{"data":"Consume","floor":6,"key":"SMITH"},{"floor":11,"key":"REST"},{"floor":15,"key":"REST"}],"neow_cost":"NONE","seed_source_timestamp":2001383173572947,"circlet_count":0,"master_deck":["Strike_B","Strike_B","Defend_B","Defend_B","Defend_B","Defend_B","Zap","Dualcast","AscendersBane","Rainbow","Steam","Consume+1","Conserve Battery","Stack","Core Surge","Compile Driver","Streamline","Streamline","Hyperbeam"],"relics":["Cracked Core","Pantograph","Odd Mushroom","Kunai","Empty Cage"],"potions_floor_usage":[10],"damage_taken":[{"damage":1,"enemies":"Cultist","floor":1,"turns":4},{"damage":2,"enemies":"Jaw Worm","floor":2,"turns":4},{"damage":0,"enemies":"2 Louse","floor":5,"turns":2},{"damage":4,"enemies":"2 Fungi Beasts","floor":7,"turns":3},{"damage":11,"enemies":"Large Slime","floor":8,"turns":7},{"damage":6,"enemies":"The Mushroom Lair","floor":10,"turns":5},{"damage":31,"enemies":"3 Sentries","floor":12,"turns":10},{"damage":9,"enemies":"3 Louse","floor":14,"turns":3},{"damage":30,"enemies":"The Guardian","floor":16,"turns":12},{"damage":27,"enemies":"2 Thieves","floor":18,"turns":3},{"damage":13,"enemies":"Chosen","floor":19,"turns":4},{"damage":29,"enemies":"Snake Plant","floor":20,"turns":2}],"seed_played":"-2399819179748202583","potions_obtained":[{"floor":2,"key":"LiquidBronze"},{"floor":7,"key":"Dexterity Potion"},{"floor":10,"key":"Ancient Potion"}],"is_trial":false,"path_per_floor":["M","M","?","?","M","R","M","M","T","?","R","E","?","M","R","B",null,"M","M"],"character_chosen":"DEFECT","items_purchased":[],"campfire_rested":2,"item_purchase_floors":[],"current_hp_per_floor":[63,61,50,50,50,50,46,35,35,29,50,19,36,27,48,41,64,37,24,0],"gold":369,"neow_bonus":"ONE_RANDOM_RARE_CARD","is_prod":false,"is_daily":false,"chose_seed":false,"campfire_upgraded":1,"win_rate":0,"timestamp":1536587688,"path_taken":["M","M","?","?","M","R","M","M","T","?","R","E","?","M","R","BOSS","M","M","M"],"build_version":"2018-09-06","purchased_purges":0,"victory":false,"max_hp_per_floor":[71,71,71,71,71,71,71,71,71,71,71,71,71,71,71,71,71,71,71,71],"card_choices":[{"not_picked":["Gash","Compile Driver"],"picked":"Steam","floor":1},{"not_picked":["Beam Cell","Hologram"],"picked":"Consume","floor":2},{"not_picked":["Loop","Rebound"],"picked":"Conserve Battery","floor":5},{"not_picked":["Steam","Barrage"],"picked":"Stack","floor":7},{"not_picked":["Sunder","Sweeping Beam"],"picked":"Core Surge","floor":8},{"not_picked":["Steam Power","Recycle"],"picked":"Compile Driver","floor":10},{"not_picked":["Chaos","Reinforced Body"],"picked":"Streamline","floor":12},{"not_picked":["Barrage","Hologram"],"picked":"Streamline","floor":14},{"not_picked":["Echo Form","Meteor Strike"],"picked":"Hyperbeam","floor":16},{"not_picked":["Conserve Battery","Compile Driver","Hologram"],"picked":"SKIP","floor":18},{"not_picked":["Streamline","Gash","Sweeping Beam"],"picked":"SKIP","floor":19}],"player_experience":728539,"relics_obtained":[{"floor":9,"key":"Pantograph"},{"floor":10,"key":"Odd Mushroom"},{"floor":12,"key":"Kunai"}],"event_choices":[{"event_name":"World of Goop","player_choice":"Gather Gold","floor":3,"damage_taken":0},{"event_name":"Liars Game","player_choice":"disagreed","floor":4,"damage_taken":0},{"event_name":"Mushrooms","player_choice":"Fought Mushrooms","floor":10,"damage_taken":0},{"event_name":"The Cleric","player_choice":"Healed","floor":13,"damage_taken":0}],"is_beta":false,"boss_relics":[{"not_picked":["Lizard Tail","Coffee Dripper"],"picked":"Empty Cage"}],"items_purged_floors":[],"is_endless":false,"potions_floor_spawned":[2,7,10,16,18],"killed_by":"Snake Plant","ascension_level":14}