{"gold_per_floor":[116,116,116,135,135,135,199,199,199,225,225,9,9,43,43,119,119,91,91,110,110],"floor_reached":21,"playtime":732,"items_purged":["Strike_B"],"score":348,"play_id":"87efbee8-c3b1-4897-b3e0-c66d3a1dbd08","local_time":"20190822174958","is_ascension_mode":true,"campfire_choices":[{"data":"Zap","floor":6,"key":"SMITH"},{"floor":8,"key":"REST"},{"data":"Defragment","floor":11,"key":"SMITH"},{"floor":13,"key":"REST"},{"data":"Sunder","floor":15,"key":"SMITH"}],"neow_cost":"NONE","seed_source_timestamp":737081637645900,"circlet_count":0,"master_deck":["AscendersBane","Strike_B+1","Strike_B+1","Defend_B+1","Defend_B+1","Defend_B+1","Defend_B+1","Zap+1","Dualcast","Conserve Battery","Zap","White Noise","Cold Snap","Hologram","Defragment+1","Sunder+1","Go for the Eyes","Static Discharge","Fission","Capacitor","Echo Form","Beam Cell","Ball Lightning","Coolheaded","Redo","Barrage"],"relics":["Cracked Core","NeowsBlessing","Unceasing Top","Regal Pillow","Darkstone Periapt","Singing Bowl","Bag of Preparation","Orrery"],"potions_floor_usage":[10,14,18,20,21],"damage_taken":[{"damage":0,"enemies":"Small Slimes","floor":1,"turns":1},{"damage":0,"enemies":"2 Louse","floor":4,"turns":1},{"damage":0,"enemies":"Lagavulin Event","floor":7,"turns":1},{"damage":29,"enemies":"Lagavulin","floor":10,"turns":6},{"damage":18,"enemies":"3 Sentries","floor":14,"turns":6},{"damage":8,"enemies":"The Guardian","floor":16,"turns":9},{"damage":20,"enemies":"2 Thieves","floor":18,"turns":4},{"damage":31,"enemies":"Chosen","floor":20,"turns":6},{"damage":34,"enemies":"Centurion and Healer","floor":21,"turns":6}],"seed_played":"-1536727899781887062","potions_obtained":[{"floor":1,"key":"AttackPotion"},{"floor":10,"key":"Poison Potion"},{"floor":14,"key":"Swift Potion"},{"floor":16,"key":"SteroidPotion"},{"floor":20,"key":"Regen Potion"}],"is_trial":false,"path_per_floor":["M","?","?","M","?","R","?","R","T","E","R","$","R","E","R","B",null,"M","?","M","M"],"character_chosen":"DEFECT","items_purchased":["Sunder","Go for the Eyes"],"campfire_rested":2,"item_purchase_floors":[12,12],"current_hp_per_floor":[64,29,29,29,22,22,22,58,58,29,29,29,65,47,47,39,63,43,43,12,0],"gold":110,"neow_bonus":"THREE_ENEMY_KILL","is_prod":false,"is_daily":false,"chose_seed":false,"campfire_upgraded":3,"win_rate":0,"timestamp":1566488998,"path_taken":["M","?","?","?","?","R","?","R","T","E","R","$","R","E","R","BOSS","M","?","M","M"],"build_version":"2019-07-17","purchased_purges":1,"victory":false,"max_hp_per_floor":[71,71,71,71,71,71,71,71,71,71,71,71,71,71,71,71,71,71,71,71,71],"card_choices":[{"not_picked":["Double Energy","Sweeping Beam"],"picked":"Conserve Battery","floor":1},{"not_picked":["Reprogram","Beam Cell"],"picked":"Cold Snap","floor":4},{"not_picked":["Sweeping Beam","Conserve Battery"],"picked":"Hologram","floor":7},{"not_picked":["Streamline","Cold Snap"],"picked":"Defragment","floor":10},{"not_picked":["Sweeping Beam","Steam"],"picked":"Static Discharge","floor":14},{"not_picked":["Thunder Strike","Core Surge"],"picked":"Fission","floor":16},{"not_picked":["Cold Snap","Go for the Eyes"],"picked":"Capacitor","floor":17},{"not_picked":["Static Discharge","Fusion"],"picked":"Echo Form","floor":17},{"not_picked":["Stack","Redo"],"picked":"Beam Cell","floor":17},{"not_picked":["Stack","Rebound"],"picked":"Ball Lightning","floor":17},{"not_picked":["Steam","Ball Lightning"],"picked":"Coolheaded","floor":17},{"not_picked":["Conserve Battery","Heatsinks"],"picked":"Redo","floor":18},{"not_picked":["Go for the Eyes","Static Discharge"],"picked":"Barrage","floor":20}],"player_experience":1949897,"relics_obtained":[{"floor":7,"key":"Regal Pillow"},{"floor":9,"key":"Darkstone Periapt"},{"floor":10,"key":"Singing Bowl"},{"floor":14,"key":"Bag of Preparation"}],"event_choices":[{"damage_healed":0,"gold_gain":0,"player_choice":"Success","damage_taken":35,"relics_obtained":["Unceasing Top"],"max_hp_gain":0,"max_hp_loss":0,"event_name":"Scrap Ooze","floor":2,"gold_loss":0},{"damage_healed":0,"gold_gain":0,"player_choice":"2 cards matched","damage_taken":0,"max_hp_gain":0,"max_hp_loss":0,"event_name":"Match and Keep!","floor":3,"gold_loss":0,"cards_obtained":["Zap","White Noise"]},{"cards_removed":["Strike_B"],"damage_healed":0,"gold_gain":0,"player_choice":"Card Removal","damage_taken":7,"max_hp_gain":0,"max_hp_loss":0,"event_name":"Golden Wing","floor":5,"gold_loss":0},{"damage_healed":0,"gold_gain":30,"player_choice":"Searched \u00273\u0027 times","damage_taken":0,"max_hp_gain":0,"max_hp_loss":0,"event_name":"Dead Adventurer","floor":7,"gold_loss":0},{"damage_healed":0,"gold_gain":0,"player_choice":"Simplicity","damage_taken":0,"max_hp_gain":0,"max_hp_loss":0,"event_name":"Back to Basics","floor":19,"gold_loss":0,"cards_upgraded":["Strike_B","Strike_B","Defend_B","Defend_B","Defend_B","Defend_B"]}],"is_beta":false,"boss_relics":[{"not_picked":["White Beast Statue","Snecko Eye"],"picked":"Orrery"}],"items_purged_floors":[12],"is_endless":false,"potions_floor_spawned":[1,10,14,16,20],"killed_by":"Centurion and Healer","ascension_level":18}