{"gold_per_floor":[119,119,119,44,63,63,88,63,116,116,134,150,150,169,169,169],"floor_reached":16,"playtime":644,"items_purged":["Parasite"],"score":155,"play_id":"0cdb6e4b-a8e7-4e10-b2e9-f528e7e0affe","local_time":"20190920203219","is_ascension_mode":true,"campfire_choices":[{"data":"Double Tap","floor":6,"key":"SMITH"},{"floor":13,"key":"REST"},{"floor":15,"key":"REST"}],"neow_cost":"CURSE","seed_source_timestamp":818655803290309,"circlet_count":0,"master_deck":["AscendersBane","Strike_R+1","Strike_R","Strike_R","Strike_R+1","Defend_R","Defend_R","Defend_R","Defend_R","Bash","Double Tap+1","Metallicize","Pommel Strike","Shockwave","Shockwave","Feel No Pain"],"relics":["Burning Blood","Unceasing Top","Bottled Lightning","Dream Catcher","Charon\u0027s Ashes"],"potions_floor_usage":[12,16],"damage_taken":[{"damage":9,"enemies":"2 Louse","floor":1,"turns":2},{"damage":2,"enemies":"Jaw Worm","floor":5,"turns":3},{"damage":51,"enemies":"Gremlin Nob","floor":7,"turns":5},{"damage":6,"enemies":"Small Slimes","floor":11,"turns":5},{"damage":9,"enemies":"Exordium Thugs","floor":12,"turns":7},{"damage":7,"enemies":"3 Louse","floor":14,"turns":4},{"damage":54,"enemies":"The Guardian","floor":16,"turns":15}],"seed_played":"8326224004197291879","potions_obtained":[{"floor":7,"key":"Energy Potion"},{"floor":11,"key":"SpeedPotion"},{"floor":12,"key":"LiquidBronze"}],"is_trial":false,"path_per_floor":["M","?","?","$","M","R","E","?","T","?","M","M","R","M","R","B"],"character_chosen":"IRONCLAD","items_purchased":[],"campfire_rested":2,"item_purchase_floors":[],"current_hp_per_floor":[69,53,53,53,57,57,12,12,12,12,12,9,32,31,54,0],"gold":169,"neow_bonus":"ONE_RARE_RELIC","is_prod":false,"is_daily":false,"chose_seed":false,"campfire_upgraded":1,"win_rate":0,"timestamp":1569025939,"path_taken":["M","?","?","$","M","R","E","?","T","?","?","M","R","M","R","BOSS"],"build_version":"2019-09-20","purchased_purges":1,"victory":false,"max_hp_per_floor":[80,80,80,77,77,77,77,77,77,77,77,77,77,77,77,77],"card_choices":[{"not_picked":["Searing Blow","Sword Boomerang","Wild Strike"],"picked":"SKIP","floor":1},{"not_picked":["Dual Wield","Body Slam","Sentinel"],"picked":"SKIP","floor":5},{"not_picked":["Reckless Charge","Wild Strike"],"picked":"Metallicize","floor":7},{"not_picked":["Heavy Blade","Corruption"],"picked":"Pommel Strike","floor":11},{"not_picked":["Hemokinesis","Iron Wave"],"picked":"Shockwave","floor":12},{"not_picked":["Searing Blow","Twin Strike"],"picked":"Shockwave","floor":14},{"not_picked":["Armaments","Shockwave"],"picked":"Feel No Pain","floor":15}],"player_experience":412108,"relics_obtained":[{"floor":7,"key":"Bottled Lightning"},{"floor":9,"key":"Dream Catcher"}],"event_choices":[{"damage_healed":0,"gold_gain":0,"player_choice":"Entered Light","damage_taken":16,"max_hp_gain":0,"max_hp_loss":0,"event_name":"Shining Light","floor":2,"gold_loss":0,"cards_upgraded":["Strike_R","Strike_R"]},{"damage_healed":0,"gold_gain":0,"cards_transformed":["Strike_R"],"player_choice":"Change","damage_taken":0,"max_hp_gain":0,"max_hp_loss":0,"event_name":"Living Wall","floor":3,"gold_loss":0,"cards_obtained":["Double Tap"]},{"damage_healed":0,"gold_gain":0,"player_choice":"Left Gold","damage_taken":0,"max_hp_gain":0,"max_hp_loss":0,"event_name":"World of Goop","floor":8,"gold_loss":25},{"damage_healed":0,"gold_gain":0,"player_choice":"Gave Potion","damage_taken":0,"relics_obtained":["Charon\u0027s Ashes"],"max_hp_gain":0,"max_hp_loss":0,"event_name":"WeMeetAgain","floor":10,"gold_loss":0}],"is_beta":true,"boss_relics":[],"items_purged_floors":[4],"is_endless":false,"potions_floor_spawned":[7,11,12],"killed_by":"The Guardian","ascension_level":11}