{"gold_per_floor":[116,32,49,49,68,68,81,81,81,113,126,51,51,66,66,141,141,152,152,202,218,231,231,258,273,273,273,308,319,319,346,346,346],"floor_reached":33,"playtime":2342,"items_purged":["Strike_R"],"score":696,"play_id":"5db68aed-87a6-4586-9902-1b8788546eaa","local_time":"20190513225026","is_ascension_mode":true,"campfire_choices":[{"data":"Uppercut","floor":6,"key":"SMITH"},{"data":"Inflame","floor":8,"key":"SMITH"},{"data":"Immolate","floor":15,"key":"SMITH"},{"data":"Armaments","floor":23,"key":"SMITH"},{"data":"True Grit","floor":27,"key":"SMITH"},{"data":"Limit Break","floor":30,"key":"SMITH"},{"data":"Sword Boomerang","floor":32,"key":"SMITH"}],"neow_cost":"NONE","seed_source_timestamp":1570544448455230,"circlet_count":0,"master_deck":["AscendersBane","Strike_R","Strike_R","Strike_R","Defend_R","Defend_R","Defend_R","Defend_R","Bash","Sword Boomerang+1","Pommel Strike+1","Headbutt+1","Uppercut+1","Inflame+1","Immolate+1","Battle Trance","Limit Break+1","Reckless Charge+1","Ghostly","Ghostly","Ghostly","Shrug It Off","Seeing Red","Shrug It Off+1","Armaments+1","True Grit+1","Flame Barrier","Carnage+1"],"relics":["Burning Blood","Prayer Wheel","Kunai","Blue Candle","Whetstone","Busted Crown","Regal Pillow","Bag of Marbles","Anchor","Shuriken"],"potions_floor_usage":[16,21],"damage_taken":[{"damage":7,"enemies":"2 Louse","floor":1,"turns":3},{"damage":1,"enemies":"Cultist","floor":3,"turns":3},{"damage":4,"enemies":"Jaw Worm","floor":5,"turns":3},{"damage":21,"enemies":"Exordium Thugs","floor":7,"turns":5},{"damage":15,"enemies":"Lagavulin","floor":10,"turns":4},{"damage":24,"enemies":"Large Slime","floor":11,"turns":4},{"damage":13,"enemies":"Blue Slaver","floor":14,"turns":2},{"damage":16,"enemies":"Hexaghost","floor":16,"turns":7},{"damage":16,"enemies":"Shell Parasite","floor":18,"turns":3},{"damage":12,"enemies":"3 Byrds","floor":21,"turns":3},{"damage":11,"enemies":"Snecko","floor":22,"turns":4},{"damage":0,"enemies":"Slavers","floor":24,"turns":3},{"damage":0,"enemies":"Centurion and Healer","floor":25,"turns":5},{"damage":0,"enemies":"Gremlin Leader","floor":28,"turns":5},{"damage":6,"enemies":"Sentry and Sphere","floor":29,"turns":5},{"damage":10,"enemies":"Book of Stabbing","floor":31,"turns":4},{"damage":57,"enemies":"Collector","floor":33,"turns":7}],"seed_played":"3834100021977263828","potions_obtained":[{"floor":3,"key":"Swift Potion"},{"floor":5,"key":"EssenceOfSteel"},{"floor":18,"key":"Regen Potion"},{"floor":21,"key":"Ancient Potion"},{"floor":22,"key":"Fire Potion"}],"is_trial":false,"path_per_floor":["M","?","M","?","M","R","M","R","T","E","M","$","T","M","R","B",null,"M","?","?","M","M","R","E","M","T","R","E","M","R","E","R","B"],"character_chosen":"IRONCLAD","items_purchased":[],"campfire_rested":0,"item_purchase_floors":[],"current_hp_per_floor":[67,67,72,72,74,74,59,59,59,50,32,32,32,25,25,15,60,50,37,37,31,26,26,32,37,37,37,37,37,37,33,33,0],"gold":346,"neow_bonus":"THREE_CARDS","is_prod":false,"is_daily":false,"chose_seed":false,"campfire_upgraded":7,"win_rate":0,"timestamp":1557784226,"path_taken":["M","?","?","?","M","R","M","R","T","E","M","$","?","M","R","BOSS","M","?","?","?","M","R","E","M","T","R","E","M","R","E","R","BOSS"],"build_version":"2019-01-23","purchased_purges":1,"victory":false,"max_hp_per_floor":[75,75,75,75,75,75,75,75,75,75,75,75,75,75,75,75,75,75,37,37,37,37,37,37,37,37,37,37,37,37,37,37,37],"card_choices":[{"not_picked":["Clothesline","Thunderclap"],"picked":"Sword Boomerang","floor":0},{"not_picked":["Sever Soul","Carnage"],"picked":"Pommel Strike","floor":1},{"not_picked":["Thunderclap","Anger"],"picked":"Headbutt","floor":3},{"not_picked":["Carnage","Sentinel","Cleave"],"picked":"SKIP","floor":3},{"not_picked":["Battle Trance","Anger"],"picked":"Uppercut","floor":5},{"not_picked":["Rage","Cleave","Clash"],"picked":"SKIP","floor":5},{"not_picked":["Pummel","Body Slam"],"picked":"Inflame","floor":7},{"not_picked":["Combust","Body Slam"],"picked":"Immolate","floor":7},{"not_picked":["Corruption","Inflame","Burning Pact"],"picked":"SKIP","floor":10},{"not_picked":["Body Slam","Iron Wave"],"picked":"Battle Trance","floor":11},{"not_picked":["Entrench","Clash","Intimidate"],"picked":"SKIP","floor":11},{"not_picked":["Clash","Flex","Thunderclap"],"picked":"SKIP","floor":14},{"not_picked":["Havoc","Pommel Strike","Evolve"],"picked":"SKIP","floor":14},{"not_picked":["Dark Embrace","Impervious"],"picked":"Limit Break","floor":16},{"not_picked":[],"picked":"Reckless Charge+1","floor":18},{"not_picked":["Pommel Strike"],"picked":"SKIP","floor":18},{"not_picked":[],"picked":"Shrug It Off","floor":21},{"not_picked":[],"picked":"Seeing Red","floor":21},{"not_picked":[],"picked":"Shrug It Off+1","floor":22},{"not_picked":[],"picked":"Armaments","floor":22},{"not_picked":["Bloodletting"],"picked":"SKIP","floor":24},{"not_picked":[],"picked":"True Grit","floor":25},{"not_picked":[],"picked":"Flame Barrier","floor":25},{"not_picked":["Thunderclap"],"picked":"SKIP","floor":28},{"not_picked":[],"picked":"Carnage+1","floor":29},{"not_picked":["Clash"],"picked":"SKIP","floor":29},{"not_picked":["Carnage"],"picked":"SKIP","floor":31}],"player_experience":1013365,"relics_obtained":[{"floor":9,"key":"Kunai"},{"floor":10,"key":"Blue Candle"},{"floor":13,"key":"Whetstone"},{"floor":24,"key":"Regal Pillow"},{"floor":26,"key":"Bag of Marbles"},{"floor":28,"key":"Anchor"},{"floor":31,"key":"Shuriken"}],"event_choices":[{"damage_healed":0,"gold_gain":0,"player_choice":"Paid Gold","damage_taken":0,"relics_obtained":["Prayer Wheel"],"max_hp_gain":0,"max_hp_loss":0,"event_name":"WeMeetAgain","floor":2,"gold_loss":84},{"cards_removed":["Strike_R"],"damage_healed":0,"gold_gain":0,"player_choice":"Offered Basic","damage_taken":0,"max_hp_gain":0,"max_hp_loss":0,"event_name":"Bonfire Elementals","floor":4,"gold_loss":0},{"damage_healed":0,"gold_gain":0,"player_choice":"Became a Ghost","damage_taken":0,"max_hp_gain":0,"max_hp_loss":38,"event_name":"Ghosts","floor":19,"gold_loss":0,"cards_obtained":["Ghostly","Ghostly","Ghostly"]},{"damage_healed":0,"gold_gain":100,"player_choice":"Bet on Murderer","damage_taken":0,"max_hp_gain":0,"max_hp_loss":0,"event_name":"The Joust","floor":20,"gold_loss":50}],"is_beta":false,"boss_relics":[{"not_picked":["Calling Bell","Mark of Pain"],"picked":"Busted Crown"}],"items_purged_floors":[12],"is_endless":false,"potions_floor_spawned":[3,5,10,18,21,22],"killed_by":"Collector","ascension_level":19}