{"gold_per_floor":[114,127,139,149,149,180,198,228,228,228,228,247,281,294,294,396,396,415,260,295,305,325,351,351,379,379,406,406,437,437,456,456,558,558,577,593,606,188,188,219,219,254,307,307,136,136,149,169,169,169,169,169,17,42,42],"floor_reached":55,"playtime":3658,"items_purged":["Strike_B","Strike_B","Strike_B","Strike_B"],"score":1067,"play_id":"0f7542f1-57e3-41b8-873b-fb13daed1721","local_time":"20190927213439","is_ascension_mode":true,"campfire_choices":[{"floor":10,"key":"REST"},{"floor":15,"key":"REST"},{"data":"Creative AI","floor":24,"key":"SMITH"},{"data":"Biased Cognition","floor":32,"key":"SMITH"},{"data":"Seek","floor":41,"key":"SMITH"},{"floor":44,"key":"RECALL"},{"data":"White Noise","floor":46,"key":"SMITH"},{"data":"Biased Cognition","floor":49,"key":"SMITH"},{"data":"Loop","floor":52,"key":"SMITH"}],"neow_cost":"NONE","seed_source_timestamp":1408905424559811,"circlet_count":0,"master_deck":["Defend_B","Defend_B","Defend_B","Defend_B","Zap+1","Dualcast","Sweeping Beam","Glacier+1","Creative AI+1","Genetic Algorithm","Cold Snap","Darkness","Genetic Algorithm+1","Biased Cognition+1","Electrodynamics","Sunder","Biased Cognition+1","Compile Driver+1","Heatsinks","Capacitor+1","Hologram","Undo","Electrodynamics","Seek+1","Coolheaded","Decay","Core Surge","White Noise+1","Turbo","Consume+1","Multi-Cast","Loop+1","Coolheaded","Coolheaded","Compile Driver+1"],"relics":["Cracked Core","Cables","Mercury Hourglass","War Paint","Question Card","Pen Nib","Sozu","Red Mask","Eternal Feather","Pear","Gremlin Horn","Happy Flower","DataDisk","Black Star","Membership Card","Vajra","Dodecahedron","Potion Belt","Bottled Lightning","Orichalcum","Omamori","Centennial Puzzle","Bronze Scales","Bag of Preparation","Bottled Tornado"],"potions_floor_usage":[8,13,25,55,55],"damage_taken":[{"damage":0,"enemies":"Small Slimes","floor":1,"turns":3},{"damage":2,"enemies":"Jaw Worm","floor":2,"turns":3},{"damage":0,"enemies":"Cultist","floor":3,"turns":3},{"damage":0,"enemies":"2 Fungi Beasts","floor":4,"turns":3},{"damage":29,"enemies":"3 Sentries","floor":6,"turns":6},{"damage":2,"enemies":"Exordium Wildlife","floor":7,"turns":4},{"damage":19,"enemies":"Lagavulin","floor":8,"turns":9},{"damage":7,"enemies":"3 Louse","floor":12,"turns":2},{"damage":13,"enemies":"3 Sentries","floor":13,"turns":5},{"damage":0,"enemies":"Large Slime","floor":14,"turns":4},{"damage":24,"enemies":"The Guardian","floor":16,"turns":8},{"damage":0,"enemies":"Spheric Guardian","floor":18,"turns":2},{"damage":1,"enemies":"Masked Bandits","floor":20,"turns":3},{"damage":0,"enemies":"Chosen","floor":21,"turns":4},{"damage":5,"enemies":"Snecko","floor":22,"turns":5},{"damage":40,"enemies":"Gremlin Leader","floor":23,"turns":8},{"damage":13,"enemies":"Book of Stabbing","floor":25,"turns":5},{"damage":16,"enemies":"Slavers","floor":27,"turns":2},{"damage":0,"enemies":"Gremlin Leader","floor":29,"turns":5},{"damage":7,"enemies":"Snake Plant","floor":31,"turns":3},{"damage":24,"enemies":"Collector","floor":33,"turns":7},{"damage":8,"enemies":"3 Darklings","floor":35,"turns":2},{"damage":0,"enemies":"Orb Walker","floor":36,"turns":3},{"damage":0,"enemies":"Sphere and 2 Shapes","floor":37,"turns":5},{"damage":1,"enemies":"Giant Head","floor":40,"turns":8},{"damage":20,"enemies":"Nemesis","floor":42,"turns":7},{"damage":9,"enemies":"3 Darklings","floor":47,"turns":2},{"damage":2,"enemies":"Spire Growth","floor":48,"turns":4},{"damage":8,"enemies":"Donu and Deca","floor":50,"turns":5},{"damage":0,"enemies":"Shield and Spear","floor":54,"turns":5},{"damage":87,"enemies":"The Heart","floor":55,"turns":9}],"seed_played":"-8990584223138526433","potions_obtained":[{"floor":2,"key":"PotionOfCapacity"},{"floor":3,"key":"SteroidPotion"},{"floor":8,"key":"Energy Potion"},{"floor":13,"key":"Strength Potion"},{"floor":16,"key":"Regen Potion"}],"is_trial":false,"path_per_floor":["M","M","M","M","?","E","M","E","T","R","T","M","E","M","R","B",null,"M","$","?","M","M","E","R","E","T","E","?","E","?","M","R","B",null,"M","M","M","$","?","E","R","E","T","R","$","R","M","M","R","B",null,"R","$","E","B"],"character_chosen":"DEFECT","items_purchased":["Heatsinks","Membership Card","Turbo","Vajra","Dodecahedron","Centennial Puzzle","Loop","Bronze Scales"],"campfire_rested":2,"item_purchase_floors":[19,38,38,38,38,45,45,53],"current_hp_per_floor":[75,73,73,73,73,44,42,23,23,45,45,38,25,25,47,23,75,75,75,74,74,69,29,44,55,55,39,39,39,39,32,47,23,85,77,77,77,77,77,76,85,65,65,83,83,85,76,74,85,77,85,85,85,85,0],"gold":42,"neow_bonus":"UPGRADE_CARD","is_prod":false,"is_daily":false,"chose_seed":false,"campfire_upgraded":6,"win_rate":0,"timestamp":1569634479,"path_taken":["M","M","M","M","?","E","M","E","T","R","?","M","E","M","R","BOSS","M","$","?","M","M","E","R","E","T","E","?","E","?","M","R","BOSS","M","M","M","$","?","E","R","E","T","R","$","R","M","M","R","BOSS","R","$","E","BOSS"],"build_version":"2019-09-27","purchased_purges":4,"victory":false,"max_hp_per_floor":[75,75,75,75,75,75,75,75,75,75,75,75,75,75,75,75,75,75,75,75,75,75,75,75,85,85,85,85,85,85,85,85,85,85,85,85,85,85,85,85,85,85,85,85,85,85,85,85,85,85,85,85,85,85,85],"card_choices":[{"not_picked":["Ball Lightning","Lockon"],"picked":"Sweeping Beam","floor":1},{"not_picked":["Turbo","Conserve Battery"],"picked":"Glacier","floor":2},{"not_picked":["Conserve Battery","Coolheaded"],"picked":"Creative AI","floor":3},{"not_picked":["Barrage","Fusion"],"picked":"Genetic Algorithm","floor":4},{"not_picked":["Sweeping Beam","Rebound"],"picked":"Cold Snap","floor":6},{"not_picked":["Redo","Steam Power"],"picked":"Darkness","floor":7},{"not_picked":["Rebound","Barrage"],"picked":"Genetic Algorithm","floor":8},{"not_picked":["Barrage","Conserve Battery","Leap"],"picked":"Biased Cognition","floor":12},{"not_picked":["Redo","Cold Snap","Hologram"],"picked":"Electrodynamics","floor":13},{"not_picked":["Streamline","Blizzard","Recycle"],"picked":"Sunder","floor":14},{"not_picked":["Hyperbeam","Amplify","Seek"],"picked":"Biased Cognition","floor":16},{"not_picked":["Barrage","Ball Lightning","Static Discharge"],"picked":"Compile Driver+1","floor":18},{"not_picked":["Beam Cell+1","Gash+1","Tempest"],"picked":"Capacitor","floor":20},{"not_picked":["Beam Cell","Redo","Turbo"],"picked":"Hologram","floor":21},{"not_picked":["Static Discharge","Reprogram+1","Hologram"],"picked":"Undo","floor":22},{"not_picked":["Storm","Sweeping Beam+1","Lockon"],"picked":"Electrodynamics","floor":23},{"not_picked":["Rebound","Steam","Creative AI"],"picked":"Seek","floor":25},{"not_picked":["Hello World","Conserve Battery","Static Discharge"],"picked":"Coolheaded","floor":27},{"not_picked":["Gash","Stack+1","Creative AI","Ball Lightning+1"],"picked":"SKIP","floor":29},{"not_picked":["Go for the Eyes","Cold Snap+1","Barrage","Leap+1"],"picked":"SKIP","floor":31},{"not_picked":["Reboot","Hyperbeam","Buffer"],"picked":"Core Surge","floor":33},{"not_picked":["Conserve Battery","Leap+1","Hello World+1","BootSequence+1"],"picked":"SKIP","floor":35},{"not_picked":["Beam Cell+1","Lockon+1","Hologram","Sweeping Beam"],"picked":"SKIP","floor":36},{"not_picked":["Heatsinks","Rebound","Go for the Eyes+1"],"picked":"White Noise","floor":37},{"not_picked":["Gash+1","Tempest+1","Reprogram+1"],"picked":"Consume+1","floor":40},{"not_picked":["Double Energy+1","Coolheaded+1","BootSequence+1"],"picked":"Multi-Cast","floor":42},{"not_picked":["Cold Snap+1","Lockon","Hello World"],"picked":"Coolheaded","floor":47},{"not_picked":["Static Discharge","Steam","Sweeping Beam"],"picked":"Coolheaded","floor":48},{"not_picked":["Barrage","Gash","All For One"],"picked":"Compile Driver+1","floor":54}],"player_experience":435882,"relics_obtained":[{"floor":6,"key":"Cables"},{"floor":8,"key":"Mercury Hourglass"},{"floor":9,"key":"War Paint"},{"floor":11,"key":"Question Card"},{"floor":13,"key":"Pen Nib"},{"floor":20,"key":"Red Mask"},{"floor":23,"key":"Eternal Feather"},{"floor":25,"key":"Pear"},{"floor":26,"key":"Gremlin Horn"},{"floor":27,"key":"Happy Flower"},{"floor":29,"key":"DataDisk"},{"floor":40,"key":"Potion Belt"},{"floor":40,"key":"Bottled Lightning"},{"floor":42,"key":"Orichalcum"},{"floor":42,"key":"Omamori"},{"floor":54,"key":"Bag of Preparation"},{"floor":54,"key":"Bottled Tornado"}],"event_choices":[{"damage_healed":0,"gold_gain":0,"player_choice":"Ignored","damage_taken":0,"max_hp_gain":0,"max_hp_loss":0,"event_name":"Golden Idol","floor":5,"gold_loss":0},{"damage_healed":0,"gold_gain":0,"player_choice":"Fought Bandits","damage_taken":0,"max_hp_gain":0,"max_hp_loss":0,"event_name":"Masked Bandits","floor":20,"gold_loss":0},{"damage_healed":0,"gold_gain":0,"player_choice":"Ignored","damage_taken":0,"max_hp_gain":0,"max_hp_loss":0,"event_name":"Cursed Tome","floor":28,"gold_loss":0},{"damage_healed":0,"gold_gain":0,"player_choice":"Smashed Altar","damage_taken":0,"max_hp_gain":0,"max_hp_loss":0,"event_name":"Forgotten Altar","floor":30,"gold_loss":0,"cards_obtained":["Decay"]},{"damage_healed":0,"gold_gain":0,"player_choice":"Forge","damage_taken":0,"max_hp_gain":0,"max_hp_loss":0,"event_name":"Accursed Blacksmith","floor":39,"gold_loss":0,"cards_upgraded":["Capacitor"]}],"is_beta":true,"boss_relics":[{"not_picked":["Empty Cage","Cursed Key"],"picked":"Sozu"},{"not_picked":["SacredBark","Velvet Choker"],"picked":"Black Star"}],"items_purged_floors":[19,38,45,53],"is_endless":false,"potions_floor_spawned":[2,3,8,13,16,22,27,31,33,37,42],"killed_by":"The Heart","ascension_level":4}