{"gold_per_floor":[112,187,202,477,79,114,134,164,164,175,207,207,217,4,4,78,78,88,103,103,120,140,140,156,156,156,156,168,168],"floor_reached":29,"playtime":1122,"items_purged":["Regret"],"score":530,"play_id":"799a00c5-e87b-4cb6-a5b5-387b164fa201","local_time":"20190822165655","is_ascension_mode":true,"campfire_choices":[{"floor":12,"key":"REST"},{"floor":15,"key":"REST"},{"floor":23,"key":"REST"},{"floor":27,"key":"REST"}],"neow_cost":"NONE","seed_source_timestamp":733503886861500,"circlet_count":0,"master_deck":["AscendersBane","Strike_R","Strike_R","Strike_R","Strike_R","Strike_R","Defend_R","Defend_R","Defend_R","Defend_R","Bash","Power Through","Whirlwind","Metallicize","Thunderclap","Armaments+1","Flex","Flex","Clothesline","Shockwave","Barricade+1","Fiend Fire","Magnetism+1","Anger","Demon Form+1","Seeing Red","Pommel Strike","Rage","Anger+1","Infernal Blade","Entrench"],"relics":["Burning Blood","NeowsBlessing","Omamori","Question Card","Frozen Egg 2","Letter Opener","Blood Vial","Mark of Pain","Bottled Flame","Bottled Lightning"],"potions_floor_usage":[11,16,18,21,21,22],"damage_taken":[{"damage":0,"enemies":"Jaw Worm","floor":1,"turns":1},{"damage":0,"enemies":"Small Slimes","floor":3,"turns":1},{"damage":0,"enemies":"Lagavulin","floor":6,"turns":2},{"damage":3,"enemies":"Cultist","floor":7,"turns":4},{"damage":49,"enemies":"3 Sentries","floor":8,"turns":12},{"damage":0,"enemies":"Large Slime","floor":10,"turns":4},{"damage":34,"enemies":"Lagavulin","floor":11,"turns":9},{"damage":16,"enemies":"Gremlin Gang","floor":13,"turns":2},{"damage":33,"enemies":"The Guardian","floor":16,"turns":12},{"damage":4,"enemies":"3 Byrds","floor":18,"turns":5},{"damage":6,"enemies":"Chosen","floor":19,"turns":6},{"damage":31,"enemies":"Shelled Parasite and Fungi","floor":21,"turns":5},{"damage":30,"enemies":"Chosen and Byrds","floor":22,"turns":5},{"damage":38,"enemies":"Snecko","floor":24,"turns":5},{"damage":11,"enemies":"3 Cultists","floor":28,"turns":5},{"damage":37,"enemies":"Sentry and Sphere","floor":29,"turns":5}],"seed_played":"-8271931183199934447","potions_obtained":[{"floor":6,"key":"Ancient Potion"},{"floor":7,"key":"LiquidBronze"},{"floor":16,"key":"EntropicBrew"},{"floor":21,"key":"AttackPotion"}],"is_trial":false,"path_per_floor":["M","?","M","?","$","E","M","E","T","M","E","R","M","$","R","B",null,"M","M","?","M","M","R","M","T","T","R","M","M"],"character_chosen":"IRONCLAD","items_purchased":["Omamori","Metallicize","Thunderclap","Armaments","Magnetism+1","Anger"],"campfire_rested":4,"item_purchase_floors":[5,5,5,5,14,14],"current_hp_per_floor":[74,63,69,69,69,75,75,32,32,38,10,32,24,24,46,21,62,66,68,68,45,23,45,15,15,15,37,34,0],"gold":168,"neow_bonus":"THREE_ENEMY_KILL","is_prod":false,"is_daily":false,"chose_seed":false,"campfire_upgraded":0,"win_rate":0,"timestamp":1566485815,"path_taken":["M","?","M","?","$","E","M","E","T","M","E","R","M","$","R","BOSS","M","?","?","M","?","R","M","?","T","R","M","M"],"build_version":"2019-07-17","purchased_purges":1,"victory":false,"max_hp_per_floor":[75,75,75,75,75,75,75,75,75,75,75,75,75,75,75,75,75,75,75,75,75,75,75,75,75,75,75,75,75],"card_choices":[{"not_picked":["Clash","Thunderclap"],"picked":"Power Through","floor":1},{"not_picked":["True Grit","Ghostly Armor"],"picked":"Whirlwind","floor":3},{"not_picked":["Feed","Perfected Strike"],"picked":"Flex","floor":6},{"not_picked":["Perfected Strike","Iron Wave","Burning Pact"],"picked":"Flex","floor":7},{"not_picked":["Blood for Blood","Twin Strike","Entrench"],"picked":"Clothesline","floor":8},{"not_picked":["Evolve+1","Pommel Strike","Thunderclap"],"picked":"Shockwave","floor":10},{"not_picked":["Sword Boomerang","Whirlwind","Cleave"],"picked":"Barricade+1","floor":11},{"not_picked":["Blood for Blood","Uppercut","Warcry"],"picked":"Fiend Fire","floor":13},{"not_picked":["Reaper","Brutality+1","Immolate"],"picked":"Demon Form+1","floor":16},{"not_picked":["Rage","Thunderclap","True Grit"],"picked":"Seeing Red","floor":18},{"not_picked":["Havoc","Clash","Bloodletting"],"picked":"Pommel Strike","floor":19},{"not_picked":["Warcry","Sword Boomerang+1","Pummel+1"],"picked":"Rage","floor":21},{"not_picked":["Heavy Blade+1","Sever Soul+1","Thunderclap"],"picked":"Anger+1","floor":22},{"not_picked":["Thunderclap","Flex","Sword Boomerang"],"picked":"Infernal Blade","floor":24},{"not_picked":["Disarm","Flex","Blood for Blood"],"picked":"Entrench","floor":28}],"player_experience":1946523,"relics_obtained":[{"floor":6,"key":"Question Card"},{"floor":8,"key":"Frozen Egg 2"},{"floor":9,"key":"Letter Opener"},{"floor":11,"key":"Blood Vial"},{"floor":25,"key":"Bottled Flame"},{"floor":26,"key":"Bottled Lightning"}],"event_choices":[{"damage_healed":0,"gold_gain":75,"player_choice":"Gather Gold","damage_taken":11,"max_hp_gain":0,"max_hp_loss":0,"event_name":"World of Goop","floor":2,"gold_loss":0},{"damage_healed":0,"gold_gain":275,"player_choice":"Desecrate","damage_taken":0,"max_hp_gain":0,"max_hp_loss":0,"event_name":"Golden Shrine","floor":4,"gold_loss":0,"cards_obtained":["Regret"]},{"damage_healed":0,"gold_gain":0,"player_choice":"Forge","damage_taken":0,"max_hp_gain":0,"max_hp_loss":0,"event_name":"Accursed Blacksmith","floor":20,"gold_loss":0,"cards_upgraded":["Armaments"]}],"is_beta":false,"boss_relics":[{"not_picked":["Runic Cube","Tiny House"],"picked":"Mark of Pain"}],"items_purged_floors":[5],"is_endless":false,"potions_floor_spawned":[6,7,16,21],"killed_by":"Sentry and Sphere","ascension_level":19}