{"gold_per_floor":[361,37,47,47,60,60,7,7,32,57,57,75,109,9,9,106,106,123,123,0,18,32,32,50,30,30,30,40,56,56,69,69,69],"floor_reached":33,"playtime":1255,"items_purged":["Strike_R","Strike_R"],"score":411,"play_id":"3daf8e20-9db8-4922-b0a8-15e7e8f934cd","local_time":"20190221025008","is_ascension_mode":true,"campfire_choices":[{"data":"Bash","floor":6,"key":"SMITH"},{"data":"True Grit","floor":8,"key":"SMITH"},{"data":"Infernal Blade","floor":11,"key":"SMITH"},{"floor":15,"key":"REST"},{"data":"1","floor":23,"key":"LIFT"},{"floor":27,"key":"REST"},{"floor":30,"key":"REST"},{"floor":32,"key":"REST"}],"neow_cost":"PERCENT_DAMAGE","seed_source_timestamp":82616738625100,"circlet_count":0,"master_deck":["AscendersBane","Defend_R","Defend_R","Defend_R","Defend_R","Bash+1","Headbutt","Flame Barrier","Infernal Blade+1","True Grit+1","Bloodletting","Dropkick","Inflame","Reaper+1","True Grit+1","Writhe","Corruption","Pommel Strike+1","Shrug It Off","Anger+1","Uppercut+1","Shrug It Off","Heavy Blade+1"],"relics":["Burning Blood","Paper Frog","Vajra","Girya","Molten Egg 2","Empty Cage","Oddly Smooth Stone","Bottled Flame"],"potions_floor_usage":[10,16,18,21,21,28,28],"damage_taken":[{"damage":2,"enemies":"2 Louse","floor":1,"turns":3},{"damage":0,"enemies":"Cultist","floor":3,"turns":2},{"damage":9,"enemies":"Jaw Worm","floor":5,"turns":4},{"damage":22,"enemies":"3 Sentries","floor":10,"turns":9},{"damage":3,"enemies":"2 Fungi Beasts","floor":12,"turns":3},{"damage":18,"enemies":"Gremlin Nob","floor":13,"turns":3},{"damage":18,"enemies":"The Guardian","floor":16,"turns":9},{"damage":50,"enemies":"Spheric Guardian","floor":18,"turns":7},{"damage":7,"enemies":"3 Byrds","floor":21,"turns":3},{"damage":5,"enemies":"Snecko","floor":22,"turns":5},{"damage":43,"enemies":"Cultist and Chosen","floor":24,"turns":8},{"damage":10,"enemies":"Centurion and Healer","floor":28,"turns":7},{"damage":19,"enemies":"Snake Plant","floor":29,"turns":4},{"damage":22,"enemies":"Sentry and Sphere","floor":31,"turns":7},{"damage":84,"enemies":"Champ","floor":33,"turns":11}],"seed_played":"-727062379830534986","potions_obtained":[{"floor":5,"key":"LiquidBronze"},{"floor":10,"key":"LiquidBronze"},{"floor":13,"key":"Poison Potion"},{"floor":18,"key":"LiquidBronze"},{"floor":24,"key":"GamblersBrew"},{"floor":25,"key":"Block Potion"},{"floor":29,"key":"Ancient Potion"}],"is_trial":false,"path_per_floor":["M","$","M","?","M","R","$","R","T","E","R","M","E","$","R","B",null,"M","?","$","M","M","R","M","?","T","R","M","M","R","M","R","B"],"character_chosen":"IRONCLAD","items_purchased":["Paper Frog","True Grit","Corruption","Energy Potion"],"campfire_rested":4,"item_purchase_floors":[2,7,20,20],"current_hp_per_floor":[55,55,61,61,58,58,58,58,58,42,42,45,33,33,57,45,71,27,27,27,34,35,35,12,12,12,36,50,38,62,46,70,0],"gold":69,"neow_bonus":"TWO_FIFTY_GOLD","is_prod":false,"is_daily":false,"chose_seed":false,"campfire_upgraded":3,"win_rate":0,"timestamp":1550713808,"path_taken":["M","$","M","?","M","R","?","R","T","E","R","M","E","$","R","BOSS","M","?","$","M","M","R","M","?","T","R","M","M","R","M","R","BOSS"],"build_version":"2019-01-23","purchased_purges":2,"victory":false,"max_hp_per_floor":[80,80,80,80,80,80,80,80,80,80,80,80,80,80,80,80,80,80,80,80,80,80,80,80,80,80,80,80,80,80,80,80,80],"card_choices":[{"not_picked":["Flex","Searing Blow"],"picked":"Headbutt","floor":1},{"not_picked":["Fire Breathing","Intimidate"],"picked":"Flame Barrier","floor":3},{"not_picked":["Pommel Strike","Sword Boomerang"],"picked":"Infernal Blade","floor":5},{"not_picked":["Reaper","Hemokinesis"],"picked":"Bloodletting","floor":10},{"not_picked":["Cleave","Body Slam"],"picked":"Dropkick","floor":12},{"not_picked":["Searing Blow","Iron Wave"],"picked":"Inflame","floor":13},{"not_picked":["Exhume","Immolate+1"],"picked":"Reaper+1","floor":16},{"not_picked":["Warcry","Perfected Strike+1"],"picked":"True Grit+1","floor":18},{"not_picked":["Iron Wave+1","Flex"],"picked":"Pommel Strike+1","floor":21},{"not_picked":["True Grit","Burning Pact"],"picked":"Shrug It Off","floor":22},{"not_picked":["Second Wind","Thunderclap+1"],"picked":"Anger+1","floor":24},{"not_picked":["Armaments","Seeing Red"],"picked":"Uppercut+1","floor":28},{"not_picked":["Intimidate","Searing Blow+1"],"picked":"Shrug It Off","floor":29},{"not_picked":["Perfected Strike+1","Havoc"],"picked":"Heavy Blade+1","floor":31}],"player_experience":826160,"relics_obtained":[{"floor":9,"key":"Vajra"},{"floor":10,"key":"Girya"},{"floor":13,"key":"Molten Egg 2"},{"floor":26,"key":"Bottled Flame"}],"event_choices":[{"cards_removed":["Strike_R"],"damage_healed":0,"gold_gain":0,"player_choice":"Purged","damage_taken":0,"max_hp_gain":0,"max_hp_loss":0,"event_name":"Purifier","floor":4,"gold_loss":0},{"damage_healed":0,"gold_gain":0,"player_choice":"Opened","damage_taken":0,"relics_obtained":["Oddly Smooth Stone"],"max_hp_gain":0,"max_hp_loss":0,"event_name":"The Mausoleum","floor":19,"gold_loss":0,"cards_obtained":["Writhe"]},{"damage_healed":0,"gold_gain":0,"player_choice":"Bought 1 Potion","damage_taken":0,"max_hp_gain":0,"max_hp_loss":0,"event_name":"The Woman in Blue","floor":25,"gold_loss":0}],"is_beta":false,"boss_relics":[{"not_picked":["Snecko Eye","Mark of Pain"],"picked":"Empty Cage"}],"items_purged_floors":[2,14],"is_endless":false,"potions_floor_spawned":[5,10,13,18,24,29],"killed_by":"Champ","ascension_level":12}