{"gold_per_floor":[115,40,40,40,15,15,25,43,95,95,107,107,107,7,7,109,109,90,100,100,111,111,111,124,124,124,143,161,181,181,197,197,302,302,313,313,313,313,238,238,254,254,254,103,116,116,66,101,101,101],"floor_reached":50,"playtime":2513,"items_purged":["Strike_B","Defend_B"],"score":560,"play_id":"b8e36c8d-e53a-479d-aa02-114a1d7597e2","local_time":"20191008105356","is_ascension_mode":false,"campfire_choices":[{"data":"Coolheaded","floor":6.0,"key":"SMITH"},{"data":"Hologram","floor":10.0,"key":"SMITH"},{"data":"Buffer","floor":12.0,"key":"SMITH"},{"data":"Dualcast","floor":15.0,"key":"SMITH"},{"data":"Defend_B","floor":23.0,"key":"SMITH"},{"data":"Defend_B","floor":25.0,"key":"SMITH"},{"data":"Turbo","floor":30.0,"key":"SMITH"},{"data":"Defend_B","floor":32.0,"key":"SMITH"},{"data":"Defragment","floor":40,"key":"SMITH"},{"data":"Turbo","floor":42,"key":"SMITH"},{"data":"Madness","floor":46,"key":"SMITH"},{"data":"All For One","floor":49,"key":"SMITH"}],"neow_cost":"TEN_PERCENT_HP_LOSS","seed_source_timestamp":0,"circlet_count":0,"master_deck":["Defend_B+1","Defend_B+1","Defend_B+1","Dualcast+1","Coolheaded+1","Hologram+1","Gash","Buffer+1","Coolheaded+1","Go for the Eyes+1","Capacitor+1","Turbo+1","All For One+1","Turbo+1","Madness+1","Defragment+1","Steam","Reinforced Body","Parasite","Steam+1"],"special_seed":0,"relics":["Cracked Core","Dream Catcher","Potion Belt","Cursed Key","Black Star","Orichalcum","Omamori"],"potions_floor_usage":[50,50,50,50],"damage_taken":[{"damage":0.0,"enemies":"2 Louse","floor":1.0,"turns":2.0},{"damage":3.0,"enemies":"Small Slimes","floor":7.0,"turns":3.0},{"damage":0.0,"enemies":"Cultist","floor":8.0,"turns":3.0},{"damage":5.0,"enemies":"2 Fungi Beasts","floor":11.0,"turns":5.0},{"damage":0.0,"enemies":"The Guardian","floor":16.0,"turns":9.0},{"damage":3.0,"enemies":"2 Thieves","floor":18.0,"turns":4.0},{"damage":0.0,"enemies":"Spheric Guardian","floor":19.0,"turns":4.0},{"damage":0.0,"enemies":"Centurion and Healer","floor":21.0,"turns":5.0},{"damage":5.0,"enemies":"Cultist and Chosen","floor":24.0,"turns":11.0},{"damage":0.0,"enemies":"Shelled Parasite and Fungi","floor":27.0,"turns":5.0},{"damage":0.0,"enemies":"Snecko","floor":28.0,"turns":7.0},{"damage":0.0,"enemies":"Snake Plant","floor":29.0,"turns":6.0},{"damage":0.0,"enemies":"Centurion and Healer","floor":31.0,"turns":8.0},{"damage":8,"enemies":"Automaton","floor":33,"turns":14},{"damage":0,"enemies":"Orb Walker","floor":35,"turns":4},{"damage":0,"enemies":"3 Shapes","floor":41,"turns":2},{"damage":2,"enemies":"Writhing Mass","floor":45,"turns":16},{"damage":0,"enemies":"Giant Head","floor":48,"turns":9},{"damage":0,"enemies":"Time Eater","floor":50,"turns":3}],"seed_played":"7454716702073477540","potions_obtained":[{"floor":8.0,"key":"EssenceOfSteel"},{"floor":16.0,"key":"Poison Potion"},{"floor":18.0,"key":"EssenceOfSteel"},{"floor":28.0,"key":"Poison Potion"},{"floor":29.0,"key":"SkillPotion"}],"is_trial":false,"path_per_floor":["M","$","?","?","$","R","M","M","T","R","M","R","?","$","R","B",null,"M","M","$","M","$","R","M","R","T","M","M","M","R","M","R","B",null,"M","?","?","?","$","R","M","R","T","$","M","R","$","E","R","B"],"character_chosen":"DEFECT","items_purchased":["Coolheaded","Defragment","Steam","Reinforced Body","Dexterity Potion","Dexterity Potion"],"campfire_rested":0,"item_purchase_floors":[5,39,44,44,44,47],"current_hp_per_floor":[68,68,61,61,61,61,58,58,58,58,53,53,50,50,50,50,68,65,65,65,65,65,65,60,60,60,60,60,60,60,60,60,52,68,68,68,68,58,58,58,58,58,58,58,56,56,56,56,56,56],"gold":101,"neow_bonus":"REMOVE_TWO","is_prod":false,"is_daily":false,"chose_seed":false,"campfire_upgraded":12,"win_rate":0,"timestamp":1570557236,"path_taken":["M","$","?","?","$","R","M","?","T","R","M","R","?","$","R","BOSS","M","M","$","M","$","R","M","R","T","M","M","M","R","M","R","BOSS","M","?","?","?","?","R","M","R","T","$","M","R","$","E","R","BOSS"],"build_version":"2019-07-17","purchased_purges":2,"victory":false,"max_hp_per_floor":[68,68,68,68,68,68,68,68,68,68,68,68,68,68,68,68,68,68,68,68,68,68,68,68,68,68,68,68,68,68,68,68,68,68,68,68,68,68,68,68,68,68,68,68,68,68,68,68,68,68],"card_choices":[{"not_picked":["Conserve Battery","Recycle","Consume"],"picked":"SKIP","floor":1.0},{"not_picked":["Streamline","Conserve Battery"],"picked":"Hologram","floor":7.0},{"not_picked":["Turbo","Streamline"],"picked":"Gash","floor":8.0},{"not_picked":["Ball Lightning","Compile Driver"],"picked":"Buffer","floor":11.0},{"not_picked":["Storm+1","Stack","Blizzard"],"picked":"SKIP","floor":18.0},{"not_picked":["Lockon","Static Discharge"],"picked":"Coolheaded+1","floor":19.0},{"not_picked":["Force Field+1","Conserve Battery+1"],"picked":"Go for the Eyes+1","floor":21.0},{"not_picked":["Genetic Algorithm","Reprogram"],"picked":"Capacitor+1","floor":24.0},{"not_picked":["Rebound+1","Stack","Compile Driver"],"picked":"SKIP","floor":27.0},{"not_picked":["Recycle","Heatsinks","Redo"],"picked":"SKIP","floor":28.0},{"not_picked":["Barrage+1","Steam+1"],"picked":"Turbo","floor":29.0},{"not_picked":["Streamline","Melter","Lockon"],"picked":"SKIP","floor":31.0},{"not_picked":["Creative AI","Fission"],"picked":"All For One","floor":33},{"not_picked":["Redo+1","Go for the Eyes"],"picked":"Turbo","floor":35},{"not_picked":["Sadistic Nature","Jack Of All Trades"],"picked":"Madness","floor":38},{"not_picked":["Leap","Doom and Gloom","Recycle"],"picked":"SKIP","floor":41},{"not_picked":["Self Repair","Sweeping Beam","Rip and Tear"],"picked":"SKIP","floor":45},{"not_picked":["Aggregate","Static Discharge"],"picked":"Steam+1","floor":48}],"player_experience":361007,"relics_obtained":[{"floor":9.0,"key":"Dream Catcher"},{"floor":48,"key":"Orichalcum"},{"floor":48,"key":"Omamori"}],"event_choices":[{"cards_removed":["Strike_B"],"damage_healed":0.0,"max_hp_gain":0.0,"max_hp_loss":0.0,"gold_gain":0.0,"event_name":"Golden Wing","player_choice":"Card Removal","floor":3.0,"gold_loss":0.0,"damage_taken":7.0},{"damage_healed":0.0,"max_hp_gain":0.0,"max_hp_loss":0.0,"gold_gain":0.0,"event_name":"Accursed Blacksmith","player_choice":"Forge","floor":4.0,"gold_loss":0.0,"damage_taken":0.0,"cards_upgraded":["Zap"]},{"damage_healed":0.0,"max_hp_gain":0.0,"max_hp_loss":0.0,"gold_gain":0.0,"event_name":"Scrap Ooze","player_choice":"Success","floor":13.0,"gold_loss":0.0,"damage_taken":3.0,"relics_obtained":["Potion Belt"]},{"cards_removed":["Zap"],"damage_healed":0,"gold_gain":0,"player_choice":"Removed Skill","damage_taken":0,"max_hp_gain":0,"max_hp_loss":0,"event_name":"Falling","floor":36,"gold_loss":0},{"damage_healed":0,"gold_gain":0,"player_choice":"Ignored","damage_taken":0,"max_hp_gain":0,"max_hp_loss":0,"event_name":"Tomb of Lord Red Mask","floor":37,"gold_loss":0},{"damage_healed":0,"gold_gain":0,"player_choice":"Memory 3","damage_taken":10,"max_hp_gain":0,"max_hp_loss":0,"event_name":"SensoryStone","floor":38,"gold_loss":0}],"is_beta":false,"boss_relics":[{"not_picked":["Sozu","Runic Pyramid"],"picked":"Cursed Key"},{"not_picked":["Snecko Eye","Lizard Tail"],"picked":"Black Star"}],"items_purged_floors":[2,14],"is_endless":false,"potions_floor_spawned":[8,16,18,28,29,41],"killed_by":"Time Eater","ascension_level":0}