{"gold_per_floor":[109,122,36,53,71,98,98,125,125,135,135,135,85,85,85,85],"floor_reached":16,"playtime":887,"items_purged":["Strike_R"],"score":220,"play_id":"221a7bc2-cf2a-45c4-82a3-40cde1cf1598","local_time":"20190910231102","is_ascension_mode":true,"campfire_choices":[{"data":"Armaments","floor":7,"key":"SMITH"},{"floor":15,"key":"REST"}],"neow_cost":"NONE","seed_source_timestamp":11355581326569,"circlet_count":0,"master_deck":["AscendersBane","Strike_R","Strike_R","Strike_R","Strike_R","Defend_R","Defend_R","Defend_R","Defend_R","Bash","Armaments+1","Reckless Charge","True Grit+1","Corruption","Shockwave+1","Feel No Pain","Perfected Strike+1","Twin Strike","Inflame"],"relics":["Burning Blood","Smiling Mask","Blue Candle","Sundial"],"potions_floor_usage":[8,16,16],"damage_taken":[{"damage":4,"enemies":"2 Louse","floor":1,"turns":4},{"damage":8,"enemies":"Small Slimes","floor":2,"turns":4},{"damage":5,"enemies":"Jaw Worm","floor":4,"turns":4},{"damage":25,"enemies":"3 Louse","floor":5,"turns":6},{"damage":14,"enemies":"3 Sentries","floor":6,"turns":15},{"damage":31,"enemies":"Gremlin Nob","floor":8,"turns":6},{"damage":12,"enemies":"Large Slime","floor":10,"turns":5},{"damage":31,"enemies":"The Guardian","floor":16,"turns":2}],"seed_played":"1549563526660710684","potions_obtained":[{"floor":1,"key":"BloodPotion"},{"floor":4,"key":"Explosive Potion"},{"floor":8,"key":"LiquidBronze"}],"is_trial":false,"path_per_floor":["M","M","$","M","M","E","R","E","T","M","?","?","$","?","R","B"],"character_chosen":"IRONCLAD","items_purchased":["Corruption"],"campfire_rested":1,"item_purchase_floors":[3],"current_hp_per_floor":[70,68,68,69,50,42,42,35,35,29,29,6,6,6,28,0],"gold":85,"neow_bonus":"THREE_CARDS","is_prod":false,"is_daily":false,"chose_seed":false,"campfire_upgraded":1,"win_rate":0,"timestamp":1568153462,"path_taken":["M","M","$","M","M","E","R","E","T","M","?","?","$","?","R","BOSS"],"build_version":"2019-07-17","purchased_purges":1,"victory":false,"max_hp_per_floor":[75,75,75,75,75,75,75,75,75,75,75,75,75,75,75,75],"card_choices":[{"not_picked":["Intimidate","Clothesline"],"picked":"Armaments","floor":0},{"not_picked":["Sword Boomerang","Intimidate"],"picked":"Reckless Charge","floor":1},{"not_picked":["Armaments","Rupture"],"picked":"True Grit","floor":2},{"not_picked":["Cleave","Dropkick"],"picked":"Shockwave","floor":4},{"not_picked":["Battle Trance","Evolve"],"picked":"Feel No Pain","floor":5},{"not_picked":["Anger","Hemokinesis"],"picked":"Perfected Strike","floor":6},{"not_picked":["Blood for Blood","Limit Break"],"picked":"Twin Strike","floor":8},{"not_picked":["Anger","Sword Boomerang"],"picked":"Inflame","floor":10}],"player_experience":1200870,"relics_obtained":[{"floor":6,"key":"Smiling Mask"},{"floor":8,"key":"Blue Candle"},{"floor":9,"key":"Sundial"}],"event_choices":[{"damage_healed":0,"gold_gain":0,"player_choice":"Grow","damage_taken":0,"max_hp_gain":0,"max_hp_loss":0,"event_name":"Living Wall","floor":11,"gold_loss":0,"cards_upgraded":["Shockwave"]},{"damage_healed":0,"gold_gain":0,"player_choice":"Entered Light","damage_taken":23,"max_hp_gain":0,"max_hp_loss":0,"event_name":"Shining Light","floor":12,"gold_loss":0,"cards_upgraded":["Perfected Strike","True Grit"]},{"damage_healed":0,"gold_gain":0,"player_choice":"Searched \u00270\u0027 times","damage_taken":0,"max_hp_gain":0,"max_hp_loss":0,"event_name":"Dead Adventurer","floor":14,"gold_loss":0}],"is_beta":false,"boss_relics":[],"items_purged_floors":[13],"is_endless":false,"potions_floor_spawned":[1,4,5,8],"killed_by":"The Guardian","ascension_level":20}