{"gold_per_floor":[118,43,55,66,83,83,99,99,124,137,167,317,317,336,336,336],"floor_reached":16,"playtime":428,"items_purged":["Searing Blow"],"score":208,"play_id":"18b18805-0248-4df7-990c-974d543d0020","local_time":"20190518120824","is_ascension_mode":true,"campfire_choices":[{"data":"Searing Blow","floor":6,"key":"SMITH"},{"data":"Searing Blow+1","floor":8,"key":"SMITH"},{"data":"Searing Blow+2","floor":13,"key":"SMITH"},{"floor":15,"key":"REST"}],"neow_cost":"NONE","seed_source_timestamp":60120829296100,"circlet_count":0,"master_deck":["AscendersBane","Bash","Pummel","Searing Blow+3","Twin Strike","Whirlwind","Blood for Blood","Combust","Clothesline","Seeing Red","Shrug It Off","Doubt"],"relics":["Pandora\u0027s Box","Happy Flower","Regal Pillow"],"potions_floor_usage":[10,10,16,16],"damage_taken":[{"damage":6,"enemies":"Cultist","floor":1,"turns":3},{"damage":1,"enemies":"Jaw Worm","floor":3,"turns":2},{"damage":0,"enemies":"2 Louse","floor":4,"turns":1},{"damage":0,"enemies":"2 Fungi Beasts","floor":5,"turns":2},{"damage":11,"enemies":"Looter","floor":7,"turns":3},{"damage":18,"enemies":"Exordium Thugs","floor":10,"turns":2},{"damage":8,"enemies":"Gremlin Nob","floor":11,"turns":3},{"damage":1,"enemies":"2 Fungi Beasts","floor":14,"turns":2},{"damage":68,"enemies":"The Guardian","floor":16,"turns":7}],"seed_played":"5249589323706979261","potions_obtained":[{"floor":1,"key":"FearPotion"},{"floor":5,"key":"Explosive Potion"},{"floor":11,"key":"Block Potion"},{"floor":14,"key":"Ancient Potion"}],"is_trial":false,"path_per_floor":["M","$","M","M","M","R","M","R","T","M","E","?","R","M","R","B"],"character_chosen":"IRONCLAD","items_purchased":[],"campfire_rested":1,"item_purchase_floors":[],"current_hp_per_floor":[62,62,61,61,61,61,50,50,50,32,24,24,24,23,60,0],"gold":336,"neow_bonus":"BOSS_RELIC","is_prod":false,"is_daily":false,"chose_seed":false,"campfire_upgraded":3,"win_rate":0,"timestamp":1558174104,"path_taken":["M","$","M","M","?","R","?","R","T","M","E","?","R","M","R","BOSS"],"build_version":"2019-01-23","purchased_purges":1,"victory":false,"max_hp_per_floor":[75,75,75,75,75,75,75,75,75,75,75,75,75,75,75,75],"card_choices":[{"not_picked":["Intimidate","Body Slam"],"picked":"Shrug It Off","floor":1},{"not_picked":["Rupture","Flex","Uppercut"],"picked":"SKIP","floor":3},{"not_picked":["Headbutt","Clash","Searing Blow"],"picked":"SKIP","floor":4},{"not_picked":["Clash","Cleave","Hemokinesis"],"picked":"SKIP","floor":5},{"not_picked":["Sentinel","Dual Wield","Warcry"],"picked":"SKIP","floor":7},{"not_picked":["Pommel Strike","Bludgeon","Sword Boomerang"],"picked":"SKIP","floor":10},{"not_picked":["Feel No Pain","Seeing Red","Sword Boomerang"],"picked":"SKIP","floor":11},{"not_picked":["Body Slam","Carnage","Feel No Pain"],"picked":"SKIP","floor":14}],"player_experience":792102,"relics_obtained":[{"floor":9,"key":"Happy Flower"},{"floor":11,"key":"Regal Pillow"}],"event_choices":[{"damage_healed":0,"gold_gain":150,"player_choice":"AGREE","damage_taken":0,"max_hp_gain":0,"max_hp_loss":0,"event_name":"Liars Game","floor":12,"gold_loss":0,"cards_obtained":["Doubt"]}],"is_beta":false,"boss_relics":[],"items_purged_floors":[2],"is_endless":false,"potions_floor_spawned":[1,5,11,14],"killed_by":"The Guardian","ascension_level":20}