{"gold_per_floor":[368,4,22,40,58,58,82,82],"floor_reached":8,"playtime":431,"items_purged":["Injury"],"score":86,"play_id":"77590236-7e95-4398-b5c4-2179e11dfb5e","local_time":"20190617101706","is_ascension_mode":true,"campfire_choices":[{"data":"Neutralize","floor":6,"key":"SMITH"}],"neow_cost":"CURSE","seed_source_timestamp":26945007838800,"circlet_count":0,"master_deck":["AscendersBane","Defend_G","Defend_G","Defend_G","Defend_G","Defend_G","Strike_G","Strike_G","Strike_G","Strike_G","Strike_G","Survivor","Neutralize+1","Cloak And Dagger","Skewer","Well Laid Plans","Poisoned Stab","Caltrops","Deadly Poison","Catalyst"],"relics":["Ring of the Snake","Bronze Scales","Odd Mushroom"],"potions_floor_usage":[4,5,8],"damage_taken":[{"damage":0,"enemies":"2 Louse","floor":1,"turns":5},{"damage":0,"enemies":"Small Slimes","floor":3,"turns":4},{"damage":4,"enemies":"Jaw Worm","floor":4,"turns":3},{"damage":10,"enemies":"Large Slime","floor":5,"turns":6},{"damage":5,"enemies":"The Mushroom Lair","floor":7,"turns":5},{"damage":43,"enemies":"Lagavulin","floor":8,"turns":8}],"seed_played":"3629879841118294604","potions_obtained":[{"floor":1,"key":"FearPotion"},{"floor":3,"key":"Swift Potion"},{"floor":7,"key":"SkillPotion"}],"is_trial":false,"path_per_floor":["M","$","M","M","M","R","?","E"],"character_chosen":"THE_SILENT","items_purchased":["Skewer","Bronze Scales","Well Laid Plans"],"campfire_rested":0,"item_purchase_floors":[2,2,2],"current_hp_per_floor":[59,59,59,55,45,45,40,0],"gold":82,"neow_bonus":"TWO_FIFTY_GOLD","is_prod":false,"is_daily":false,"chose_seed":false,"campfire_upgraded":1,"win_rate":0,"timestamp":1560759426,"path_taken":["M","$","M","M","M","R","?","E"],"build_version":"2019-01-23","purchased_purges":1,"victory":false,"max_hp_per_floor":[66,66,66,66,66,66,66,66],"card_choices":[{"not_picked":["Setup","Sucker Punch"],"picked":"Cloak And Dagger","floor":1},{"not_picked":["Bane","Cloak And Dagger"],"picked":"Poisoned Stab","floor":3},{"not_picked":["Choke","Deflect"],"picked":"Caltrops","floor":4},{"not_picked":["Concentrate","Dagger Throw"],"picked":"Deadly Poison","floor":5},{"not_picked":["Skewer","Bane"],"picked":"Catalyst","floor":7}],"player_experience":1389103,"relics_obtained":[{"floor":7,"key":"Odd Mushroom"}],"event_choices":[{"damage_healed":0,"gold_gain":0,"player_choice":"Fought Mushrooms","damage_taken":0,"max_hp_gain":0,"max_hp_loss":0,"event_name":"Mushrooms","floor":7,"gold_loss":0}],"is_beta":false,"boss_relics":[],"items_purged_floors":[2],"is_endless":false,"potions_floor_spawned":[1,3,7],"killed_by":"Lagavulin","ascension_level":16}