{"gold_per_floor":[117,127,127,140,158,188,199,199,247,247,258,276,289,303,303,381,381,393,67,56,106,106],"floor_reached":22,"playtime":957,"items_purged":["Strike_B"],"score":484,"play_id":"23ff51e7-a33e-49e6-b7b7-389c70cfca69","local_time":"20190330174409","is_ascension_mode":true,"campfire_choices":[{"floor":8.0,"key":"REST"},{"data":"Blizzard","floor":10.0,"key":"SMITH"},{"floor":15.0,"key":"REST"}],"neow_cost":"NONE","seed_source_timestamp":0,"circlet_count":0,"master_deck":["AscendersBane","Defend_B","Defend_B","Defend_B","Defend_B","Zap","Leap+1","Ball Lightning+1","Fusion+1","Glacier","Sweeping Beam","Blizzard+1","Chill","Conserve Battery","Undo","Glacier","Capacitor","Barrage","Sunder","Biased Cognition","Compile Driver","Compile Driver"],"special_seed":0,"relics":["Astrolabe","Bottled Lightning","Vajra","Philosopher\u0027s Stone","ClockworkSouvenir"],"potions_floor_usage":[22],"damage_taken":[{"damage":0.0,"enemies":"2 Louse","floor":1.0,"turns":4.0},{"damage":0.0,"enemies":"Cultist","floor":2.0,"turns":4.0},{"damage":1.0,"enemies":"Jaw Worm","floor":4.0,"turns":3.0},{"damage":1.0,"enemies":"Exordium Thugs","floor":5.0,"turns":4.0},{"damage":30.0,"enemies":"Gremlin Nob","floor":6.0,"turns":5.0},{"damage":28.0,"enemies":"Large Slime","floor":7.0,"turns":6.0},{"damage":9.0,"enemies":"Red Slaver","floor":11.0,"turns":5.0},{"damage":0.0,"enemies":"2 Fungi Beasts","floor":12.0,"turns":3.0},{"damage":4.0,"enemies":"Exordium Thugs","floor":13.0,"turns":7.0},{"damage":7.0,"enemies":"Red Slaver","floor":14.0,"turns":3.0},{"damage":0.0,"enemies":"The Guardian","floor":16.0,"turns":8.0},{"damage":37.0,"enemies":"Shell Parasite","floor":18.0,"turns":7.0},{"damage":0.0,"enemies":"2 Thieves","floor":20.0,"turns":4.0},{"damage":27,"enemies":"Snake Plant","floor":22,"turns":5}],"seed_played":"8459187956897156162","potions_obtained":[{"floor":1.0,"key":"Block Potion"},{"floor":7.0,"key":"PowerPotion"},{"floor":11.0,"key":"SpeedPotion"},{"floor":16.0,"key":"Block Potion"}],"is_trial":false,"path_per_floor":["M","M","?","M","M","E","M","R","T","R","M","M","M","M","R","B",null,"M","$","M","?","M"],"character_chosen":"DEFECT","items_purchased":["Compile Driver","ClockworkSouvenir"],"campfire_rested":2,"item_purchase_floors":[19,19],"current_hp_per_floor":[64,64,64,63,62,32,4,25,25,25,16,16,12,5,26,26,60,23,23,23,23,0],"gold":106,"neow_bonus":"BOSS_RELIC","is_prod":false,"is_daily":false,"chose_seed":false,"campfire_upgraded":1,"win_rate":0,"timestamp":1553964249,"path_taken":["M","M","?","M","?","E","M","R","T","R","M","?","M","M","R","BOSS","M","$","M","?","M"],"build_version":"2019-01-23","purchased_purges":1,"victory":false,"max_hp_per_floor":[71,71,71,71,71,71,71,71,71,71,71,71,71,71,71,71,71,71,71,71,71,71],"card_choices":[{"not_picked":["Steam","Hologram"],"picked":"Glacier","floor":1.0},{"not_picked":["Hologram","Undo"],"picked":"Sweeping Beam","floor":2.0},{"not_picked":["Streamline","Go for the Eyes"],"picked":"Blizzard","floor":4.0},{"not_picked":["Double Energy","Compile Driver"],"picked":"Chill","floor":5.0},{"not_picked":["Gash","Beam Cell"],"picked":"Conserve Battery","floor":6.0},{"not_picked":["Stack","Darkness"],"picked":"Undo","floor":7.0},{"not_picked":["All For One","Tempest"],"picked":"Glacier","floor":11.0},{"not_picked":["Stack","Sweeping Beam"],"picked":"Capacitor","floor":12.0},{"not_picked":["Coolheaded","Rebound"],"picked":"Barrage","floor":13.0},{"not_picked":["Steam","Streamline"],"picked":"Sunder","floor":14.0},{"not_picked":["Seek","Core Surge"],"picked":"Biased Cognition","floor":16.0},{"not_picked":["Beam Cell","Go for the Eyes","Aggregate"],"picked":"SKIP","floor":18.0},{"not_picked":["Go for the Eyes","Force Field"],"picked":"Compile Driver","floor":20.0}],"player_experience":746715,"relics_obtained":[{"floor":6.0,"key":"Bottled Lightning"},{"floor":9.0,"key":"Vajra"}],"event_choices":[{"cards_removed":["Dualcast"],"damage_healed":0.0,"max_hp_gain":0.0,"max_hp_loss":0.0,"gold_gain":0.0,"event_name":"Bonfire Elementals","player_choice":"Offered Basic","floor":3.0,"gold_loss":0.0,"damage_taken":0.0},{"damage_healed":0.0,"max_hp_gain":0.0,"max_hp_loss":0.0,"gold_gain":50.0,"event_name":"Nest","player_choice":"Stole From Cult","floor":21.0,"gold_loss":0.0,"damage_taken":0.0}],"is_beta":false,"boss_relics":[{"not_picked":["Empty Cage","Pandora\u0027s Box"],"picked":"Philosopher\u0027s Stone"}],"items_purged_floors":[19],"is_endless":false,"potions_floor_spawned":[1,7,11,16],"killed_by":"Snake Plant","ascension_level":20}