{"gold_per_floor":[110,124,49,59,73,73,101,101,101,101,127,127,142,142,142,142],"floor_reached":16,"playtime":502,"items_purged":["Strike_G"],"score":198,"play_id":"427f9c9c-5bc0-4a2b-b97f-129d862f0019","local_time":"20190615010914","is_ascension_mode":true,"campfire_choices":[{"data":"Neutralize","floor":6,"key":"SMITH"},{"data":"Crippling Poison","floor":8,"key":"SMITH"},{"data":"Flechettes","floor":12,"key":"SMITH"},{"data":"Poisoned Stab","floor":15,"key":"SMITH"}],"neow_cost":"NONE","seed_source_timestamp":262274885078000,"circlet_count":0,"master_deck":["AscendersBane","Defend_G","Defend_G","Defend_G","Defend_G","Defend_G","Strike_G","Strike_G","Strike_G","Strike_G","Survivor","Neutralize+1","Flechettes+1","Choke","Crippling Poison+1","Poisoned Stab+1","Corpse Explosion","Dodge and Roll+1","Tactician+1","Writhe"],"relics":["Ring of the Snake","NeowsBlessing","Bottled Flame","Toxic Egg 2","Frozen Egg 2"],"potions_floor_usage":[7,16,16],"damage_taken":[{"damage":0,"enemies":"2 Louse","floor":1,"turns":1},{"damage":0,"enemies":"Small Slimes","floor":2,"turns":1},{"damage":0,"enemies":"Cultist","floor":4,"turns":1},{"damage":0,"enemies":"Exordium Wildlife","floor":5,"turns":3},{"damage":24,"enemies":"Lagavulin","floor":7,"turns":6},{"damage":15,"enemies":"Gremlin Nob","floor":11,"turns":4},{"damage":3,"enemies":"Large Slime","floor":13,"turns":5},{"damage":23,"enemies":"The Guardian","floor":16,"turns":5}],"seed_played":"-8906641603876590396","potions_obtained":[{"floor":1,"key":"GamblersBrew"},{"floor":5,"key":"Swift Potion"},{"floor":11,"key":"SkillPotion"}],"is_trial":false,"path_per_floor":["M","M","$","M","M","R","E","R","T","?","E","R","M","?","R","B"],"character_chosen":"THE_SILENT","items_purchased":[],"campfire_rested":0,"item_purchase_floors":[],"current_hp_per_floor":[59,59,59,59,59,59,35,35,35,40,25,25,22,22,22,0],"gold":142,"neow_bonus":"THREE_ENEMY_KILL","is_prod":false,"is_daily":false,"chose_seed":false,"campfire_upgraded":4,"win_rate":0,"timestamp":1560553754,"path_taken":["M","M","$","M","M","R","E","R","T","?","E","R","M","?","R","BOSS"],"build_version":"2019-01-23","purchased_purges":1,"victory":false,"max_hp_per_floor":[66,66,66,66,66,66,66,66,66,71,71,71,71,71,71,71],"card_choices":[{"not_picked":["Underhanded Strike","Slice"],"picked":"Flechettes","floor":1},{"not_picked":["Outmaneuver","Prepared"],"picked":"Choke","floor":2},{"not_picked":["Underhanded Strike","Calculated Gamble"],"picked":"Crippling Poison","floor":4},{"not_picked":["Predator","All Out Attack"],"picked":"Poisoned Stab","floor":5},{"not_picked":["Bane","Unload"],"picked":"Corpse Explosion","floor":7},{"not_picked":["Accuracy","Riddle With Holes"],"picked":"Dodge and Roll+1","floor":11},{"not_picked":["Predator","Quick Slash"],"picked":"Tactician+1","floor":13}],"player_experience":1338007,"relics_obtained":[{"floor":7,"key":"Bottled Flame"},{"floor":9,"key":"Toxic Egg 2"},{"floor":11,"key":"Frozen Egg 2"}],"event_choices":[{"damage_healed":0,"gold_gain":0,"player_choice":"Donut","damage_taken":0,"max_hp_gain":5,"max_hp_loss":0,"event_name":"Big Fish","floor":10,"gold_loss":0},{"damage_healed":0,"gold_gain":0,"player_choice":"1 cards matched","damage_taken":0,"max_hp_gain":0,"max_hp_loss":0,"event_name":"Match and Keep!","floor":14,"gold_loss":0,"cards_obtained":["Writhe"]}],"is_beta":false,"boss_relics":[],"items_purged_floors":[3],"is_endless":false,"potions_floor_spawned":[1,5,11,13],"killed_by":"The Guardian","ascension_level":16}