{"gold_per_floor":[217,230,242,258,258,238,238,43,43,63,63,395,395,408,408,513,513,531,308,326,4,17,17,33,45,45,55,55,55,55,80,80,181,181,194,208,223,223,28,28,28,28,74,94,41,41,86,96,96,96],"floor_reached":50,"playtime":2347,"items_purged":["Strike_B","Strike_B","Strike_B","Normality"],"score":760,"play_id":"b883b5f4-ea2b-4132-97a6-bd2f04d9c1a3","local_time":"20190227083608","is_ascension_mode":true,"campfire_choices":[{"data":"Zap","floor":7,"key":"SMITH"},{"floor":11,"key":"REST"},{"data":"Double Energy","floor":13,"key":"SMITH"},{"data":"Defragment","floor":15,"key":"SMITH"},{"data":"Capacitor","floor":23,"key":"SMITH"},{"data":"Fusion","floor":28,"key":"SMITH"},{"floor":32,"key":"REST"},{"data":"Seek","floor":40,"key":"SMITH"},{"data":"Barrage","floor":46,"key":"SMITH"},{"floor":49,"key":"REST"}],"neow_cost":"NONE","seed_source_timestamp":620695308104500,"circlet_count":0,"master_deck":["AscendersBane","Defend_B","Defend_B","Defend_B","Defend_B","Zap+1","Dualcast","Defragment+1","Gash","Fusion+1","Reinforced Body","Leap","Chill","Ball Lightning","Double Energy+1","Electrodynamics","Reboot","Gash","Self Repair","Glacier","Auto Shields","Capacitor+1","Hologram","FTL","Gash","Go for the Eyes","Hologram","Beam Cell","Seek+1","Defragment+1","Skim","Barrage+1","Writhe","Stack","Capacitor+1","Steam Power+1","Compile Driver","Redo","Echo Form"],"relics":["Cracked Core","Pear","Old Coin","Eternal Feather","Shuriken","Omamori","Calling Bell","Juzu Bracelet","Letter Opener","Turnip","DataDisk","Emotion Chip"],"potions_floor_usage":[4,10,16,16,20,22,29,37,44,47,47,48],"damage_taken":[{"damage":1,"enemies":"Cultist","floor":1,"turns":3},{"damage":16,"enemies":"2 Louse","floor":2,"turns":3},{"damage":7,"enemies":"Jaw Worm","floor":3,"turns":4},{"damage":18,"enemies":"Exordium Wildlife","floor":4,"turns":5},{"damage":0,"enemies":"Blue Slaver","floor":10,"turns":4},{"damage":5,"enemies":"3 Sentries","floor":12,"turns":9},{"damage":8,"enemies":"Lots of Slimes","floor":14,"turns":6},{"damage":16,"enemies":"The Guardian","floor":16,"turns":10},{"damage":21,"enemies":"Shell Parasite","floor":18,"turns":6},{"damage":2,"enemies":"2 Thieves","floor":20,"turns":3},{"damage":18,"enemies":"Centurion and Healer","floor":22,"turns":9},{"damage":33,"enemies":"Sentry and Sphere","floor":24,"turns":6},{"damage":28,"enemies":"Snecko","floor":25,"turns":7},{"damage":0,"enemies":"Centurion and Healer","floor":27,"turns":8},{"damage":24,"enemies":"Colosseum Slavers","floor":29,"turns":6},{"damage":56,"enemies":"Champ","floor":33,"turns":14},{"damage":23,"enemies":"3 Shapes","floor":35,"turns":4},{"damage":19,"enemies":"Orb Walker","floor":36,"turns":5},{"damage":15,"enemies":"Transient","floor":37,"turns":5},{"damage":30,"enemies":"3 Darklings","floor":44,"turns":3},{"damage":26,"enemies":"2 Orb Walkers","floor":47,"turns":7},{"damage":14,"enemies":"4 Shapes","floor":48,"turns":4},{"damage":93,"enemies":"Awakened One","floor":50,"turns":6}],"seed_played":"-1683642996807547572","potions_obtained":[{"floor":2,"key":"Strength Potion"},{"floor":3,"key":"Energy Potion"},{"floor":6,"key":"FearPotion"},{"floor":12,"key":"PowerPotion"},{"floor":16,"key":"Block Potion"},{"floor":20,"key":"Regen Potion"},{"floor":24,"key":"Explosive Potion"},{"floor":33,"key":"Strength Potion"},{"floor":36,"key":"Fire Potion"},{"floor":37,"key":"Block Potion"},{"floor":44,"key":"FocusPotion"},{"floor":47,"key":"AttackPotion"}],"is_trial":false,"path_per_floor":["M","M","M","M","?","?","R","$","T","M","R","E","R","M","R","B",null,"M","$","M","$","M","R","M","M","T","M","R","?","?","T","R","B",null,"M","M","M","?","$","R","?","$","T","M","$","R","?","M","R","B"],"character_chosen":"DEFECT","items_purchased":["Leap","Chill","Self Repair","Glacier","Capacitor","Hologram","FTL","Stack","Compile Driver"],"campfire_rested":3,"item_purchase_floors":[8,8,19,19,21,21,21,39,45],"current_hp_per_floor":[67,51,44,26,19,19,19,19,29,29,54,49,49,41,41,25,70,49,49,47,47,51,66,33,12,12,19,34,17,45,45,85,36,73,57,45,37,58,58,76,76,76,76,46,46,67,48,41,85,0],"gold":96,"neow_bonus":"HUNDRED_GOLD","is_prod":false,"is_daily":false,"chose_seed":false,"campfire_upgraded":7,"win_rate":0,"timestamp":1551252968,"path_taken":["M","M","?","M","?","?","R","$","T","?","R","E","R","M","R","BOSS","M","$","M","$","M","R","M","M","T","M","R","?","?","?","R","BOSS","M","M","M","?","$","R","?","?","T","M","$","R","?","M","R","BOSS"],"build_version":"2019-01-23","purchased_purges":4,"victory":false,"max_hp_per_floor":[75,75,75,75,75,75,75,75,85,85,85,85,85,85,85,85,85,85,85,85,85,85,85,85,85,85,85,85,85,85,85,85,85,85,85,85,85,85,85,85,85,85,85,85,85,85,85,85,85,85],"card_choices":[{"not_picked":["Sweeping Beam","Self Repair"],"picked":"Defragment","floor":1},{"not_picked":["Turbo","Steam"],"picked":"Gash","floor":2},{"not_picked":["Sweeping Beam","Loop"],"picked":"Fusion","floor":3},{"not_picked":["Recycle","Rebound"],"picked":"Reinforced Body","floor":4},{"not_picked":["Steam","Compile Driver"],"picked":"Ball Lightning","floor":10},{"not_picked":["Conserve Battery","Gash"],"picked":"Double Energy","floor":12},{"not_picked":["Coolheaded","Hologram"],"picked":"Electrodynamics","floor":14},{"not_picked":["Electrodynamics","Hyperbeam"],"picked":"Reboot","floor":16},{"not_picked":["Turbo+1","Lockon"],"picked":"Gash","floor":18},{"not_picked":["Turbo","Loop"],"picked":"Auto Shields","floor":20},{"not_picked":["Sunder","Rebound+1"],"picked":"Gash","floor":22},{"not_picked":["Streamline","Stack"],"picked":"Go for the Eyes","floor":24},{"not_picked":["Recycle","Go for the Eyes"],"picked":"Hologram","floor":25},{"not_picked":["Thunder Strike","Reprogram"],"picked":"Beam Cell","floor":27},{"not_picked":["Amplify","Biased Cognition"],"picked":"Seek","floor":33},{"not_picked":["Streamline+1","Scrape"],"picked":"Defragment+1","floor":35},{"not_picked":["Cold Snap","Hello World"],"picked":"Skim","floor":36},{"not_picked":["Auto Shields","Hologram"],"picked":"Barrage","floor":37},{"not_picked":["Glacier","Steam+1"],"picked":"Steam Power+1","floor":44},{"not_picked":["Leap","Reinforced Body"],"picked":"Redo","floor":47},{"not_picked":["Coolheaded+1","Hologram"],"picked":"Echo Form","floor":48}],"player_experience":868300,"relics_obtained":[{"floor":9,"key":"Pear"},{"floor":12,"key":"Old Coin"},{"floor":26,"key":"Shuriken"},{"floor":31,"key":"Omamori"},{"floor":34,"key":"Juzu Bracelet"},{"floor":34,"key":"Letter Opener"},{"floor":34,"key":"Turnip"},{"floor":43,"key":"DataDisk"},{"floor":47,"key":"Emotion Chip"}],"event_choices":[{"cards_removed":["Strike_B"],"damage_healed":0,"gold_gain":0,"player_choice":"Card Removal","damage_taken":7,"max_hp_gain":0,"max_hp_loss":0,"event_name":"Golden Wing","floor":5,"gold_loss":0},{"damage_healed":0,"gold_gain":0,"player_choice":"Bought 1 Potion","damage_taken":0,"max_hp_gain":0,"max_hp_loss":0,"event_name":"The Woman in Blue","floor":6,"gold_loss":0},{"damage_healed":0,"gold_gain":0,"player_choice":"Fight","damage_taken":0,"max_hp_gain":0,"max_hp_loss":0,"event_name":"Colosseum","floor":29,"gold_loss":0},{"damage_healed":0,"gold_gain":0,"player_choice":"Fled From Nobs","damage_taken":0,"max_hp_gain":0,"max_hp_loss":0,"event_name":"Colosseum","floor":29,"gold_loss":0},{"damage_healed":28,"gold_gain":0,"player_choice":"Heal","damage_taken":0,"max_hp_gain":0,"max_hp_loss":0,"event_name":"The Library","floor":30,"gold_loss":0},{"damage_healed":21,"gold_gain":0,"player_choice":"Writhe","damage_taken":0,"max_hp_gain":0,"max_hp_loss":0,"event_name":"Winding Halls","floor":38,"gold_loss":0,"cards_obtained":["Writhe"]},{"damage_healed":0,"gold_gain":0,"player_choice":"Copied","damage_taken":0,"max_hp_gain":0,"max_hp_loss":0,"event_name":"Duplicator","floor":41,"gold_loss":0,"cards_obtained":["Capacitor"]},{"damage_healed":0,"gold_gain":0,"player_choice":"Fight","damage_taken":0,"max_hp_gain":0,"max_hp_loss":0,"event_name":"Mysterious Sphere","floor":47,"gold_loss":0}],"is_beta":false,"boss_relics":[{"not_picked":["Tiny House","Orrery"],"picked":"Eternal Feather"},{"not_picked":["Runic Dome","Snecko Eye"],"picked":"Calling Bell"}],"items_purged_floors":[8,19,21,39],"is_endless":false,"potions_floor_spawned":[2,3,12,14,16,20,24,29,33,36,37,44,47],"killed_by":"Awakened One","ascension_level":12}