{"gold_per_floor":[110,122,122,134,221,233,278,307,390,416,438,450,479,491,503,588,600,628,628,640,87,87,87,87],"floor_reached":24,"playtime":675,"items_purged":[],"score":488,"play_id":"0d9f5711-2764-4d8e-845e-361e7e24a462","local_time":"20190611231217","is_ascension_mode":true,"campfire_choices":[{"data":"Zap","floor":6,"key":"SMITH"},{"data":"Doom and Gloom","floor":12,"key":"SMITH"},{"floor":15,"key":"REST"},{"data":"Buffer","floor":23,"key":"SMITH"}],"neow_cost":"NONE","seed_source_timestamp":19849255764800,"circlet_count":0,"master_deck":["AscendersBane","Defend_B","Defend_B","Zap+1","Dualcast","Cold Snap","Ball Lightning","Heatsinks","Doom and Gloom+1","Redo","Steam","Steam Power","Buffer+1","Redo+1","Scrape+1","Thunder Strike+1","Leap","FTL+1","Turbo","Recycle","Loop","Sunder"],"relics":["Cracked Core","NeowsBlessing","MawBank","Sundial","Kunai","PrismaticShard","Omamori","Nloth\u0027s Gift"],"potions_floor_usage":[11,11,11,18,18,24],"damage_taken":[{"damage":0,"enemies":"Small Slimes","floor":1,"turns":1},{"damage":0,"enemies":"2 Louse","floor":2,"turns":1},{"damage":0,"enemies":"3 Sentries","floor":7,"turns":1},{"damage":2,"enemies":"Jaw Worm","floor":8,"turns":3},{"damage":0,"enemies":"Exordium Wildlife","floor":10,"turns":2},{"damage":2,"enemies":"Blue Slaver","floor":11,"turns":4},{"damage":5,"enemies":"Exordium Thugs","floor":13,"turns":3},{"damage":0,"enemies":"Slime Boss","floor":16,"turns":7},{"damage":10,"enemies":"3 Byrds","floor":18,"turns":4},{"damage":14,"enemies":"2 Thieves","floor":19,"turns":4},{"damage":49,"enemies":"Gremlin Leader","floor":24,"turns":4}],"seed_played":"9045858912686729753","potions_obtained":[{"floor":1,"key":"Weak Potion"},{"floor":8,"key":"EntropicBrew"},{"floor":11,"key":"GamblersBrew"},{"floor":18,"key":"Strength Potion"}],"is_trial":false,"path_per_floor":["M","M","?","$","?","R","E","M","T","M","M","R","M","?","R","B",null,"M","M","?","$","?","R","E"],"character_chosen":"DEFECT","items_purchased":["PrismaticShard","Omamori","Loop","Sunder"],"campfire_rested":1,"item_purchase_floors":[21,21,21,21],"current_hp_per_floor":[64,64,46,46,35,35,35,33,33,33,43,43,38,31,52,52,66,56,42,42,42,42,42,0],"gold":87,"neow_bonus":"THREE_ENEMY_KILL","is_prod":false,"is_daily":false,"chose_seed":false,"campfire_upgraded":3,"win_rate":0,"timestamp":1560287537,"path_taken":["M","M","?","$","?","R","E","M","T","M","?","R","M","?","R","BOSS","M","M","?","$","?","R","E"],"build_version":"2019-01-23","purchased_purges":0,"victory":false,"max_hp_per_floor":[71,71,71,71,71,71,71,71,71,71,71,71,71,71,71,71,71,71,71,71,71,71,71,71],"card_choices":[{"not_picked":["FTL","Compile Driver"],"picked":"Cold Snap","floor":1},{"not_picked":["Stack","Lockon"],"picked":"Ball Lightning","floor":2},{"not_picked":["Streamline","Aggregate"],"picked":"Heatsinks","floor":7},{"not_picked":["Turbo","Hello World"],"picked":"Doom and Gloom","floor":8},{"not_picked":["Rebound","Scrape"],"picked":"Redo","floor":10},{"not_picked":["Beam Cell","Ball Lightning"],"picked":"Steam","floor":11},{"not_picked":["Steam","Barrage"],"picked":"Steam Power","floor":13},{"not_picked":["Multi-Cast","Machine Learning"],"picked":"Buffer","floor":16},{"not_picked":["Steam","Barrage+1"],"picked":"Leap","floor":18},{"not_picked":["Skim","Rip and Tear"],"picked":"FTL+1","floor":19}],"player_experience":1303976,"relics_obtained":[{"floor":7,"key":"Sundial"},{"floor":9,"key":"Kunai"}],"event_choices":[{"damage_healed":0,"gold_gain":0,"player_choice":"Success","damage_taken":18,"relics_obtained":["MawBank"],"max_hp_gain":0,"max_hp_loss":0,"event_name":"Scrap Ooze","floor":3,"gold_loss":0},{"damage_healed":0,"gold_gain":75,"player_choice":"Gather Gold","damage_taken":11,"max_hp_gain":0,"max_hp_loss":0,"event_name":"World of Goop","floor":5,"gold_loss":0},{"cards_removed":["Strike_B"],"damage_healed":0,"gold_gain":0,"player_choice":"Card Removal","damage_taken":7,"max_hp_gain":0,"max_hp_loss":0,"event_name":"Golden Wing","floor":14,"gold_loss":0},{"damage_healed":0,"gold_gain":0,"cards_transformed":["Defend_B","Defend_B"],"player_choice":"Became Test Subject","damage_taken":0,"max_hp_gain":0,"max_hp_loss":0,"event_name":"Drug Dealer","floor":20,"gold_loss":0,"cards_obtained":["Turbo","Recycle"]},{"damage_healed":0,"gold_gain":0,"player_choice":"Traded Relic","damage_taken":0,"relics_obtained":["Nloth\u0027s Gift"],"max_hp_gain":0,"max_hp_loss":0,"event_name":"N\u0027loth","floor":22,"relics_lost":["Astrolabe"],"gold_loss":0}],"is_beta":false,"boss_relics":[{"not_picked":["Empty Cage","Runic Dome"],"picked":"Astrolabe"}],"items_purged_floors":[],"is_endless":false,"potions_floor_spawned":[1,8,11,18],"killed_by":"Gremlin Leader","ascension_level":16}