{"gold_per_floor":[115,39,56,56,68,68,68,86,86,103,122,122,122,122,122,221,221,231,156,156,156,156,156,141,141],"floor_reached":25,"playtime":739,"items_purged":[],"score":306,"play_id":"4ea93236-1926-410b-9332-bd0681079185","local_time":"20190221030238","is_ascension_mode":true,"campfire_choices":[{"data":"Noxious Fumes","floor":6,"key":"SMITH"},{"data":"Neutralize","floor":12,"key":"SMITH"},{"floor":15,"key":"REST"},{"data":"Enlightenment","floor":23,"key":"SMITH"}],"neow_cost":"PERCENT_DAMAGE","seed_source_timestamp":83882670503600,"circlet_count":0,"master_deck":["AscendersBane","Defend_G+1","Defend_G","Defend_G","Defend_G","Defend_G","Strike_G+1","Survivor","Neutralize+1","Dagger Spray","Noxious Fumes+1","Predator","Leg Sweep","Bouncing Flask","Catalyst","Escape Plan","Prepared","After Image","Writhe","Clumsy","Well Laid Plans","Enlightenment+1","Bouncing Flask+1"],"relics":["Ring of the Snake","Blue Candle","Calling Bell","Orichalcum","Shuriken","Girya","Dead Branch"],"potions_floor_usage":[10,11,24,25],"damage_taken":[{"damage":0,"enemies":"Cultist","floor":1,"turns":4},{"damage":3,"enemies":"2 Louse","floor":3,"turns":3},{"damage":0,"enemies":"Small Slimes","floor":5,"turns":3},{"damage":16,"enemies":"Exordium Thugs","floor":8,"turns":5},{"damage":0,"enemies":"Looter","floor":10,"turns":2},{"damage":0,"enemies":"2 Fungi Beasts","floor":11,"turns":3},{"damage":4,"enemies":"The Guardian","floor":16,"turns":8},{"damage":7,"enemies":"Chosen","floor":18,"turns":7},{"damage":28,"enemies":"2 Thieves","floor":24,"turns":4},{"damage":20,"enemies":"Gremlin Leader","floor":25,"turns":3}],"seed_played":"-7352517105926575196","potions_obtained":[{"floor":3,"key":"Ancient Potion"},{"floor":8,"key":"Fire Potion"},{"floor":10,"key":"FearPotion"},{"floor":16,"key":"FearPotion"},{"floor":24,"key":"LiquidBronze"}],"is_trial":false,"path_per_floor":["M","$","M","?","M","R","$","M","T","M","M","R","?","?","R","B",null,"M","?","?","?","?","R","M","E"],"character_chosen":"THE_SILENT","items_purchased":["Noxious Fumes"],"campfire_rested":1,"item_purchase_floors":[2],"current_hp_per_floor":[45,45,42,28,28,28,28,12,12,12,12,12,12,12,33,29,60,53,53,40,40,40,40,12,0],"gold":141,"neow_bonus":"REMOVE_TWO","is_prod":false,"is_daily":false,"chose_seed":false,"campfire_upgraded":3,"win_rate":0,"timestamp":1550714558,"path_taken":["M","$","M","?","M","R","$","M","T","M","M","R","?","?","R","BOSS","M","?","?","?","?","R","M","E"],"build_version":"2019-01-23","purchased_purges":0,"victory":false,"max_hp_per_floor":[70,70,70,70,70,70,70,70,70,70,70,70,70,70,70,70,70,70,70,75,75,75,75,75,75],"card_choices":[{"not_picked":["Slice","Infinite Blades"],"picked":"Dagger Spray","floor":1},{"not_picked":["Deflect","Sucker Punch"],"picked":"Predator","floor":3},{"not_picked":["All Out Attack","Deadly Poison"],"picked":"Leg Sweep","floor":5},{"not_picked":["Caltrops","Cloak And Dagger"],"picked":"Bouncing Flask","floor":8},{"not_picked":["Quick Slash","Setup"],"picked":"Catalyst","floor":10},{"not_picked":["Quick Slash","Cloak And Dagger"],"picked":"Escape Plan","floor":11},{"not_picked":["Die Die Die","Venomology"],"picked":"After Image","floor":16},{"not_picked":["Poisoned Stab","PiercingWail"],"picked":"Well Laid Plans","floor":18},{"not_picked":["Dagger Throw","Footwork"],"picked":"Bouncing Flask+1","floor":24}],"player_experience":827415,"relics_obtained":[{"floor":9,"key":"Blue Candle"},{"floor":17,"key":"Orichalcum"},{"floor":17,"key":"Shuriken"},{"floor":17,"key":"Girya"}],"event_choices":[{"damage_healed":0,"gold_gain":0,"player_choice":"Entered Light","damage_taken":14,"max_hp_gain":0,"max_hp_loss":0,"event_name":"Shining Light","floor":4,"gold_loss":0,"cards_upgraded":["Strike_G","Defend_G"]},{"damage_healed":0,"gold_gain":0,"cards_transformed":["Strike_G"],"player_choice":"Change","damage_taken":0,"max_hp_gain":0,"max_hp_loss":0,"event_name":"Living Wall","floor":13,"gold_loss":0,"cards_obtained":["Prepared"]},{"cards_removed":["Strike_G"],"damage_healed":0,"gold_gain":0,"player_choice":"Offered Basic","damage_taken":0,"max_hp_gain":0,"max_hp_loss":0,"event_name":"Bonfire Elementals","floor":14,"gold_loss":0},{"cards_removed":["Decay"],"damage_healed":0,"gold_gain":0,"player_choice":"Gave Gold","damage_taken":0,"max_hp_gain":0,"max_hp_loss":0,"event_name":"Beggar","floor":19,"gold_loss":75},{"damage_healed":0,"gold_gain":0,"player_choice":"Shed Blood","damage_taken":18,"max_hp_gain":5,"max_hp_loss":0,"event_name":"Forgotten Altar","floor":20,"gold_loss":0},{"damage_healed":0,"gold_gain":0,"player_choice":"Opened","damage_taken":0,"relics_obtained":["Dead Branch"],"max_hp_gain":0,"max_hp_loss":0,"event_name":"The Mausoleum","floor":21,"gold_loss":0},{"damage_healed":0,"gold_gain":0,"player_choice":"1 cards matched","damage_taken":0,"max_hp_gain":0,"max_hp_loss":0,"event_name":"Match and Keep!","floor":22,"gold_loss":0,"cards_obtained":["Enlightenment"]}],"is_beta":false,"boss_relics":[{"not_picked":["Coffee Dripper","Fusion Hammer"],"picked":"Calling Bell"}],"items_purged_floors":[],"is_endless":false,"potions_floor_spawned":[3,8,10,16,24],"killed_by":"Gremlin Leader","ascension_level":12}