{"gold_per_floor":[113,113,129,142,59,59,91,105,187,337,294,326,59,59,59,59],"floor_reached":16,"playtime":610,"items_purged":[],"score":211,"play_id":"80d86843-462a-4a76-a02f-3ff2ce3e3ac4","local_time":"20181130001638","is_ascension_mode":true,"campfire_choices":[{"floor":6.0,"key":"REST"},{"data":"Footwork","floor":15.0,"key":"SMITH"}],"neow_cost":"NONE","seed_source_timestamp":1315620276270438,"circlet_count":0,"master_deck":["AscendersBane","Defend_G","Defend_G","Defend_G","Defend_G","Defend_G","Strike_G","Strike_G","Strike_G","Strike_G","Survivor","Neutralize","Leg Sweep","Venomology","Riddle With Holes","Footwork+1","Predator","Footwork","Deadly Poison","Doubt","Corpse Explosion"],"special_seed":0,"relics":["HoveringKite","Thread and Needle","Singing Bowl","Happy Flower","Kunai","Smiling Mask"],"potions_floor_usage":[16],"damage_taken":[{"damage":12.0,"enemies":"Jaw Worm","floor":1.0,"turns":7.0},{"damage":17.0,"enemies":"2 Louse","floor":3.0,"turns":7.0},{"damage":5.0,"enemies":"Small Slimes","floor":4.0,"turns":4.0},{"damage":24.0,"enemies":"Gremlin Nob","floor":7.0,"turns":4.0},{"damage":2.0,"enemies":"3 Louse","floor":8.0,"turns":3.0},{"damage":2.0,"enemies":"Lagavulin","floor":12.0,"turns":7.0},{"damage":18,"enemies":"Hexaghost","floor":16,"turns":11}],"seed_played":"-806325858205757807","potions_obtained":[{"floor":3.0,"key":"Ancient Potion"},{"floor":8.0,"key":"Swift Potion"}],"is_trial":false,"path_per_floor":["M","?","M","M","$","R","E","M","T","?","?","E","$","?","R","B"],"character_chosen":"THE_SILENT","items_purchased":["Predator","Kunai"],"campfire_rested":1,"item_purchase_floors":[5,13],"current_hp_per_floor":[47,47,30,25,25,44,20,18,18,18,18,16,16,16,16,0],"gold":59,"neow_bonus":"BOSS_RELIC","is_prod":false,"is_daily":false,"chose_seed":false,"campfire_upgraded":1,"win_rate":0,"timestamp":1543533398,"path_taken":["M","?","M","M","$","R","E","M","T","?","?","E","$","?","R","BOSS"],"build_version":"2018-11-15","purchased_purges":0,"victory":false,"max_hp_per_floor":[66,66,66,66,66,66,66,66,66,66,66,66,66,66,66,66],"card_choices":[{"not_picked":["Dodge and Roll","Underhanded Strike"],"picked":"Leg Sweep","floor":1.0},{"not_picked":["Dodge and Roll","Accuracy"],"picked":"Riddle With Holes","floor":3.0},{"not_picked":["Acrobatics","Deadly Poison"],"picked":"Footwork","floor":4.0},{"not_picked":["Dagger Throw","Masterful Stab"],"picked":"Footwork","floor":7.0},{"not_picked":["Acrobatics","Bane"],"picked":"Deadly Poison","floor":8.0},{"not_picked":["Acrobatics","Underhanded Strike"],"picked":"Corpse Explosion","floor":12.0}],"player_experience":512558,"relics_obtained":[{"floor":7.0,"key":"Thread and Needle"},{"floor":9.0,"key":"Singing Bowl"},{"floor":12.0,"key":"Happy Flower"}],"event_choices":[{"damage_healed":0.0,"max_hp_gain":0.0,"max_hp_loss":0.0,"gold_gain":0.0,"cards_transformed":["Strike_G"],"event_name":"Living Wall","player_choice":"Change","floor":2.0,"gold_loss":0.0,"damage_taken":0.0,"cards_obtained":["Venomology"]},{"damage_healed":0.0,"max_hp_gain":0.0,"max_hp_loss":0.0,"gold_gain":150.0,"event_name":"Liars Game","player_choice":"AGREE","floor":10.0,"gold_loss":0.0,"damage_taken":0.0,"cards_obtained":["Doubt"]},{"damage_healed":0.0,"max_hp_gain":0.0,"max_hp_loss":0.0,"gold_gain":0.0,"event_name":"World of Goop","player_choice":"Left Gold","floor":11.0,"gold_loss":43.0,"damage_taken":0.0},{"damage_healed":0.0,"max_hp_gain":0.0,"max_hp_loss":0.0,"gold_gain":0.0,"event_name":"Dead Adventurer","player_choice":"Searched \u00271\u0027 times","floor":14.0,"gold_loss":0.0,"damage_taken":0.0,"relics_obtained":["Smiling Mask"]}],"is_beta":false,"boss_relics":[],"items_purged_floors":[],"is_endless":false,"potions_floor_spawned":[3,8],"killed_by":"Hexaghost","ascension_level":19}