{"gold_per_floor":[11,21,39,89,99,99,119,119,119,119,119],"floor_reached":11,"playtime":396,"items_purged":[],"score":117,"play_id":"d787506a-f836-4285-b7ff-3a371ceabae0","local_time":"20190610101055","is_ascension_mode":true,"campfire_choices":[{"data":"Neutralize","floor":6,"key":"SMITH"},{"data":"Crippling Poison","floor":8,"key":"SMITH"}],"neow_cost":"NO_GOLD","seed_source_timestamp":279347002435499,"circlet_count":0,"master_deck":["AscendersBane","Defend_G","Defend_G","Defend_G","Defend_G","Strike_G","Strike_G+1","Strike_G","Strike_G","Survivor","Neutralize+1","Crippling Poison+1","Deflect","Poisoned Stab+1","Well Laid Plans","Backflip"],"relics":["Ring of the Snake","Paper Crane"],"potions_floor_usage":[5],"damage_taken":[{"damage":4,"enemies":"Small Slimes","floor":1,"turns":4},{"damage":2,"enemies":"Cultist","floor":2,"turns":5},{"damage":0,"enemies":"2 Louse","floor":3,"turns":3},{"damage":1,"enemies":"Gremlin Gang","floor":5,"turns":5},{"damage":17,"enemies":"Lots of Slimes","floor":7,"turns":3},{"damage":11,"enemies":"Lagavulin","floor":11,"turns":6}],"seed_played":"-2873338045859080280","potions_obtained":[{"floor":3,"key":"PowerPotion"}],"is_trial":false,"path_per_floor":["M","M","M","?","M","R","M","R","T","?","E"],"character_chosen":"THE_SILENT","items_purchased":[],"campfire_rested":0,"item_purchase_floors":[],"current_hp_per_floor":[55,53,53,47,46,46,29,29,29,9,0],"gold":119,"neow_bonus":"REMOVE_TWO","is_prod":false,"is_daily":false,"chose_seed":false,"campfire_upgraded":2,"win_rate":0,"timestamp":1560154255,"path_taken":["M","M","M","?","M","R","?","R","T","?","E"],"build_version":"2019-01-23","purchased_purges":0,"victory":false,"max_hp_per_floor":[66,66,66,66,66,66,66,66,66,66,66],"card_choices":[{"not_picked":["Deflect","Acrobatics"],"picked":"Crippling Poison","floor":1},{"not_picked":["Quick Slash","Dodge and Roll"],"picked":"Deflect","floor":2},{"not_picked":["Dodge and Roll","Sucker Punch"],"picked":"Poisoned Stab","floor":3},{"not_picked":["Setup","Expertise"],"picked":"Well Laid Plans","floor":5},{"not_picked":["Bane","Cloak And Dagger"],"picked":"Backflip","floor":7}],"player_experience":1271489,"relics_obtained":[{"floor":9,"key":"Paper Crane"}],"event_choices":[{"damage_healed":0,"gold_gain":50,"player_choice":"Touch","damage_taken":6,"max_hp_gain":0,"max_hp_loss":0,"event_name":"FaceTrader","floor":4,"gold_loss":0},{"damage_healed":0,"gold_gain":0,"player_choice":"Entered Light","damage_taken":20,"max_hp_gain":0,"max_hp_loss":0,"event_name":"Shining Light","floor":10,"gold_loss":0,"cards_upgraded":["Strike_G","Poisoned Stab"]}],"is_beta":false,"boss_relics":[],"items_purged_floors":[],"is_endless":false,"potions_floor_spawned":[3],"killed_by":"Lagavulin","ascension_level":16}