{"gold_per_floor":[118,137,137,63,73,73,91,16,16,16,16,42,56,74,74,174,174,174,144,144,144,144,144,144,144,144,144,144,144,144,44,44,44,44,44,0,0,0,0,0,0,0,0,0,0,0,0,0,0,0],"floor_reached":51,"playtime":1665,"items_purged":["Strike_R","Strike_R"],"score":733,"play_id":"ededcfbb-dc96-4048-ab1c-a0d3afd05aef","local_time":"20190721222334","is_ascension_mode":false,"campfire_choices":[{"data":"Shockwave","floor":6,"key":"SMITH"},{"data":"Bash","floor":11,"key":"SMITH"},{"data":"Metallicize","floor":15,"key":"SMITH"},{"data":"Pummel","floor":24,"key":"SMITH"},{"floor":28,"key":"REST"},{"data":"Demon Form","floor":32,"key":"SMITH"},{"floor":49,"key":"REST"}],"neow_cost":"NONE","seed_source_timestamp":1032123772316000,"circlet_count":0,"master_deck":["Strike_R","Defend_R","Defend_R","Defend_R","Defend_R","Bash+1","Immolate+1","Shockwave+1","Anger","Juggernaut","Shrug It Off","Metallicize+1","Demon Form+1","Shockwave","Pummel+1","Pommel Strike+1","RitualDagger","Offering+1","Pummel","Reaper","Heavy Blade","Flame Barrier+1","Panache","Whirlwind","Brutality"],"relics":["Burning Blood","Bottled Flame","Meat on the Bone","Ectoplasm","Toxic Egg 2","Matryoshka","Philosopher\u0027s Stone","Red Mask","Blue Candle","Boot","Kunai","Red Skull","Regal Pillow","Calipers"],"potions_floor_usage":[12,16,19,23,23,33,33,41,42,46,50],"damage_taken":[{"damage":6,"enemies":"Cultist","floor":1,"turns":3},{"damage":11,"enemies":"Jaw Worm","floor":2,"turns":2},{"damage":0,"enemies":"Small Slimes","floor":5,"turns":2},{"damage":10,"enemies":"3 Louse","floor":7,"turns":2},{"damage":26,"enemies":"Lagavulin","floor":12,"turns":5},{"damage":10,"enemies":"Looter","floor":13,"turns":2},{"damage":8,"enemies":"Large Slime","floor":14,"turns":4},{"damage":14,"enemies":"Slime Boss","floor":16,"turns":7},{"damage":10,"enemies":"Shell Parasite","floor":18,"turns":5},{"damage":6,"enemies":"2 Thieves","floor":19,"turns":3},{"damage":6,"enemies":"Chosen and Byrds","floor":20,"turns":6},{"damage":26,"enemies":"Snake Plant","floor":21,"turns":4},{"damage":15,"enemies":"Snecko","floor":22,"turns":6},{"damage":14,"enemies":"Book of Stabbing","floor":23,"turns":5},{"damage":15,"enemies":"Chosen and Byrds","floor":29,"turns":5},{"damage":6,"enemies":"3 Cultists","floor":30,"turns":2},{"damage":19,"enemies":"Champ","floor":33,"turns":7},{"damage":6,"enemies":"3 Shapes","floor":35,"turns":1},{"damage":6,"enemies":"3 Darklings","floor":38,"turns":1},{"damage":32,"enemies":"Spire Growth","floor":39,"turns":4},{"damage":0,"enemies":"Jaw Worm Horde","floor":41,"turns":3},{"damage":17,"enemies":"Nemesis","floor":42,"turns":5},{"damage":17,"enemies":"Maw","floor":44,"turns":6},{"damage":50,"enemies":"Writhing Mass","floor":45,"turns":5},{"damage":23,"enemies":"Giant Head","floor":46,"turns":5},{"damage":58,"enemies":"Donu and Deca","floor":50,"turns":6}],"seed_played":"5544485924271651273","potions_obtained":[{"floor":5,"key":"Strength Potion"},{"floor":14,"key":"Poison Potion"},{"floor":16,"key":"FearPotion"},{"floor":19,"key":"FearPotion"},{"floor":20,"key":"Poison Potion"},{"floor":22,"key":"Dexterity Potion"},{"floor":23,"key":"Block Potion"},{"floor":29,"key":"Poison Potion"},{"floor":38,"key":"GamblersBrew"},{"floor":39,"key":"Poison Potion"},{"floor":44,"key":"GamblersBrew"},{"floor":46,"key":"Energy Potion"}],"is_trial":false,"path_per_floor":["M","M","?","$","M","R","M","$","T","?","R","E","M","M","R","B",null,"M","M","M","M","M","E","R","?","T","?","R","M","M","$","R","B",null,"M","?","?","M","M","?","M","E","T","M","M","E","T","$","R","B",null],"character_chosen":"IRONCLAD","items_purchased":["Shockwave"],"campfire_rested":2,"item_purchase_floors":[4],"current_hp_per_floor":[88,83,76,76,82,82,78,78,78,78,78,58,54,52,52,56,88,84,84,84,64,55,59,59,53,53,36,63,54,54,54,54,53,93,93,93,93,93,82,82,88,92,92,81,54,56,56,56,93,53],"gold":0,"neow_bonus":"TEN_PERCENT_HP_BONUS","is_prod":false,"is_daily":false,"chose_seed":false,"campfire_upgraded":5,"win_rate":0,"timestamp":1563762214,"path_taken":["M","?","?","?","M","R","M","$","T","?","R","E","M","?","R","BOSS","M","M","M","M","M","E","R","?","T","?","R","M","M","$","R","BOSS","M","?","?","?","M","?","M","E","T","M","M","E","?","$","R","BOSS"],"build_version":"2019-07-17","purchased_purges":2,"victory":true,"max_hp_per_floor":[88,88,88,88,88,88,88,88,88,88,88,88,88,88,88,88,88,88,88,88,88,88,88,88,88,88,93,93,93,93,93,93,93,93,93,93,93,93,93,93,93,93,93,93,93,93,93,93,93,93],"card_choices":[{"not_picked":["Wild Strike","Thunderclap","Havoc"],"picked":"SKIP","floor":1},{"not_picked":["Perfected Strike","Rage"],"picked":"Immolate","floor":2},{"not_picked":["Twin Strike","Warcry"],"picked":"Anger","floor":5},{"not_picked":["Intimidate","Perfected Strike","Warcry"],"picked":"SKIP","floor":7},{"not_picked":["Second Wind","Fire Breathing"],"picked":"Juggernaut","floor":12},{"not_picked":["True Grit","Seeing Red"],"picked":"Shrug It Off","floor":13},{"not_picked":["Burning Pact","Infernal Blade"],"picked":"Metallicize","floor":14},{"not_picked":["Exhume","Feed"],"picked":"Demon Form","floor":16},{"not_picked":["Ghostly Armor","Havoc","Clothesline"],"picked":"SKIP","floor":18},{"not_picked":["Clothesline","Twin Strike+1","Fiend Fire"],"picked":"SKIP","floor":19},{"not_picked":["Ghostly Armor","Cleave","Armaments"],"picked":"SKIP","floor":20},{"not_picked":["Bloodletting","Searing Blow"],"picked":"Shockwave","floor":21},{"not_picked":["Sever Soul","Rampage"],"picked":"Pummel","floor":22},{"not_picked":["Iron Wave","Body Slam"],"picked":"Pommel Strike+1","floor":23},{"not_picked":["Iron Wave","Clothesline"],"picked":"Offering+1","floor":29},{"not_picked":["Intimidate+1","Warcry+1"],"picked":"Pummel","floor":30},{"not_picked":["Juggernaut","Exhume+1"],"picked":"Reaper","floor":33},{"not_picked":["Wild Strike+1","Power Through+1"],"picked":"Heavy Blade","floor":35},{"not_picked":["Rampage","Warcry+1"],"picked":"Flame Barrier+1","floor":38},{"not_picked":["Infernal Blade+1","Perfected Strike+1","Clothesline"],"picked":"SKIP","floor":39},{"not_picked":["Bandage Up+1","Swift Strike"],"picked":"Panache","floor":40},{"not_picked":["Power Through+1","Flex+1","Dropkick"],"picked":"SKIP","floor":41},{"not_picked":["Thunderclap","True Grit+1"],"picked":"Whirlwind","floor":42},{"not_picked":["Wild Strike","Clash+1","Rupture+1"],"picked":"SKIP","floor":44},{"not_picked":["Clothesline+1","Perfected Strike"],"picked":"Brutality","floor":45},{"not_picked":["Bloodletting+1","Power Through+1","Clash+1"],"picked":"SKIP","floor":46}],"player_experience":288358,"relics_obtained":[{"floor":9,"key":"Bottled Flame"},{"floor":12,"key":"Meat on the Bone"},{"floor":23,"key":"Toxic Egg 2"},{"floor":26,"key":"Matryoshka"},{"floor":42,"key":"Blue Candle"},{"floor":43,"key":"Boot"},{"floor":43,"key":"Kunai"},{"floor":46,"key":"Red Skull"},{"floor":47,"key":"Regal Pillow"},{"floor":47,"key":"Calipers"}],"event_choices":[{"cards_removed":["Strike_R"],"damage_healed":0,"gold_gain":0,"player_choice":"Card Removal","damage_taken":7,"max_hp_gain":0,"max_hp_loss":0,"event_name":"Golden Wing","floor":3,"gold_loss":0},{"damage_healed":0,"gold_gain":0,"player_choice":"Forge","damage_taken":0,"max_hp_gain":0,"max_hp_loss":0,"event_name":"Accursed Blacksmith","floor":10,"gold_loss":0,"cards_upgraded":["Immolate"]},{"damage_healed":0,"gold_gain":0,"player_choice":"Joined the Cult","damage_taken":6,"max_hp_gain":0,"max_hp_loss":0,"event_name":"Nest","floor":25,"gold_loss":0,"cards_obtained":["RitualDagger"]},{"damage_healed":0,"gold_gain":0,"player_choice":"Shed Blood","damage_taken":22,"max_hp_gain":5,"max_hp_loss":0,"event_name":"Forgotten Altar","floor":27,"gold_loss":0},{"damage_healed":0,"gold_gain":0,"player_choice":"Paid","damage_taken":0,"relics_obtained":["Red Mask"],"max_hp_gain":0,"max_hp_loss":0,"event_name":"Tomb of Lord Red Mask","floor":36,"gold_loss":44},{"cards_removed":["Strike_R"],"damage_healed":0,"gold_gain":0,"player_choice":"Offered Basic","damage_taken":0,"max_hp_gain":0,"max_hp_loss":0,"event_name":"Bonfire Elementals","floor":37,"gold_loss":0},{"damage_healed":0,"gold_gain":0,"player_choice":"Memory 1","damage_taken":0,"max_hp_gain":0,"max_hp_loss":0,"event_name":"SensoryStone","floor":40,"gold_loss":0}],"is_beta":false,"boss_relics":[{"not_picked":["Coffee Dripper","Busted Crown"],"picked":"Ectoplasm"},{"not_picked":["Black Blood","Fusion Hammer"],"picked":"Philosopher\u0027s Stone"}],"items_purged_floors":[8,31],"is_endless":false,"potions_floor_spawned":[5,14,16,19,20,22,23,29,38,39,44,46],"ascension_level":0}