{"path_per_floor":["M","M","M","M","M","E","R","E","T","R","$","M","M","E","R","B",null,"M","?","$","M","T"],"character_chosen":"IRONCLAD","items_purchased":["Secret Weapon"],"gold_per_floor":[117,134,148,160,172,204,204,230,230,230,44,56,72,101,101,196,196,213,213,138,152,152],"floor_reached":23,"campfire_rested":3,"playtime":1375,"current_hp_per_floor":[71,72,72,71,58,15,36,16,16,37,37,39,41,21,42,7,56,59,59,59,65,65],"items_purged":["Strike_R"],"gold":152,"score":288,"play_id":"ab12226b-328f-4e90-9e97-9eacdde9ff14","is_prod":false,"is_daily":false,"is_ascension_mode":true,"campfire_upgraded":0,"path_taken":["M","M","M","M","M","E","R","E","T","R","$","M","M","E","R","BOSS","M","?","$","M","?","E"],"build_version":"2018-02-15-PROD1","purchased_purges":2,"victory":false,"master_deck":["Strike_R","Strike_R","Strike_R","Defend_R","Defend_R","Defend_R","Bash","Disarm","Shockwave","Dropkick","Offering","Secret Weapon","Warcry","Reaper"],"max_hp_per_floor":[72,72,72,72,72,72,72,72,72,72,72,72,72,72,72,72,72,72,72,72,72,72],"relics":["Burning Blood","Bottled Flame","Centennial Puzzle","Thread and Needle","Calipers","Runic Dome","Sundial"],"card_choices":[{"not_picked":["Sword Boomerang","Heavy Blade"],"picked":"Disarm"},{"not_picked":["Anger","Intimidate"],"picked":"Shockwave"},{"not_picked":["Searing Blow","Anger"],"picked":"Dropkick"},{"not_picked":["Metallicize","Iron Wave"],"picked":"Offering"},{"not_picked":["Pummel","Uppercut"],"picked":"Warcry"},{"not_picked":["Limit Break","Impervious"],"picked":"Reaper"}],"player_experience":230123,"potions_floor_usage":[8,16,16,23],"damage_taken":[{"damage":7,"enemies":"Small Slimes","floor":1,"turns":3},{"damage":4,"enemies":"2 Louse","floor":2,"turns":3},{"damage":6,"enemies":"Cultist","floor":3,"turns":4},{"damage":7,"enemies":"Exordium Wildlife","floor":4,"turns":4},{"damage":19,"enemies":"3 Louse","floor":5,"turns":5},{"damage":49,"enemies":"Lagavulin","floor":6,"turns":8},{"damage":26,"enemies":"3 Sentries","floor":8,"turns":8},{"damage":4,"enemies":"Blue Slaver","floor":12,"turns":3},{"damage":4,"enemies":"Exordium Wildlife","floor":13,"turns":5},{"damage":26,"enemies":"Lagavulin","floor":14,"turns":6},{"damage":41,"enemies":"The Guardian","floor":16,"turns":15},{"damage":11,"enemies":"3 Byrds","floor":18,"turns":6},{"damage":4,"enemies":"Chosen","floor":21,"turns":6},{"damage":75,"enemies":"Slavers","floor":23,"turns":6}],"event_choices":[{"event_name":"Cursed Tome","player_choice":"Ignored","floor":19,"damage_taken":0}],"boss_relics":[{"not_picked":["Runic Pyramid","Mark of Pain"],"picked":"Runic Dome"}],"potions_floor_spawned":[6,13,14,16],"seed_played":"8873797067618883958","killed_by":"Slavers","ascension_level":7,"is_trial":false}