{"gold_per_floor":[19,19,19,19,19,38,49,60,60,74,93,93,103,178,178,280,280,300,300,272,272,283,50,50,50,50,50,64,64,78,106,106,210,210,227,239,22,32,32,32,44,144,222,222,236,236,236,8,8,8],"floor_reached":50,"playtime":2375,"items_purged":["Parasite"],"score":554,"play_id":"9e9fea8b-3a8f-4d41-97b7-8ef5808e6b37","local_time":"20190915225413","is_ascension_mode":false,"campfire_choices":[{"data":"Neutralize","floor":15,"key":"SMITH"},{"data":"Cloak And Dagger","floor":24,"key":"SMITH"},{"data":"After Image","floor":27,"key":"SMITH"},{"data":"Crippling Poison","floor":29,"key":"SMITH"},{"data":"Glass Knife","floor":32,"key":"SMITH"},{"data":"Leg Sweep","floor":40,"key":"SMITH"},{"floor":46,"key":"DIG"},{"floor":49,"key":"DIG"}],"neow_cost":"NO_GOLD","seed_source_timestamp":12071142663230,"circlet_count":0,"master_deck":["Strike_G","Strike_G","Strike_G","Strike_G","Defend_G","Defend_G","Defend_G","Defend_G","Defend_G","Survivor","Neutralize+1","Glass Knife+1","Cloak And Dagger+1","Crippling Poison+1","Deadly Poison","Cloak And Dagger","Dagger Spray","Catalyst","Tools of the Trade","Predator+1","Deflect","Escape Plan","Cloak And Dagger+1","After Image+1","Leg Sweep+1","Doppelganger","Leg Sweep","Underhanded Strike","Expertise","Glass Knife+1","Predator+1","Cloak And Dagger+1","Die Die Die","Dodge and Roll","Caltrops","Outmaneuver+1"],"relics":["Ring of the Snake","Shovel","Gremlin Horn","Pantograph","SlaversCollar","Oddly Smooth Stone","Juzu Bracelet","Coffee Dripper","StoneCalendar","Darkstone Periapt","The Specimen","Vajra","Boot"],"potions_floor_usage":[13,18,22,33,38,45,50],"damage_taken":[{"damage":0,"enemies":"Jaw Worm","floor":1,"turns":4},{"damage":0,"enemies":"2 Louse","floor":6,"turns":2},{"damage":0,"enemies":"Cultist","floor":7,"turns":3},{"damage":11,"enemies":"2 Fungi Beasts","floor":8,"turns":4},{"damage":0,"enemies":"Exordium Wildlife","floor":10,"turns":4},{"damage":2,"enemies":"Red Slaver","floor":11,"turns":4},{"damage":0,"enemies":"Looter","floor":13,"turns":2},{"damage":32,"enemies":"Hexaghost","floor":16,"turns":11},{"damage":0,"enemies":"3 Byrds","floor":18,"turns":5},{"damage":14,"enemies":"2 Thieves","floor":20,"turns":5},{"damage":10,"enemies":"Centurion and Healer","floor":22,"turns":12},{"damage":13,"enemies":"Snake Plant","floor":28,"turns":7},{"damage":36,"enemies":"Cultist and Chosen","floor":30,"turns":9},{"damage":0,"enemies":"Gremlin Leader","floor":31,"turns":6},{"damage":20,"enemies":"Automaton","floor":33,"turns":17},{"damage":41,"enemies":"3 Darklings","floor":35,"turns":7},{"damage":0,"enemies":"3 Shapes","floor":36,"turns":4},{"damage":12,"enemies":"Maw","floor":38,"turns":10},{"damage":2,"enemies":"Writhing Mass","floor":41,"turns":9},{"damage":23,"enemies":"Mind Bloom Boss Battle","floor":42,"turns":6},{"damage":18,"enemies":"3 Darklings","floor":45,"turns":7},{"damage":59,"enemies":"Time Eater","floor":50,"turns":10}],"seed_played":"-3940993007157831754","potions_obtained":[{"floor":1,"key":"AttackPotion"},{"floor":7,"key":"EssenceOfSteel"},{"floor":10,"key":"Energy Potion"},{"floor":18,"key":"SpeedPotion"},{"floor":33,"key":"EssenceOfSteel"},{"floor":41,"key":"Ancient Potion"},{"floor":42,"key":"GamblersBrew"}],"is_trial":false,"path_per_floor":["M","?","T","?","?","M","M","M","T","M","M","?","M","?","R","B",null,"M","?","M","?","M","$","R","$","T","R","M","R","M","E","R","B",null,"M","M","$","M","?","R","M","?","T","?","M","R","?","$","R","B"],"character_chosen":"THE_SILENT","items_purchased":["Leg Sweep","Doppelganger","Die Die Die","Dodge and Roll","Vajra"],"campfire_rested":0,"item_purchase_floors":[23,23,37,37,48],"current_hp_per_floor":[70,70,70,58,63,63,63,52,52,52,50,43,43,32,32,25,75,75,75,61,61,51,51,51,51,51,51,38,38,2,2,2,7,75,34,34,34,22,22,22,20,22,22,22,4,4,4,4,4,0],"gold":8,"neow_bonus":"THREE_RARE_CARDS","is_prod":false,"is_daily":false,"chose_seed":false,"campfire_upgraded":6,"win_rate":0,"timestamp":1568609653,"path_taken":["M","?","?","?","?","M","M","M","T","M","?","?","M","?","R","BOSS","M","?","?","?","M","?","R","$","T","R","M","R","M","E","R","BOSS","M","M","?","M","?","R","M","?","T","?","M","R","?","?","R","BOSS"],"build_version":"2019-09-12","purchased_purges":1,"victory":false,"max_hp_per_floor":[70,70,70,70,75,75,75,75,75,75,75,75,75,75,75,75,75,75,75,75,75,75,75,75,75,75,75,75,75,75,75,75,75,75,75,75,75,75,75,75,75,75,75,75,75,75,75,72,72,72],"card_choices":[{"not_picked":["Grand Finale","Phantasmal Killer"],"picked":"Glass Knife","floor":0},{"not_picked":["Catalyst","Calculated Gamble"],"picked":"Cloak And Dagger","floor":1},{"not_picked":["Deflect","Poisoned Stab"],"picked":"Crippling Poison","floor":6},{"not_picked":["Acrobatics","PiercingWail"],"picked":"Deadly Poison","floor":7},{"not_picked":["Outmaneuver","Finisher"],"picked":"Cloak And Dagger","floor":8},{"not_picked":["Outmaneuver","Dagger Spray","PiercingWail"],"picked":"SKIP","floor":10},{"not_picked":["Underhanded Strike","PiercingWail"],"picked":"Dagger Spray","floor":11},{"not_picked":["Slice","Night Terror"],"picked":"Catalyst","floor":13},{"not_picked":["Bullet Time","Corpse Explosion"],"picked":"Tools of the Trade","floor":16},{"not_picked":["Choke+1","Slice"],"picked":"Predator+1","floor":18},{"not_picked":["Blade Dance","Dodge and Roll"],"picked":"Cloak And Dagger+1","floor":20},{"not_picked":["Underhanded Strike+1","Flechettes"],"picked":"After Image","floor":22},{"not_picked":["Expertise","Riddle With Holes"],"picked":"Leg Sweep","floor":28},{"not_picked":["Finisher+1","Slice"],"picked":"Underhanded Strike","floor":30},{"not_picked":["Concentrate","Slice"],"picked":"Expertise","floor":31},{"not_picked":["Grand Finale","Phantasmal Killer"],"picked":"Glass Knife","floor":33},{"not_picked":["Deadly Poison+1","Quick Slash+1"],"picked":"Predator+1","floor":35},{"not_picked":["All Out Attack","Caltrops"],"picked":"Cloak And Dagger+1","floor":36},{"not_picked":["Infinite Blades","Poisoned Stab"],"picked":"Caltrops","floor":38},{"not_picked":["Dodge and Roll","Dagger Throw","Blade Dance"],"picked":"SKIP","floor":41},{"not_picked":["Concentrate+1","Bane+1"],"picked":"Outmaneuver+1","floor":42},{"not_picked":["Dagger Throw+1","Flying Knee","Sucker Punch+1"],"picked":"SKIP","floor":45}],"player_experience":1537186,"relics_obtained":[{"floor":3,"key":"Shovel"},{"floor":9,"key":"Pantograph"},{"floor":26,"key":"Oddly Smooth Stone"},{"floor":31,"key":"Juzu Bracelet"},{"floor":42,"key":"StoneCalendar"},{"floor":43,"key":"Darkstone Periapt"},{"floor":46,"key":"The Specimen"},{"floor":49,"key":"Boot"}],"event_choices":[{"damage_healed":0,"gold_gain":0,"cards_transformed":["Strike_G"],"player_choice":"Change","damage_taken":0,"max_hp_gain":0,"max_hp_loss":0,"event_name":"Living Wall","floor":2,"gold_loss":0,"cards_obtained":["Night Terror"]},{"damage_healed":0,"gold_gain":0,"player_choice":"Success","damage_taken":12,"relics_obtained":["Gremlin Horn"],"max_hp_gain":0,"max_hp_loss":0,"event_name":"Scrap Ooze","floor":4,"gold_loss":0},{"damage_healed":0,"gold_gain":0,"player_choice":"Donut","damage_taken":0,"max_hp_gain":5,"max_hp_loss":0,"event_name":"Big Fish","floor":5,"gold_loss":0},{"cards_removed":["Night Terror"],"damage_healed":0,"gold_gain":0,"player_choice":"Card Removal","damage_taken":7,"max_hp_gain":0,"max_hp_loss":0,"event_name":"Golden Wing","floor":12,"gold_loss":0},{"damage_healed":0,"gold_gain":75,"player_choice":"Gather Gold","damage_taken":11,"max_hp_gain":0,"max_hp_loss":0,"event_name":"World of Goop","floor":14,"gold_loss":0},{"damage_healed":0,"gold_gain":0,"player_choice":"2 cards matched","damage_taken":0,"max_hp_gain":0,"max_hp_loss":0,"event_name":"Match and Keep!","floor":19,"gold_loss":0,"cards_obtained":["Deflect","Escape Plan"]},{"damage_healed":0,"gold_gain":0,"player_choice":"Ignored","damage_taken":0,"max_hp_gain":0,"max_hp_loss":0,"event_name":"Vampires","floor":21,"gold_loss":0},{"damage_healed":0,"gold_gain":0,"player_choice":"Memory 1","damage_taken":0,"max_hp_gain":0,"max_hp_loss":0,"event_name":"SensoryStone","floor":39,"gold_loss":0},{"damage_healed":0,"gold_gain":0,"player_choice":"Fight","damage_taken":0,"max_hp_gain":0,"max_hp_loss":0,"event_name":"MindBloom","floor":42,"gold_loss":0},{"damage_healed":0,"gold_gain":0,"player_choice":"Ignored","damage_taken":0,"max_hp_gain":0,"max_hp_loss":0,"event_name":"Tomb of Lord Red Mask","floor":44,"gold_loss":0},{"damage_healed":0,"gold_gain":0,"player_choice":"Forge","damage_taken":0,"max_hp_gain":0,"max_hp_loss":0,"event_name":"Accursed Blacksmith","floor":47,"gold_loss":0,"cards_upgraded":["Glass Knife"]}],"is_beta":true,"boss_relics":[{"not_picked":["Empty Cage","Astrolabe"],"picked":"SlaversCollar"},{"not_picked":["Cursed Key","Tiny House"],"picked":"Coffee Dripper"}],"items_purged_floors":[48],"is_endless":false,"potions_floor_spawned":[1,7,10,18,33,41,42],"killed_by":"Time Eater","ascension_level":0}