{"gold_per_floor":[109,120,120,120,120,146,146,179,179,179,194,194,194,207,207,297,360,380,251,251,10,10,10,33,33,33,33,33,58,58,58,58,58],"floor_reached":33,"playtime":1346,"items_purged":["Strike_R","Strike_R"],"score":536,"play_id":"0b0ba8d7-5857-415f-9b15-c36906b8868c","local_time":"20190704073007","is_ascension_mode":true,"campfire_choices":[{"data":"Body Slam","floor":7,"key":"SMITH"},{"data":"Demon Form","floor":10,"key":"SMITH"},{"data":"Dark Embrace","floor":12,"key":"SMITH"},{"data":"True Grit","floor":15,"key":"SMITH"},{"data":"Armaments","floor":23,"key":"SMITH"},{"data":"Feel No Pain","floor":25,"key":"SMITH"},{"data":"Fiend Fire","floor":27,"key":"SMITH"},{"data":"Entrench","floor":32,"key":"SMITH"}],"neow_cost":"NONE","seed_source_timestamp":1407986289002800,"circlet_count":0,"master_deck":["AscendersBane","Strike_R+1","Defend_R","Defend_R","Defend_R","Defend_R","Bash+1","Anger","Body Slam+1","Heavy Blade","Dark Embrace+1","Demon Form+1","Headbutt","True Grit+1","Fiend Fire+1","Entrench+1","Feel No Pain+1","Anger","Anger","Shrug It Off","Armaments+1","Burning Pact","Anger"],"relics":["Burning Blood","NeowsBlessing","Thread and Needle","Omamori","Pocketwatch","Golden Idol","Tiny House","Enchiridion","Kunai"],"potions_floor_usage":[8,8,16,18,28,28],"damage_taken":[{"damage":0,"enemies":"Jaw Worm","floor":1,"turns":1},{"damage":0,"enemies":"2 Louse","floor":2,"turns":1},{"damage":0,"enemies":"3 Sentries","floor":6,"turns":2},{"damage":17,"enemies":"Gremlin Nob","floor":8,"turns":4},{"damage":1,"enemies":"Small Slimes","floor":11,"turns":3},{"damage":17,"enemies":"Gremlin Gang","floor":14,"turns":5},{"damage":26,"enemies":"Hexaghost","floor":16,"turns":7},{"damage":14,"enemies":"Spheric Guardian","floor":18,"turns":4},{"damage":11,"enemies":"Chosen","floor":24,"turns":5},{"damage":8,"enemies":"3 Cultists","floor":28,"turns":4},{"damage":0,"enemies":"Sentry and Sphere","floor":29,"turns":5},{"damage":90,"enemies":"Collector","floor":33,"turns":8}],"seed_played":"3124745395254498693","potions_obtained":[{"floor":1,"key":"Poison Potion"},{"floor":8,"key":"Fruit Juice"},{"floor":11,"key":"Regen Potion"},{"floor":14,"key":"BloodPotion"},{"floor":16,"key":"EssenceOfSteel"},{"floor":24,"key":"SmokeBomb"}],"is_trial":false,"path_per_floor":["M","M","?","?","?","E","R","E","T","R","M","R","?","M","R","B",null,"M","$","?","$","?","R","M","R","T","R","M","M","?","?","R","B"],"character_chosen":"IRONCLAD","items_purchased":["Anger","Anger","Shrug It Off","Armaments"],"campfire_rested":0,"item_purchase_floors":[19,21,21,21],"current_hp_per_floor":[74,75,75,80,80,80,80,74,74,74,79,79,79,68,68,62,84,76,76,55,55,46,46,41,41,41,41,61,67,85,85,85,0],"gold":58,"neow_bonus":"THREE_ENEMY_KILL","is_prod":false,"is_daily":false,"chose_seed":false,"campfire_upgraded":8,"win_rate":0,"timestamp":1562218207,"path_taken":["M","M","?","?","?","E","R","E","T","R","?","R","?","M","R","BOSS","M","$","?","$","?","R","?","R","T","R","M","M","?","?","R","BOSS"],"build_version":"2019-07-01","purchased_purges":2,"victory":false,"max_hp_per_floor":[75,75,75,80,80,80,80,85,85,85,85,85,85,85,85,85,90,90,90,90,90,90,90,90,90,90,90,90,90,90,90,90,90],"card_choices":[{"not_picked":["Burning Pact","True Grit"],"picked":"Anger","floor":1},{"not_picked":["Havoc","Armaments"],"picked":"Body Slam","floor":2},{"not_picked":["Burning Pact","Dropkick"],"picked":"Dark Embrace","floor":6},{"not_picked":["Clash","Battle Trance"],"picked":"Demon Form","floor":8},{"not_picked":["Infernal Blade","Warcry"],"picked":"Headbutt","floor":11},{"not_picked":["Clash","Reckless Charge"],"picked":"True Grit","floor":14},{"not_picked":["Immolate","Feed"],"picked":"Fiend Fire","floor":16},{"not_picked":["Sword Boomerang","Body Slam"],"picked":"Entrench","floor":17},{"not_picked":["Clothesline","Carnage+1"],"picked":"Feel No Pain","floor":18},{"not_picked":["Clothesline","Intimidate"],"picked":"Burning Pact","floor":24},{"not_picked":["True Grit","Iron Wave"],"picked":"Anger","floor":29}],"player_experience":1578509,"relics_obtained":[{"floor":6,"key":"Thread and Needle"},{"floor":8,"key":"Omamori"},{"floor":9,"key":"Pocketwatch"},{"floor":20,"key":"Enchiridion"},{"floor":26,"key":"Kunai"}],"event_choices":[{"damage_healed":0,"gold_gain":0,"cards_transformed":["Strike_R"],"player_choice":"Change","damage_taken":0,"max_hp_gain":0,"max_hp_loss":0,"event_name":"Living Wall","floor":3,"gold_loss":0,"cards_obtained":["Heavy Blade"]},{"damage_healed":0,"gold_gain":0,"player_choice":"Donut","damage_taken":0,"max_hp_gain":5,"max_hp_loss":0,"event_name":"Big Fish","floor":4,"gold_loss":0},{"damage_healed":0,"gold_gain":0,"player_choice":"Upgraded","damage_taken":0,"max_hp_gain":0,"max_hp_loss":0,"event_name":"Upgrade Shrine","floor":5,"gold_loss":0,"cards_upgraded":["Bash"]},{"damage_healed":0,"gold_gain":0,"player_choice":"Take Wound","damage_taken":0,"relics_obtained":["Golden Idol"],"max_hp_gain":0,"max_hp_loss":0,"event_name":"Golden Idol","floor":13,"gold_loss":0,"cards_obtained":["Injury"]},{"damage_healed":0,"gold_gain":0,"player_choice":"Obtained Book","damage_taken":21,"max_hp_gain":0,"max_hp_loss":0,"event_name":"Cursed Tome","floor":20,"gold_loss":0},{"damage_healed":0,"gold_gain":0,"player_choice":"","damage_taken":9,"max_hp_gain":0,"max_hp_loss":0,"event_name":"Knowing Skull","floor":22,"potions_obtained":[],"gold_loss":0,"cards_obtained":[]},{"damage_healed":18,"gold_gain":0,"player_choice":"Heal","damage_taken":0,"max_hp_gain":0,"max_hp_loss":0,"event_name":"The Library","floor":30,"gold_loss":0},{"cards_removed":["Strike_R"],"damage_healed":0,"gold_gain":0,"player_choice":"Purged","damage_taken":0,"max_hp_gain":0,"max_hp_loss":0,"event_name":"Purifier","floor":31,"gold_loss":0}],"is_beta":false,"boss_relics":[{"not_picked":["Fusion Hammer","Runic Dome"],"picked":"Tiny House"}],"items_purged_floors":[19,21],"is_endless":false,"potions_floor_spawned":[1,8,11,14,16,24],"killed_by":"Collector","ascension_level":17}