{"gold_per_floor":[118,134,134,144,69,98,98,98,123,123,45,45,65,99,99,174,174,189,189,204,222,8,8,43,43],"floor_reached":25,"playtime":928,"items_purged":["Strike_B"],"score":435,"play_id":"20e88ae5-0458-40ad-a8e4-c215079a98dd","local_time":"20190823101704","is_ascension_mode":true,"campfire_choices":[{"floor":7,"key":"REST"},{"data":"Chaos","floor":10,"key":"SMITH"},{"data":"Biased Cognition","floor":12,"key":"SMITH"},{"data":"Capacitor","floor":15,"key":"SMITH"},{"floor":23,"key":"REST"}],"neow_cost":"PERCENT_DAMAGE","seed_source_timestamp":796104912536800,"circlet_count":0,"master_deck":["AscendersBane","Strike_B","Defend_B","Defend_B","Defend_B","Defend_B","Zap+1","Dualcast","Chaos+1","Gash","Conserve Battery+1","BootSequence","Cold Snap","Ball Lightning","Biased Cognition+1","Capacitor+1","Static Discharge","Leap","FTL","Meteor Strike","Redo","Compile Driver","Machine Learning","Consume","Reinforced Body","Undo","Defragment+1","Defragment","Hologram","Loop"],"relics":["Cracked Core","Prayer Wheel","War Paint","Strawberry","Bottled Tornado","Nuclear Battery","Bag of Preparation"],"potions_floor_usage":[6,14,21],"damage_taken":[{"damage":0,"enemies":"Cultist","floor":1,"turns":3},{"damage":0,"enemies":"2 Louse","floor":2,"turns":2},{"damage":0,"enemies":"Jaw Worm","floor":4,"turns":5},{"damage":33,"enemies":"3 Sentries","floor":6,"turns":9},{"damage":1,"enemies":"Blue Slaver","floor":13,"turns":3},{"damage":9,"enemies":"Gremlin Nob","floor":14,"turns":4},{"damage":26,"enemies":"Hexaghost","floor":16,"turns":10},{"damage":7,"enemies":"Chosen","floor":18,"turns":4},{"damage":10,"enemies":"3 Byrds","floor":20,"turns":3},{"damage":38,"enemies":"Shelled Parasite and Fungi","floor":21,"turns":6},{"damage":32,"enemies":"Slavers","floor":24,"turns":6},{"damage":5,"enemies":"Sentry and Sphere","floor":25,"turns":2}],"seed_played":"-3847408800622392562","potions_obtained":[{"floor":2,"key":"Dexterity Potion"},{"floor":13,"key":"Weak Potion"},{"floor":16,"key":"Poison Potion"},{"floor":18,"key":"Poison Potion"},{"floor":21,"key":"SneckoOil"},{"floor":24,"key":"Weak Potion"}],"is_trial":false,"path_per_floor":["M","M","$","M","?","E","R","?","T","R","$","R","M","E","R","B",null,"M","?","M","M","$","R","E","M"],"character_chosen":"DEFECT","items_purchased":["Capacitor","Defragment","Hologram"],"campfire_rested":2,"item_purchase_floors":[11,22,22],"current_hp_per_floor":[46,46,46,46,46,13,34,57,64,64,64,64,63,54,54,28,66,59,59,49,11,11,34,2,0],"gold":43,"neow_bonus":"ONE_RARE_RELIC","is_prod":false,"is_daily":false,"chose_seed":false,"campfire_upgraded":3,"win_rate":0,"timestamp":1566548224,"path_taken":["M","M","?","M","?","E","R","?","T","R","?","R","M","E","R","BOSS","M","?","M","?","$","R","E","M"],"build_version":"2019-07-17","purchased_purges":1,"victory":false,"max_hp_per_floor":[71,71,71,71,71,71,71,71,78,78,78,78,78,78,78,78,78,78,78,78,78,78,78,78,78],"card_choices":[{"not_picked":["Conserve Battery","Heatsinks"],"picked":"Chaos","floor":1},{"not_picked":["FTL","Streamline"],"picked":"Gash","floor":1},{"not_picked":["Compile Driver","Streamline"],"picked":"Conserve Battery","floor":2},{"not_picked":["Chaos","Barrage"],"picked":"BootSequence","floor":2},{"not_picked":["Aggregate","Recycle"],"picked":"Cold Snap","floor":4},{"not_picked":["Creative AI","Coolheaded"],"picked":"Ball Lightning","floor":4},{"not_picked":["Turbo","Loop"],"picked":"Biased Cognition","floor":6},{"not_picked":["Sweeping Beam","Rebound"],"picked":"Static Discharge","floor":13},{"not_picked":["Go for the Eyes","Heatsinks"],"picked":"Leap","floor":13},{"not_picked":["Machine Learning","Turbo"],"picked":"FTL","floor":14},{"not_picked":["Creative AI","Multi-Cast"],"picked":"Meteor Strike","floor":16},{"not_picked":["Cold Snap","Ball Lightning"],"picked":"Redo","floor":18},{"not_picked":["Leap","Doom and Gloom"],"picked":"Compile Driver","floor":18},{"not_picked":["Stack","Coolheaded"],"picked":"Consume","floor":20},{"not_picked":["BootSequence","Coolheaded"],"picked":"Reinforced Body","floor":20},{"not_picked":["Rebound","Amplify"],"picked":"Undo","floor":21},{"not_picked":["Rebound","Ball Lightning"],"picked":"Defragment+1","floor":21},{"not_picked":["Streamline","Capacitor"],"picked":"Loop","floor":24}],"player_experience":1953818,"relics_obtained":[{"floor":6,"key":"War Paint"},{"floor":9,"key":"Strawberry"},{"floor":14,"key":"Bottled Tornado"},{"floor":24,"key":"Bag of Preparation"}],"event_choices":[{"cards_removed":["Strike_B"],"damage_healed":0,"gold_gain":0,"player_choice":"Card Removal","damage_taken":0,"max_hp_gain":0,"max_hp_loss":0,"event_name":"The Cleric","floor":5,"gold_loss":75},{"damage_healed":23,"gold_gain":0,"player_choice":"Banana","damage_taken":0,"max_hp_gain":0,"max_hp_loss":0,"event_name":"Big Fish","floor":8,"gold_loss":0},{"damage_healed":0,"gold_gain":0,"cards_transformed":["Strike_B"],"player_choice":"Transformed","damage_taken":0,"max_hp_gain":0,"max_hp_loss":0,"event_name":"Transmorgrifier","floor":19,"gold_loss":0,"cards_obtained":["Machine Learning"]}],"is_beta":false,"boss_relics":[{"not_picked":["Runic Pyramid","Snecko Eye"],"picked":"Nuclear Battery"}],"items_purged_floors":[22],"is_endless":false,"potions_floor_spawned":[2,13,16,18,21,24],"killed_by":"Sentry and Sphere","ascension_level":18}