{"gold_per_floor":[119,135,135,99,118,118,144,144,171,171,188,220,220,260,260,359,359,373,373,389,389,405,405,418,450,450,475,492,492,29,49,49,124,124,144,144,163,20,36,36],"floor_reached":40,"playtime":1766,"items_purged":["Night Terror","Injury"],"score":803,"play_id":"e86b7073-f8fd-410b-bc10-b88df4449e0c","local_time":"20190517163544","is_ascension_mode":true,"campfire_choices":[{"data":"Neutralize","floor":6,"key":"SMITH"},{"data":"Crippling Poison","floor":8,"key":"SMITH"},{"floor":15,"key":"REST"},{"floor":23,"key":"REST"},{"data":"A Thousand Cuts","floor":29,"key":"SMITH"},{"data":"Envenom","floor":32,"key":"SMITH"}],"neow_cost":"NONE","seed_source_timestamp":320585229089900,"circlet_count":0,"master_deck":["AscendersBane","Survivor","Neutralize+1","Leg Sweep+1","Poisoned Stab","Crippling Poison+1","Noxious Fumes","Finisher","Quick Slash","Dagger Spray","Backflip","Corpse Explosion","Caltrops","Expertise+1","Slice","Flying Knee","Grand Finale","Well Laid Plans+1","After Image","Night Terror","Blur","Caltrops","Deflect","Finisher+1","A Thousand Cuts+1","Envenom+1","Calculated Gamble","Prepared","Phantasmal Killer","Distraction+1","Underhanded Strike","Infinite Blades","Blade Dance"],"relics":["Philosopher\u0027s Stone","Blood Vial","Mercury Hourglass","Anchor","Meat on the Bone","Bloody Idol","The Courier","Pandora\u0027s Box","StoneCalendar","Paper Crane","Snake Skull","Tingsha","War Paint","Eternal Feather"],"potions_floor_usage":[7,12,22,25,27,31],"damage_taken":[{"damage":2,"enemies":"Jaw Worm","floor":1,"turns":5},{"damage":0,"enemies":"2 Louse","floor":2,"turns":4},{"damage":0,"enemies":"Cultist","floor":5,"turns":5},{"damage":12,"enemies":"3 Sentries","floor":7,"turns":8},{"damage":0,"enemies":"Large Slime","floor":11,"turns":4},{"damage":9,"enemies":"Lagavulin","floor":12,"turns":5},{"damage":23,"enemies":"3 Sentries","floor":14,"turns":5},{"damage":8,"enemies":"The Guardian","floor":16,"turns":9},{"damage":31,"enemies":"Spheric Guardian","floor":18,"turns":6},{"damage":16,"enemies":"Shell Parasite","floor":20,"turns":5},{"damage":31,"enemies":"Snecko","floor":22,"turns":6},{"damage":5,"enemies":"Chosen and Byrds","floor":24,"turns":5},{"damage":6,"enemies":"Gremlin Leader","floor":25,"turns":6},{"damage":46,"enemies":"Slavers","floor":27,"turns":5},{"damage":9,"enemies":"3 Cultists","floor":28,"turns":4},{"damage":13,"enemies":"Snake Plant","floor":31,"turns":4},{"damage":40,"enemies":"Collector","floor":33,"turns":7},{"damage":32,"enemies":"3 Darklings","floor":35,"turns":3},{"damage":9,"enemies":"Orb Walker","floor":37,"turns":4},{"damage":32,"enemies":"Maw","floor":39,"turns":6},{"damage":43,"enemies":"4 Shapes","floor":40,"turns":3}],"seed_played":"-5916993308771829069","potions_obtained":[{"floor":2,"key":"AttackPotion"},{"floor":11,"key":"Swift Potion"},{"floor":16,"key":"Ancient Potion"},{"floor":18,"key":"Explosive Potion"},{"floor":24,"key":"GamblersBrew"},{"floor":27,"key":"FearPotion"},{"floor":35,"key":"FairyPotion"}],"is_trial":false,"path_per_floor":["M","M","?","?","M","R","E","R","T","?","M","E","?","E","R","B",null,"M","?","M","?","M","R","M","E","T","E","M","R","$","M","R","B",null,"M","?","M","$","M","M"],"character_chosen":"THE_SILENT","items_purchased":["Tingsha","War Paint","Infinite Blades"],"campfire_rested":2,"item_purchase_floors":[30,30,38],"current_hp_per_floor":[57,57,46,46,48,48,38,38,38,38,40,33,33,24,43,37,59,42,42,45,41,29,48,50,51,51,24,34,34,34,40,40,19,54,41,41,39,39,26,0],"gold":36,"neow_bonus":"BOSS_RELIC","is_prod":false,"is_daily":false,"chose_seed":false,"campfire_upgraded":4,"win_rate":0,"timestamp":1558103744,"path_taken":["M","M","?","?","M","R","E","R","T","?","?","E","?","E","R","BOSS","M","?","M","?","M","R","?","E","T","E","M","R","$","M","R","BOSS","M","?","M","$","?","M"],"build_version":"2019-01-23","purchased_purges":2,"victory":false,"max_hp_per_floor":[66,66,66,66,66,66,66,66,66,66,66,66,66,66,66,66,66,66,66,66,66,66,66,66,66,66,66,66,66,66,66,66,66,66,66,66,66,66,66,66],"card_choices":[{"not_picked":["Prepared","Deflect"],"picked":"Leg Sweep","floor":1},{"not_picked":["Outmaneuver","Acrobatics"],"picked":"Poisoned Stab","floor":2},{"not_picked":["Outmaneuver","Reflex"],"picked":"Crippling Poison","floor":5},{"not_picked":["Night Terror","Flying Knee"],"picked":"Noxious Fumes","floor":7},{"not_picked":["Deflect","Slice"],"picked":"Quick Slash","floor":11},{"not_picked":["Expertise","Bouncing Flask"],"picked":"Dagger Spray","floor":12},{"not_picked":["Underhanded Strike","Sucker Punch"],"picked":"Backflip","floor":14},{"not_picked":["Unload","Venomology"],"picked":"Corpse Explosion","floor":16},{"not_picked":["Acrobatics","Crippling Poison"],"picked":"Blur","floor":18},{"not_picked":["Deflect","Deadly Poison"],"picked":"Caltrops","floor":20},{"not_picked":["Prepared","Accuracy"],"picked":"Deflect","floor":22},{"not_picked":["Blade Dance","Eviscerate"],"picked":"Finisher+1","floor":24},{"not_picked":["Bane","Poisoned Stab"],"picked":"A Thousand Cuts","floor":25},{"not_picked":["Prepared","Skewer"],"picked":"Envenom","floor":27},{"not_picked":["Slice","Deadly Poison"],"picked":"Calculated Gamble","floor":28},{"not_picked":["Accuracy","Slice"],"picked":"Prepared","floor":31},{"not_picked":["Grand Finale","Venomology"],"picked":"Phantasmal Killer","floor":33},{"not_picked":["Underhanded Strike","Deadly Poison"],"picked":"Distraction+1","floor":35},{"not_picked":["Well Laid Plans","Poisoned Stab"],"picked":"Underhanded Strike","floor":37},{"not_picked":["Poisoned Stab+1","Outmaneuver"],"picked":"Blade Dance","floor":39}],"player_experience":1132943,"relics_obtained":[{"floor":7,"key":"Mercury Hourglass"},{"floor":9,"key":"Anchor"},{"floor":12,"key":"Meat on the Bone"},{"floor":14,"key":"The Courier"},{"floor":25,"key":"StoneCalendar"},{"floor":26,"key":"Paper Crane"},{"floor":27,"key":"Snake Skull"}],"event_choices":[{"damage_healed":0,"gold_gain":0,"player_choice":"Success","damage_taken":11,"relics_obtained":["Blood Vial"],"max_hp_gain":0,"max_hp_loss":0,"event_name":"Scrap Ooze","floor":3,"gold_loss":0},{"damage_healed":0,"gold_gain":0,"player_choice":"Left Gold","damage_taken":0,"max_hp_gain":0,"max_hp_loss":0,"event_name":"World of Goop","floor":4,"gold_loss":36},{"damage_healed":0,"gold_gain":0,"cards_transformed":["Strike_G"],"player_choice":"Transformed","damage_taken":0,"max_hp_gain":0,"max_hp_loss":0,"event_name":"Transmorgrifier","floor":10,"gold_loss":0,"cards_obtained":["Finisher"]},{"damage_healed":0,"gold_gain":0,"player_choice":"Take Wound","damage_taken":0,"relics_obtained":["Golden Idol"],"max_hp_gain":0,"max_hp_loss":0,"event_name":"Golden Idol","floor":13,"gold_loss":0,"cards_obtained":["Injury"]},{"damage_healed":0,"gold_gain":0,"player_choice":"Gave Idol","damage_taken":0,"relics_obtained":["Bloody Idol"],"max_hp_gain":0,"max_hp_loss":0,"event_name":"Forgotten Altar","floor":19,"relics_lost":["Golden Idol"],"gold_loss":0},{"damage_healed":0,"gold_gain":0,"player_choice":"Bought 0 Potions","damage_taken":0,"max_hp_gain":0,"max_hp_loss":0,"event_name":"The Woman in Blue","floor":21,"gold_loss":0},{"damage_healed":0,"gold_gain":0,"player_choice":"Forge","damage_taken":0,"max_hp_gain":0,"max_hp_loss":0,"event_name":"Accursed Blacksmith","floor":36,"gold_loss":0,"cards_upgraded":["Well Laid Plans"]}],"is_beta":false,"boss_relics":[{"not_picked":["Empty Cage","WristBlade"],"picked":"Pandora\u0027s Box"},{"not_picked":["Cursed Key","Calling Bell"],"picked":"Eternal Feather"}],"items_purged_floors":[30,38],"is_endless":false,"potions_floor_spawned":[2,11,16,18,24,27,35],"killed_by":"4 Shapes","ascension_level":16}