{"gold_per_floor":[210,210,223,203,223,253,253,288,336,336,45,65,65,78,78,174,174,159,174,0,0,15,15,15],"floor_reached":24,"playtime":1294,"items_purged":["Injury"],"score":412,"play_id":"b5ed5c68-d840-4962-a323-b8eae6d9e5db","local_time":"20190621081127","is_ascension_mode":true,"campfire_choices":[{"data":"Armaments","floor":7,"key":"SMITH"},{"data":"Heavy Blade","floor":13,"key":"SMITH"},{"data":"Carnage","floor":15,"key":"SMITH"},{"data":"Impervious","floor":23,"key":"SMITH"}],"neow_cost":"NONE","seed_source_timestamp":18972951307113,"circlet_count":0,"master_deck":["AscendersBane","Strike_R","Strike_R","Strike_R","Strike_R","Strike_R","Defend_R","Defend_R","Defend_R","Defend_R","Bash+1","Intimidate","Feel No Pain","Armaments+1","Carnage+1","Spot Weakness","Heavy Blade+1","Flame Barrier","Impervious+1","Offering","Body Slam","Shockwave","True Grit","Twin Strike","Reaper","Battle Trance"],"relics":["Burning Blood","Mercury Hourglass","Red Skull","Oddly Smooth Stone","Golden Idol","Regal Pillow","Orrery"],"potions_floor_usage":[6,8,8,16,16,24],"damage_taken":[{"damage":13,"enemies":"Small Slimes","floor":1,"turns":5},{"damage":6,"enemies":"Cultist","floor":3,"turns":4},{"damage":3,"enemies":"2 Louse","floor":5,"turns":4},{"damage":16,"enemies":"3 Sentries","floor":6,"turns":10},{"damage":27,"enemies":"Lagavulin","floor":8,"turns":6},{"damage":1,"enemies":"Red Slaver","floor":12,"turns":3},{"damage":0,"enemies":"Large Slime","floor":14,"turns":5},{"damage":22,"enemies":"Hexaghost","floor":16,"turns":6},{"damage":22,"enemies":"2 Thieves","floor":18,"turns":4},{"damage":11,"enemies":"3 Byrds","floor":19,"turns":6},{"damage":21,"enemies":"Cultist and Chosen","floor":22,"turns":6},{"damage":41,"enemies":"Book of Stabbing","floor":24,"turns":4}],"seed_played":"-953956272713818645","potions_obtained":[{"floor":3,"key":"EntropicBrew"},{"floor":4,"key":"SkillPotion"},{"floor":8,"key":"SkillPotion"},{"floor":16,"key":"FearPotion"},{"floor":19,"key":"Dexterity Potion"},{"floor":21,"key":"Explosive Potion"},{"floor":21,"key":"Energy Potion"}],"is_trial":false,"path_per_floor":["M","?","M","?","M","E","R","E","T","?","$","M","R","M","R","B",null,"M","M","$","?","M","R","E"],"character_chosen":"IRONCLAD","items_purchased":["Regal Pillow","Heavy Blade","Reaper"],"campfire_rested":0,"item_purchase_floors":[11,11,20],"current_hp_per_floor":[61,61,61,61,64,54,54,33,33,33,33,38,38,44,44,28,63,47,42,42,42,38,38,0],"gold":15,"neow_bonus":"HUNDRED_GOLD","is_prod":false,"is_daily":false,"chose_seed":false,"campfire_upgraded":4,"win_rate":0,"timestamp":1561101087,"path_taken":["M","?","?","?","?","E","R","E","T","?","$","M","R","M","R","BOSS","M","M","$","?","M","R","E"],"build_version":"2019-01-23","purchased_purges":1,"victory":false,"max_hp_per_floor":[75,75,75,75,75,75,75,75,75,75,75,75,75,75,75,75,75,75,75,75,75,75,75,75],"card_choices":[{"not_picked":["Iron Wave","Flex"],"picked":"Intimidate","floor":1},{"not_picked":["Havoc","Shrug It Off"],"picked":"Feel No Pain","floor":3},{"not_picked":["Headbutt","Thunderclap"],"picked":"Armaments","floor":5},{"not_picked":["Hemokinesis","Havoc"],"picked":"Carnage","floor":6},{"not_picked":["Perfected Strike","Rupture"],"picked":"Spot Weakness","floor":8},{"not_picked":["Perfected Strike","Heavy Blade"],"picked":"Flame Barrier","floor":12},{"not_picked":["Thunderclap","Wild Strike"],"picked":"Impervious","floor":14},{"not_picked":["Juggernaut","Barricade"],"picked":"Offering","floor":16},{"not_picked":["Fire Breathing","Headbutt"],"picked":"Body Slam","floor":17},{"not_picked":["Juggernaut","Iron Wave"],"picked":"Shockwave","floor":17},{"not_picked":["Flex","Clash"],"picked":"True Grit","floor":18},{"not_picked":["Anger","Clash"],"picked":"Twin Strike","floor":19},{"not_picked":["Havoc","Perfected Strike"],"picked":"Battle Trance","floor":22}],"player_experience":1098171,"relics_obtained":[{"floor":6,"key":"Mercury Hourglass"},{"floor":8,"key":"Red Skull"},{"floor":9,"key":"Oddly Smooth Stone"}],"event_choices":[{"damage_healed":0,"gold_gain":0,"player_choice":"Upgraded","damage_taken":0,"max_hp_gain":0,"max_hp_loss":0,"event_name":"Upgrade Shrine","floor":2,"gold_loss":0,"cards_upgraded":["Bash"]},{"damage_healed":0,"gold_gain":0,"player_choice":"Bought 1 Potion","damage_taken":0,"max_hp_gain":0,"max_hp_loss":0,"event_name":"The Woman in Blue","floor":4,"gold_loss":0},{"damage_healed":0,"gold_gain":0,"player_choice":"Take Wound","damage_taken":0,"relics_obtained":["Golden Idol"],"max_hp_gain":0,"max_hp_loss":0,"event_name":"Golden Idol","floor":10,"gold_loss":0,"cards_obtained":["Injury"]},{"damage_healed":0,"gold_gain":0,"player_choice":"Got Potions","damage_taken":0,"max_hp_gain":0,"max_hp_loss":0,"event_name":"Lab","floor":21,"gold_loss":0}],"is_beta":false,"boss_relics":[{"not_picked":["Coffee Dripper","Lizard Tail"],"picked":"Orrery"}],"items_purged_floors":[11],"is_endless":false,"potions_floor_spawned":[3,8,12,16,19],"killed_by":"Book of Stabbing","ascension_level":20}