{"gold_per_floor":[112,122,133,133,153,182,182,182,182,198,198,238,251,269,269,367,367,387,410,13,13,36,36,52,52,75,100,140,140,175,90,90,181,181,196,219,219,64,10,10,10],"floor_reached":41,"playtime":1708,"items_purged":["Strike_B","Strike_B"],"score":936,"play_id":"97f52c6a-e5a1-41e4-bea0-884d4e160881","local_time":"20190521221946","is_ascension_mode":true,"campfire_choices":[{"data":"Defragment","floor":7.0,"key":"SMITH"},{"floor":11.0,"key":"REST"},{"floor":15.0,"key":"REST"},{"data":"Deep Breath","floor":23.0,"key":"SMITH"},{"floor":25.0,"key":"REST"},{"floor":29,"key":"REST"},{"data":"Blizzard","floor":32,"key":"SMITH"},{"floor":40,"key":"REST"}],"neow_cost":"TEN_PERCENT_HP_LOSS","seed_source_timestamp":353016070618662,"circlet_count":0,"master_deck":["AscendersBane","Strike_B","Defend_B","Defend_B","Defend_B","Defend_B","Zap","Dualcast","Dramatic Entrance","Deep Breath+1","Cold Snap","Cold Snap","Defragment+1","Sunder","Undo","Blizzard+1","Conserve Battery","Seek","Go for the Eyes+1","Glacier","Coolheaded+1","Chill","Ball Lightning","Glacier","Conserve Battery","Core Surge","Reinforced Body+1","Skim","Conserve Battery","Stack+1"],"special_seed":0,"relics":["Cracked Core","Bronze Scales","Dodecahedron","Golden Idol","DataDisk","Happy Flower","Black Star","Thread and Needle","Anchor","Matryoshka","Dream Catcher","Pantograph","Cables","StoneCalendar","Snecko Eye"],"potions_floor_usage":[30,41],"damage_taken":[{"damage":9.0,"enemies":"Jaw Worm","floor":1.0,"turns":3.0},{"damage":0.0,"enemies":"2 Louse","floor":2.0,"turns":2.0},{"damage":0.0,"enemies":"Cultist","floor":3.0,"turns":2.0},{"damage":9.0,"enemies":"3 Louse","floor":5.0,"turns":3.0},{"damage":4.0,"enemies":"Gremlin Nob","floor":6.0,"turns":3.0},{"damage":0.0,"enemies":"Blue Slaver","floor":10.0,"turns":3.0},{"damage":7.0,"enemies":"3 Sentries","floor":12.0,"turns":5.0},{"damage":7.0,"enemies":"Exordium Thugs","floor":13.0,"turns":2.0},{"damage":9.0,"enemies":"Red Slaver","floor":14.0,"turns":2.0},{"damage":30.0,"enemies":"Slime Boss","floor":16.0,"turns":12.0},{"damage":3.0,"enemies":"Chosen","floor":18.0,"turns":6.0},{"damage":20.0,"enemies":"Spheric Guardian","floor":19.0,"turns":5.0},{"damage":2.0,"enemies":"Chosen and Byrds","floor":22.0,"turns":8.0},{"damage":10.0,"enemies":"Snake Plant","floor":24.0,"turns":3.0},{"damage":0.0,"enemies":"Snecko","floor":27.0,"turns":7.0},{"damage":25,"enemies":"Gremlin Leader","floor":28,"turns":8},{"damage":0,"enemies":"Book of Stabbing","floor":30,"turns":6},{"damage":18,"enemies":"Automaton","floor":33,"turns":10},{"damage":48,"enemies":"3 Darklings","floor":35,"turns":7},{"damage":0,"enemies":"3 Shapes","floor":36,"turns":5},{"damage":23,"enemies":"Reptomancer","floor":41,"turns":4}],"seed_played":"6894680283205414450","potions_obtained":[{"floor":2.0,"key":"Fire Potion"},{"floor":12.0,"key":"Poison Potion"},{"floor":13.0,"key":"EssenceOfSteel"},{"floor":16.0,"key":"SneckoOil"},{"floor":19.0,"key":"Regen Potion"},{"floor":27.0,"key":"FocusPotion"}],"is_trial":false,"path_per_floor":["M","M","M","?","M","E","R","?","T","M","R","E","M","M","R","B",null,"M","M","$","?","M","R","M","R","T","M","E","R","E","?","R","B",null,"M","M","?","$","$","R","E"],"character_chosen":"DEFECT","items_purchased":["Thread and Needle","Conserve Battery","Fire Potion"],"campfire_rested":5,"item_purchase_floors":[20,38,39],"current_hp_per_floor":[55,55,55,37,28,24,24,24,24,24,41,34,27,18,35,5,45,42,22,22,22,35,35,25,42,42,42,17,34,34,34,34,40,54,6,6,6,6,6,23,0],"gold":10,"neow_bonus":"RANDOM_COLORLESS_2","is_prod":false,"is_daily":false,"chose_seed":false,"campfire_upgraded":3,"win_rate":0,"timestamp":1558469986,"path_taken":["M","M","M","?","M","E","R","?","T","M","R","E","M","M","R","BOSS","M","M","$","?","M","R","M","R","T","?","E","R","E","?","R","BOSS","M","M","?","?","$","R","E"],"build_version":"2019-01-23","purchased_purges":2,"victory":false,"max_hp_per_floor":[64,64,64,64,64,64,64,58,58,58,58,58,58,58,58,58,58,58,58,58,58,58,58,58,58,58,58,58,58,58,58,58,58,58,58,58,58,58,58,58,58],"card_choices":[{"not_picked":["Stack","Conserve Battery"],"picked":"Cold Snap","floor":1.0},{"not_picked":["Chaos","Aggregate"],"picked":"Cold Snap","floor":2.0},{"not_picked":["Gash","Reprogram"],"picked":"Defragment","floor":3.0},{"not_picked":["Compile Driver","White Noise"],"picked":"Sunder","floor":5.0},{"not_picked":["Steam","Fission"],"picked":"Undo","floor":6.0},{"not_picked":["Gash","Rebound","Hologram"],"picked":"SKIP","floor":10.0},{"not_picked":["White Noise","Streamline","Rebound"],"picked":"SKIP","floor":12.0},{"not_picked":["Leap","BootSequence"],"picked":"Blizzard","floor":13.0},{"not_picked":["Sweeping Beam","Barrage"],"picked":"Conserve Battery","floor":14.0},{"not_picked":["All For One","Core Surge"],"picked":"Seek","floor":16.0},{"not_picked":["FTL","Tempest+1"],"picked":"Go for the Eyes+1","floor":18.0},{"not_picked":["Conserve Battery","Go for the Eyes"],"picked":"Glacier","floor":19.0},{"not_picked":["Rebound","Genetic Algorithm"],"picked":"Coolheaded+1","floor":22.0},{"not_picked":["Conserve Battery","Static Discharge"],"picked":"Chill","floor":24.0},{"not_picked":["Go for the Eyes","Genetic Algorithm","Redo"],"picked":"SKIP","floor":27.0},{"not_picked":["Compile Driver","Beam Cell"],"picked":"Ball Lightning","floor":28},{"not_picked":["Heatsinks","Tempest+1"],"picked":"Glacier","floor":29},{"not_picked":["Leap","Reinforced Body"],"picked":"Conserve Battery","floor":30},{"not_picked":["Hyperbeam","Machine Learning"],"picked":"Core Surge","floor":33},{"not_picked":["Turbo+1","Go for the Eyes"],"picked":"Reinforced Body+1","floor":35},{"not_picked":["Sweeping Beam","Reprogram","Leap"],"picked":"SKIP","floor":36},{"not_picked":["Ball Lightning","Go for the Eyes"],"picked":"Stack+1","floor":40}],"player_experience":796376,"relics_obtained":[{"floor":6.0,"key":"Dodecahedron"},{"floor":9.0,"key":"DataDisk"},{"floor":12.0,"key":"Happy Flower"},{"floor":26.0,"key":"Anchor"},{"floor":28,"key":"Matryoshka"},{"floor":28,"key":"Dream Catcher"},{"floor":30,"key":"Pantograph"},{"floor":30,"key":"Cables"}],"event_choices":[{"damage_healed":0.0,"max_hp_gain":0.0,"max_hp_loss":0.0,"gold_gain":0.0,"event_name":"Scrap Ooze","player_choice":"Success","floor":4.0,"gold_loss":0.0,"damage_taken":18.0,"relics_obtained":["Bronze Scales"]},{"damage_healed":0.0,"max_hp_gain":0.0,"max_hp_loss":6.0,"gold_gain":0.0,"event_name":"Golden Idol","player_choice":"Lose Max HP","floor":8.0,"gold_loss":0.0,"damage_taken":0.0,"relics_obtained":["Golden Idol"]},{"cards_removed":["Strike_B"],"damage_healed":0.0,"max_hp_gain":0.0,"max_hp_loss":0.0,"gold_gain":0.0,"event_name":"Purifier","player_choice":"Purged","floor":21.0,"gold_loss":0.0,"damage_taken":0.0},{"damage_healed":0,"gold_gain":0,"player_choice":"Obtained Relic","damage_taken":0,"relics_obtained":["StoneCalendar"],"max_hp_gain":0,"max_hp_loss":0,"event_name":"Addict","floor":31,"gold_loss":85},{"damage_healed":0,"gold_gain":0,"player_choice":"1 cards matched","damage_taken":0,"max_hp_gain":0,"max_hp_loss":0,"event_name":"Match and Keep!","floor":37,"gold_loss":0,"cards_obtained":["Skim"]}],"is_beta":false,"boss_relics":[{"not_picked":["Busted Crown","Cursed Key"],"picked":"Black Star"},{"not_picked":["Empty Cage","Velvet Choker"],"picked":"Snecko Eye"}],"items_purged_floors":[20,38],"is_endless":false,"potions_floor_spawned":[2,12,13,16,19,27],"killed_by":"Reptomancer","ascension_level":20}