{"gold_per_floor":[109,109,109,123,123,150,167,167,193,193,14,89,115,135,135,210,210,230,230],"floor_reached":19,"playtime":613,"items_purged":[],"score":380,"play_id":"c5d94a0b-bd73-4427-bbeb-ee9effa75119","local_time":"20190807001714","is_ascension_mode":true,"campfire_choices":[{"data":"Bash","floor":8,"key":"SMITH"},{"data":"Flex","floor":10,"key":"SMITH"},{"data":"Magnetism","floor":15,"key":"SMITH"}],"neow_cost":"NONE","seed_source_timestamp":371977061581100,"circlet_count":0,"master_deck":["AscendersBane","Strike_R","Strike_R","Strike_R","Strike_R","Defend_R","Defend_R","Defend_R","Defend_R","Bash+1","Flex+1","Headbutt","Ghostly Armor","Corruption","Iron Wave","Magnetism+1","Demon Form","Metallicize","Barricade","True Grit+1"],"relics":["Burning Blood","NeowsBlessing","Potion Belt","Blood Vial","Bag of Preparation","Eternal Feather"],"potions_floor_usage":[13,14,16],"damage_taken":[{"damage":0,"enemies":"Small Slimes","floor":1,"turns":1},{"damage":0,"enemies":"2 Louse","floor":4,"turns":1},{"damage":0,"enemies":"Gremlin Nob","floor":6,"turns":1},{"damage":9,"enemies":"Jaw Worm","floor":7,"turns":4},{"damage":20,"enemies":"Lagavulin","floor":13,"turns":5},{"damage":11,"enemies":"Blue Slaver","floor":14,"turns":5},{"damage":45,"enemies":"Slime Boss","floor":16,"turns":12},{"damage":47,"enemies":"Spheric Guardian","floor":18,"turns":8},{"damage":28,"enemies":"Chosen","floor":19,"turns":4}],"seed_played":"7612742364309725153","potions_obtained":[{"floor":4,"key":"PowerPotion"},{"floor":13,"key":"Fire Potion"},{"floor":14,"key":"SpeedPotion"}],"is_trial":false,"path_per_floor":["M","?","?","M","$","E","M","R","T","R","$","?","E","M","R","B",null,"M","M"],"character_chosen":"IRONCLAD","items_purchased":["Magnetism"],"campfire_rested":0,"item_purchase_floors":[11],"current_hp_per_floor":[74,74,79,80,80,80,77,77,77,77,77,66,54,51,51,14,64,25,0],"gold":230,"neow_bonus":"THREE_ENEMY_KILL","is_prod":false,"is_daily":false,"chose_seed":false,"campfire_upgraded":3,"win_rate":0,"timestamp":1565129834,"path_taken":["M","?","?","M","?","E","M","R","T","R","?","?","E","M","R","BOSS","M","M"],"build_version":"2019-07-17","purchased_purges":0,"victory":false,"max_hp_per_floor":[75,75,80,80,80,80,80,80,80,80,80,80,80,80,80,80,80,80,80],"card_choices":[{"not_picked":["Iron Wave","Warcry"],"picked":"Flex","floor":1},{"not_picked":["Headbutt","Perfected Strike"],"picked":"Ghostly Armor","floor":4},{"not_picked":["Evolve","Combust"],"picked":"Corruption","floor":6},{"not_picked":["Cleave","Perfected Strike"],"picked":"Iron Wave","floor":7},{"not_picked":["Evolve","Entrench"],"picked":"Demon Form","floor":13},{"not_picked":["Perfected Strike","Flex"],"picked":"Metallicize","floor":14},{"not_picked":["Dark Embrace","Limit Break"],"picked":"Barricade","floor":16},{"not_picked":["Havoc","Perfected Strike"],"picked":"True Grit+1","floor":18}],"player_experience":1795451,"relics_obtained":[{"floor":6,"key":"Potion Belt"},{"floor":9,"key":"Blood Vial"},{"floor":13,"key":"Bag of Preparation"}],"event_choices":[{"damage_healed":0,"gold_gain":0,"cards_transformed":["Strike_R"],"player_choice":"Change","damage_taken":0,"max_hp_gain":0,"max_hp_loss":0,"event_name":"Living Wall","floor":2,"gold_loss":0,"cards_obtained":["Headbutt"]},{"damage_healed":0,"gold_gain":0,"player_choice":"Donut","damage_taken":0,"max_hp_gain":5,"max_hp_loss":0,"event_name":"Big Fish","floor":3,"gold_loss":0},{"damage_healed":0,"gold_gain":75,"player_choice":"Gather Gold","damage_taken":11,"max_hp_gain":0,"max_hp_loss":0,"event_name":"World of Goop","floor":12,"gold_loss":0}],"is_beta":false,"boss_relics":[{"not_picked":["Black Blood","Calling Bell"],"picked":"Eternal Feather"}],"items_purged_floors":[],"is_endless":false,"potions_floor_spawned":[4,13,14],"killed_by":"Chosen","ascension_level":18}