{"gold_per_floor":[119,394,413,424,41,41,76,76,76,76,88,99,99,132,132,204,204,218,218,236,436,436],"floor_reached":22,"playtime":722,"items_purged":["Regret"],"score":388,"play_id":"fb74121a-a72f-43c0-bd6e-7c3d8fca57c8","local_time":"20190708193941","is_ascension_mode":true,"campfire_choices":[{"data":"Armaments","floor":6,"key":"SMITH"},{"data":"Carnage","floor":8,"key":"SMITH"},{"floor":10,"key":"REST"},{"data":"Combust","floor":13,"key":"SMITH"},{"data":"Shockwave","floor":15,"key":"SMITH"}],"neow_cost":"NONE","seed_source_timestamp":953145335442477,"circlet_count":0,"master_deck":["AscendersBane","Strike_R","Strike_R","Strike_R","Strike_R","Strike_R","Defend_R","Defend_R","Defend_R","Defend_R","Bash","Flame Barrier","Armaments+1","Carnage+1","Flame Barrier","Shockwave+1","Anger","Combust+1","Fiend Fire","Cleave"],"relics":["Runic Dome","Shuriken","WingedGreaves","Darkstone Periapt","Bag of Marbles","Black Star"],"potions_floor_usage":[7,14],"damage_taken":[{"damage":2,"enemies":"Jaw Worm","floor":1,"turns":3},{"damage":8,"enemies":"Cultist","floor":3,"turns":4},{"damage":4,"enemies":"Small Slimes","floor":4,"turns":3},{"damage":12,"enemies":"3 Sentries","floor":7,"turns":9},{"damage":0,"enemies":"2 Fungi Beasts","floor":11,"turns":3},{"damage":1,"enemies":"Red Slaver","floor":12,"turns":2},{"damage":10,"enemies":"Lagavulin","floor":14,"turns":5},{"damage":15,"enemies":"Hexaghost","floor":16,"turns":7},{"damage":15,"enemies":"Shell Parasite","floor":18,"turns":4},{"damage":33,"enemies":"Spheric Guardian","floor":20,"turns":5},{"damage":30,"enemies":"Shelled Parasite and Fungi","floor":22,"turns":2}],"seed_played":"4877361170561495019","potions_obtained":[{"floor":1,"key":"Swift Potion"},{"floor":3,"key":"BloodPotion"},{"floor":7,"key":"Poison Potion"},{"floor":11,"key":"Fire Potion"},{"floor":18,"key":"FearPotion"}],"is_trial":false,"path_per_floor":["M","?","M","M","$","R","E","R","T","R","M","M","R","E","R","B",null,"M","?","M","?","M"],"character_chosen":"IRONCLAD","items_purchased":["Shuriken","Flame Barrier"],"campfire_rested":1,"item_purchase_floors":[5,5],"current_hp_per_floor":[66,66,58,54,54,54,42,42,42,64,64,63,63,71,71,56,70,55,55,22,22,0],"gold":436,"neow_bonus":"BOSS_RELIC","is_prod":false,"is_daily":false,"chose_seed":false,"campfire_upgraded":4,"win_rate":0,"timestamp":1562611181,"path_taken":["M","?","M","M","$","R","E","R","T","R","?","M","R","E","R","BOSS","M","?","M","?","M"],"build_version":"2019-07-05","purchased_purges":1,"victory":false,"max_hp_per_floor":[75,75,75,75,75,75,75,75,75,75,75,75,75,75,75,75,75,75,75,75,75,75],"card_choices":[{"not_picked":["Clothesline","Flex"],"picked":"Flame Barrier","floor":1},{"not_picked":["Pommel Strike","Second Wind"],"picked":"Armaments","floor":3},{"not_picked":["Entrench","Iron Wave"],"picked":"Carnage","floor":4},{"not_picked":["Clash","Iron Wave"],"picked":"Shockwave","floor":7},{"not_picked":["Armaments","Clash"],"picked":"Anger","floor":11},{"not_picked":["Body Slam","Rampage"],"picked":"Combust","floor":12},{"not_picked":["Armaments","Dark Embrace","Ghostly Armor"],"picked":"SKIP","floor":14},{"not_picked":["Offering","Berserk"],"picked":"Fiend Fire","floor":16},{"not_picked":["Sword Boomerang","Carnage"],"picked":"Cleave","floor":18},{"not_picked":["Pommel Strike","Iron Wave","Warcry"],"picked":"SKIP","floor":20}],"player_experience":1148482,"relics_obtained":[{"floor":7,"key":"WingedGreaves"},{"floor":9,"key":"Darkstone Periapt"},{"floor":14,"key":"Bag of Marbles"}],"event_choices":[{"damage_healed":0,"gold_gain":275,"player_choice":"Desecrate","damage_taken":0,"max_hp_gain":0,"max_hp_loss":0,"event_name":"Golden Shrine","floor":2,"gold_loss":0,"cards_obtained":["Regret"]},{"damage_healed":0,"gold_gain":0,"player_choice":"Ignored","damage_taken":0,"max_hp_gain":0,"max_hp_loss":0,"event_name":"Cursed Tome","floor":19,"gold_loss":0},{"damage_healed":0,"gold_gain":250,"player_choice":"Bet on Owner","damage_taken":0,"max_hp_gain":0,"max_hp_loss":0,"event_name":"The Joust","floor":21,"gold_loss":50}],"is_beta":false,"boss_relics":[{"not_picked":["Coffee Dripper","Philosopher\u0027s Stone"],"picked":"Black Star"}],"items_purged_floors":[5],"is_endless":false,"potions_floor_spawned":[1,3,7,11,18],"killed_by":"Shelled Parasite and Fungi","ascension_level":20}