{"gold_per_floor":[119,130,130,146,163,163,176,176,229,229,264,264,298,312,312,389,389,389,389,389,389,389,389,389,389,389,389,389,4,4,4,4,4,4,4,4,4,4,4,4,4,4,4,4,4,4,4,4,4,4],"floor_reached":50,"playtime":2502,"items_purged":["Strike_R"],"score":1002,"play_id":"e102cb82-472a-4b01-875b-bbc19b6936cf","local_time":"20190609144924","is_ascension_mode":true,"campfire_choices":[{"data":"Anger","floor":6.0,"key":"SMITH"},{"data":"Limit Break","floor":8.0,"key":"SMITH"},{"floor":12.0,"key":"REST"},{"floor":15.0,"key":"REST"},{"floor":23.0,"key":"REST"},{"data":"Whirlwind","floor":25.0,"key":"SMITH"},{"data":"Barricade","floor":27.0,"key":"SMITH"},{"floor":32.0,"key":"REST"},{"floor":40.0,"key":"REST"},{"floor":45.0,"key":"REST"},{"floor":49.0,"key":"REST"}],"neow_cost":"NONE","seed_source_timestamp":207503923970000,"circlet_count":0,"master_deck":["AscendersBane","Strike_R","Strike_R","Strike_R+1","Strike_R","Defend_R","Defend_R","Defend_R","Defend_R","Bash+1","Anger+1","Headbutt","Disarm","Limit Break+1","Heavy Blade","Ghostly Armor","Body Slam","Barricade+1","Whirlwind+1","Feel No Pain","Iron Wave+1","Feel No Pain+1","Metallicize","Anger","Magnetism","Armaments","RitualDagger","Heavy Blade","Juggernaut","Disarm","Clothesline","Pommel Strike+1","Rampage","Rampage","Thinking Ahead","Clash","Shrug It Off+1","Dual Wield+1"],"special_seed":0,"relics":["Burning Blood","Red Skull","Regal Pillow","CultistMask","Dodecahedron","Strawberry","Ectoplasm","Gambling Chip","FossilizedHelix","Mark of Pain","Blood Vial","Bottled Lightning","Happy Flower"],"potions_floor_usage":[50,50],"damage_taken":[{"damage":10.0,"enemies":"Small Slimes","floor":1.0,"turns":4.0},{"damage":11.0,"enemies":"Cultist","floor":2.0,"turns":4.0},{"damage":0.0,"enemies":"2 Louse","floor":4.0,"turns":3.0},{"damage":12.0,"enemies":"Exordium Wildlife","floor":5.0,"turns":3.0},{"damage":10.0,"enemies":"Gremlin Gang","floor":7.0,"turns":4.0},{"damage":15.0,"enemies":"3 Sentries","floor":11.0,"turns":6.0},{"damage":31.0,"enemies":"Lagavulin","floor":13.0,"turns":5.0},{"damage":8.0,"enemies":"Blue Slaver","floor":14.0,"turns":3.0},{"damage":67.0,"enemies":"Slime Boss","floor":16.0,"turns":12.0},{"damage":28.0,"enemies":"3 Byrds","floor":18.0,"turns":8.0},{"damage":15.0,"enemies":"Shell Parasite","floor":19.0,"turns":4.0},{"damage":28.0,"enemies":"3 Cultists","floor":21.0,"turns":6.0},{"damage":3.0,"enemies":"Chosen and Byrds","floor":22.0,"turns":5.0},{"damage":32.0,"enemies":"Sentry and Sphere","floor":24.0,"turns":6.0},{"damage":6.0,"enemies":"Centurion and Healer","floor":28.0,"turns":3.0},{"damage":13.0,"enemies":"Shelled Parasite and Fungi","floor":31.0,"turns":4.0},{"damage":24.0,"enemies":"Champ","floor":33.0,"turns":12.0},{"damage":9.0,"enemies":"Orb Walker","floor":35.0,"turns":4.0},{"damage":10.0,"enemies":"3 Shapes","floor":36.0,"turns":5.0},{"damage":39.0,"enemies":"3 Darklings","floor":37.0,"turns":4.0},{"damage":29.0,"enemies":"Sphere and 2 Shapes","floor":39.0,"turns":6.0},{"damage":32.0,"enemies":"Reptomancer","floor":41.0,"turns":7.0},{"damage":0.0,"enemies":"Nemesis","floor":44.0,"turns":9.0},{"damage":69.0,"enemies":"Transient","floor":47.0,"turns":5.0},{"damage":0.0,"enemies":"Maw","floor":48.0,"turns":7.0},{"damage":65,"enemies":"Time Eater","floor":50,"turns":7}],"seed_played":"5063782141107344557","potions_obtained":[{"floor":2.0,"key":"LiquidBronze"},{"floor":5.0,"key":"SteroidPotion"},{"floor":11.0,"key":"Ancient Potion"},{"floor":19.0,"key":"Block Potion"},{"floor":22.0,"key":"Ancient Potion"},{"floor":24.0,"key":"Regen Potion"},{"floor":39.0,"key":"SteroidPotion"},{"floor":41.0,"key":"GamblersBrew"},{"floor":47.0,"key":"Dexterity Potion"},{"floor":48.0,"key":"Weak Potion"}],"is_trial":false,"path_per_floor":["M","M","?","M","M","R","M","R","T","?","E","R","E","M","R","B",null,"M","M","T","M","M","R","M","R","T","R","M","$","?","M","R","B",null,"M","M","M","?","M","R","E","?","T","E","R","$","M","M","R","B"],"character_chosen":"IRONCLAD","items_purchased":["Magnetism","PowerPotion","Armaments"],"campfire_rested":7,"item_purchase_floors":[29,29,29],"current_hp_per_floor":[64,59,36,42,36,36,32,32,32,32,23,60,42,40,79,18,66,44,35,35,13,16,55,29,29,29,29,38,38,32,25,64,46,73,70,66,33,33,10,49,23,23,23,31,70,70,9,17,56,0],"gold":4,"neow_bonus":"RANDOM_COMMON_RELIC","is_prod":false,"is_daily":false,"chose_seed":false,"campfire_upgraded":4,"win_rate":0,"timestamp":1560084564,"path_taken":["M","M","?","M","M","R","M","R","T","?","E","R","E","?","R","BOSS","M","?","?","M","M","R","M","R","T","R","M","$","?","M","R","BOSS","M","M","M","?","M","R","E","?","T","E","R","?","?","M","R","BOSS"],"build_version":"2019-01-23","purchased_purges":1,"victory":false,"max_hp_per_floor":[75,75,75,75,75,75,75,75,75,75,75,75,82,82,82,82,82,82,82,82,82,82,82,82,82,82,82,82,82,82,82,82,82,82,82,82,82,82,82,82,82,82,82,82,82,82,82,82,82,82],"card_choices":[{"not_picked":["True Grit","Carnage"],"picked":"Anger","floor":1.0},{"not_picked":["Heavy Blade","Armaments"],"picked":"Headbutt","floor":2.0},{"not_picked":["Havoc","Wild Strike","Combust"],"picked":"SKIP","floor":4.0},{"not_picked":["Havoc","Thunderclap"],"picked":"Disarm","floor":5.0},{"not_picked":["Ghostly Armor","Iron Wave"],"picked":"Limit Break","floor":7.0},{"not_picked":["Sword Boomerang","Fiend Fire"],"picked":"Heavy Blade","floor":11.0},{"not_picked":["Headbutt","Twin Strike"],"picked":"Ghostly Armor","floor":13.0},{"not_picked":["Thunderclap","Entrench"],"picked":"Body Slam","floor":14.0},{"not_picked":["Exhume","Offering"],"picked":"Barricade","floor":16.0},{"not_picked":["Rage+1","Perfected Strike"],"picked":"Whirlwind","floor":18.0},{"not_picked":["Bloodletting+1","Perfected Strike"],"picked":"Feel No Pain","floor":19.0},{"not_picked":["Shrug It Off","Pommel Strike"],"picked":"Iron Wave+1","floor":21.0},{"not_picked":["Sword Boomerang","Warcry"],"picked":"Feel No Pain+1","floor":22.0},{"not_picked":["Sentinel","Clothesline"],"picked":"Metallicize","floor":24.0},{"not_picked":["Metallicize","Warcry"],"picked":"Anger","floor":28.0},{"not_picked":["Bloodletting","Iron Wave"],"picked":"Heavy Blade","floor":31.0},{"not_picked":["Reaper","Offering"],"picked":"Juggernaut","floor":33.0},{"not_picked":["Havoc","Cleave"],"picked":"Disarm","floor":35.0},{"not_picked":["Sentinel","Havoc"],"picked":"Clothesline","floor":36.0},{"not_picked":["Iron Wave","Armaments+1"],"picked":"Pommel Strike+1","floor":37.0},{"not_picked":["Warcry","Sword Boomerang"],"picked":"Rampage","floor":39.0},{"not_picked":["Disarm","Blood for Blood"],"picked":"Rampage","floor":41.0},{"not_picked":["Transmutation","PanicButton"],"picked":"Thinking Ahead","floor":42.0},{"not_picked":["Armaments","Iron Wave"],"picked":"Clash","floor":44.0},{"not_picked":["Whirlwind","Sword Boomerang+1"],"picked":"Shrug It Off+1","floor":47.0},{"not_picked":["Iron Wave","Flex"],"picked":"Dual Wield+1","floor":48.0}],"player_experience":1255155,"relics_obtained":[{"floor":9.0,"key":"Regal Pillow"},{"floor":11.0,"key":"Dodecahedron"},{"floor":13.0,"key":"Strawberry"},{"floor":20.0,"key":"Gambling Chip"},{"floor":26.0,"key":"FossilizedHelix"},{"floor":41.0,"key":"Blood Vial"},{"floor":43.0,"key":"Bottled Lightning"},{"floor":44.0,"key":"Happy Flower"}],"event_choices":[{"damage_healed":0.0,"max_hp_gain":0.0,"max_hp_loss":0.0,"gold_gain":0.0,"event_name":"Shining Light","player_choice":"Entered Light","floor":3.0,"gold_loss":0.0,"damage_taken":23.0,"cards_upgraded":["Strike_R","Bash"]},{"damage_healed":0.0,"max_hp_gain":0.0,"max_hp_loss":0.0,"gold_gain":0.0,"event_name":"FaceTrader","player_choice":"Trade","floor":10.0,"gold_loss":0.0,"damage_taken":0.0,"relics_obtained":["CultistMask"]},{"damage_healed":0.0,"max_hp_gain":0.0,"max_hp_loss":0.0,"gold_gain":0.0,"event_name":"Nest","player_choice":"Joined the Cult","floor":30.0,"gold_loss":0.0,"damage_taken":6.0,"cards_obtained":["RitualDagger"]},{"damage_healed":0.0,"max_hp_gain":0.0,"max_hp_loss":0.0,"gold_gain":0.0,"event_name":"Mysterious Sphere","player_choice":"Ignored","floor":38.0,"gold_loss":0.0,"damage_taken":0.0},{"damage_healed":0.0,"max_hp_gain":0.0,"max_hp_loss":0.0,"gold_gain":0.0,"event_name":"SensoryStone","player_choice":"Memory 1","floor":42.0,"gold_loss":0.0,"damage_taken":0.0}],"is_beta":false,"boss_relics":[{"not_picked":["Runic Pyramid","Orrery"],"picked":"Ectoplasm"},{"not_picked":["Tiny House","Lizard Tail"],"picked":"Mark of Pain"}],"items_purged_floors":[29],"is_endless":false,"potions_floor_spawned":[2,5,11,19,22,24,39,41,47,48],"killed_by":"Time Eater","ascension_level":16}