{"gold_per_floor":[119,169,183,198,86,86,113,132,132,159,159,159],"floor_reached":12,"playtime":383,"items_purged":["Strike_R"],"score":167,"play_id":"330608f5-291b-457e-be58-2b71851c2035","local_time":"20190813012406","is_ascension_mode":true,"campfire_choices":[{"data":"Bash","floor":6,"key":"SMITH"}],"neow_cost":"NONE","seed_source_timestamp":894630788512400,"circlet_count":0,"master_deck":["AscendersBane","Strike_R","Strike_R","Strike_R","Strike_R","Defend_R+1","Defend_R+1","Defend_R","Defend_R","Bash+1","Anger","Anger","Infernal Blade","Dual Wield","Demon Form","Uppercut","Disarm"],"relics":["Burning Blood","NeowsBlessing","War Paint","Darkstone Periapt","Magic Flower","Golden Idol"],"potions_floor_usage":[10],"damage_taken":[{"damage":0,"enemies":"Jaw Worm","floor":1,"turns":1},{"damage":0,"enemies":"Cultist","floor":3,"turns":1},{"damage":0,"enemies":"2 Louse","floor":4,"turns":1},{"damage":37,"enemies":"Lagavulin","floor":7,"turns":8},{"damage":8,"enemies":"Blue Slaver","floor":8,"turns":2},{"damage":33,"enemies":"3 Sentries","floor":10,"turns":8},{"damage":15,"enemies":"Large Slime","floor":12,"turns":2}],"seed_played":"8363707751669240899","potions_obtained":[{"floor":8,"key":"AttackPotion"},{"floor":10,"key":"FearPotion"}],"is_trial":false,"path_per_floor":["M","?","M","M","$","R","E","M","T","E","?","M"],"character_chosen":"IRONCLAD","items_purchased":["Dual Wield"],"campfire_rested":0,"item_purchase_floors":[5],"current_hp_per_floor":[74,67,73,75,75,75,44,42,42,15,15,0],"gold":159,"neow_bonus":"THREE_ENEMY_KILL","is_prod":false,"is_daily":false,"chose_seed":false,"campfire_upgraded":1,"win_rate":0,"timestamp":1565652246,"path_taken":["M","?","M","?","?","R","E","?","T","E","?","M"],"build_version":"2019-07-17","purchased_purges":1,"victory":false,"max_hp_per_floor":[75,75,75,75,75,75,75,75,75,75,68,68],"card_choices":[{"not_picked":["Twin Strike","Sword Boomerang"],"picked":"Anger","floor":1},{"not_picked":["Warcry","Hemokinesis"],"picked":"Anger","floor":3},{"not_picked":["Sever Soul","Havoc"],"picked":"Infernal Blade","floor":4},{"not_picked":["Pommel Strike","Warcry"],"picked":"Demon Form","floor":7},{"not_picked":["Warcry","Evolve"],"picked":"Uppercut","floor":8},{"not_picked":["Bloodletting","Flex"],"picked":"Disarm","floor":10}],"player_experience":1860985,"relics_obtained":[{"floor":7,"key":"War Paint"},{"floor":9,"key":"Darkstone Periapt"},{"floor":10,"key":"Magic Flower"}],"event_choices":[{"damage_healed":0,"gold_gain":50,"player_choice":"Touch","damage_taken":7,"max_hp_gain":0,"max_hp_loss":0,"event_name":"FaceTrader","floor":2,"gold_loss":0},{"damage_healed":0,"gold_gain":0,"player_choice":"Lose Max HP","damage_taken":0,"relics_obtained":["Golden Idol"],"max_hp_gain":0,"max_hp_loss":7,"event_name":"Golden Idol","floor":11,"gold_loss":0}],"is_beta":false,"boss_relics":[],"items_purged_floors":[5],"is_endless":false,"potions_floor_spawned":[8,10],"killed_by":"Large Slime","ascension_level":18}