{"gold_per_floor":[116,41,41,41,59,59,88,105,105,105,133,88,88,77,77,149,149,164,12,30,30],"floor_reached":21,"playtime":853,"items_purged":["Strike_G"],"score":371,"play_id":"5e938e34-b5b7-4e23-94b7-4718024b74f9","local_time":"20190424010608","is_ascension_mode":true,"campfire_choices":[{"data":"Neutralize","floor":6,"key":"SMITH"},{"data":"Footwork","floor":10,"key":"SMITH"},{"data":"Crippling Poison","floor":13,"key":"SMITH"},{"floor":15,"key":"REST"}],"neow_cost":"NONE","seed_source_timestamp":96283777620900,"circlet_count":0,"master_deck":["AscendersBane","Defend_G","Defend_G","Defend_G","Strike_G","Strike_G","Strike_G","Survivor","Neutralize+1","Footwork+1","Tactician","Underhanded Strike","Crippling Poison+1","Bouncing Flask","Envenom","A Thousand Cuts","Deadly Poison+1","Sucker Punch"],"relics":["Ring of the Snake","NeowsBlessing","Singing Bowl","Letter Opener","Bottled Flame","Empty Cage","Snake Skull"],"potions_floor_usage":[11,18,18,21],"damage_taken":[{"damage":0,"enemies":"Cultist","floor":1,"turns":1},{"damage":0,"enemies":"2 Louse","floor":5,"turns":2},{"damage":0,"enemies":"3 Sentries","floor":7,"turns":1},{"damage":0,"enemies":"Small Slimes","floor":8,"turns":8},{"damage":22,"enemies":"Lagavulin","floor":11,"turns":15},{"damage":0,"enemies":"Looter","floor":12,"turns":5},{"damage":7,"enemies":"Exordium Thugs","floor":14,"turns":4},{"damage":38,"enemies":"The Guardian","floor":16,"turns":11},{"damage":20,"enemies":"2 Thieves","floor":18,"turns":5},{"damage":15,"enemies":"Shell Parasite","floor":20,"turns":6},{"damage":28,"enemies":"3 Cultists","floor":21,"turns":3}],"seed_played":"3760164364258721316","potions_obtained":[{"floor":1,"key":"FearPotion"},{"floor":11,"key":"Weak Potion"},{"floor":16,"key":"Block Potion"},{"floor":18,"key":"Strength Potion"}],"is_trial":false,"path_per_floor":["M","$","?","$","M","R","E","M","T","R","E","M","R","M","R","B",null,"M","$","M","M"],"character_chosen":"THE_SILENT","items_purchased":["Snake Skull"],"campfire_rested":1,"item_purchase_floors":[19],"current_hp_per_floor":[59,59,59,59,59,59,61,61,61,61,39,39,39,32,52,14,55,35,35,20,0],"gold":30,"neow_bonus":"THREE_ENEMY_KILL","is_prod":false,"is_daily":false,"chose_seed":false,"campfire_upgraded":3,"win_rate":0,"timestamp":1556060768,"path_taken":["M","?","?","$","M","R","E","M","T","R","E","M","R","?","R","BOSS","M","$","M","M"],"build_version":"2019-01-23","purchased_purges":1,"victory":false,"max_hp_per_floor":[66,66,66,66,66,66,68,68,68,68,68,68,68,68,68,68,68,68,68,68,68],"card_choices":[{"not_picked":["Infinite Blades","Acrobatics"],"picked":"Footwork","floor":1},{"not_picked":["Dagger Throw","Accuracy"],"picked":"Tactician","floor":5},{"not_picked":["Cloak And Dagger","Poisoned Stab","Quick Slash"],"picked":"Singing Bowl","floor":7},{"not_picked":["Deadly Poison","Bouncing Flask"],"picked":"Underhanded Strike","floor":8},{"not_picked":["Deflect","PiercingWail"],"picked":"Crippling Poison","floor":11},{"not_picked":["Deflect","Calculated Gamble"],"picked":"Bouncing Flask","floor":12},{"not_picked":["Sucker Punch","Slice"],"picked":"Envenom","floor":14},{"not_picked":["Adrenaline","Tools of the Trade"],"picked":"A Thousand Cuts","floor":16},{"not_picked":["Infinite Blades","Crippling Poison"],"picked":"Deadly Poison+1","floor":18},{"not_picked":["Slice","Accuracy"],"picked":"Sucker Punch","floor":20}],"player_experience":1060228,"relics_obtained":[{"floor":7,"key":"Singing Bowl"},{"floor":9,"key":"Letter Opener"},{"floor":11,"key":"Bottled Flame"}],"event_choices":[{"cards_removed":["Strike_G"],"damage_healed":0,"gold_gain":0,"player_choice":"Offered Basic","damage_taken":0,"max_hp_gain":0,"max_hp_loss":0,"event_name":"Bonfire Elementals","floor":3,"gold_loss":0}],"is_beta":false,"boss_relics":[{"not_picked":["Black Star","Coffee Dripper"],"picked":"Empty Cage"}],"items_purged_floors":[2],"is_endless":false,"potions_floor_spawned":[1,11,16,18],"killed_by":"3 Cultists","ascension_level":15}