{"gold_per_floor":[119,134,152,169,169,198,15,15,41,76,76],"floor_reached":11,"playtime":432,"items_purged":["Strike_R"],"score":154,"play_id":"a12ad00d-fb74-4443-8940-1a55144d8034","local_time":"20190703205333","is_ascension_mode":true,"campfire_choices":[{"data":"Bash","floor":8,"key":"SMITH"}],"neow_cost":"NONE","seed_source_timestamp":1370707279327900,"circlet_count":0,"master_deck":["AscendersBane","Strike_R","Strike_R","Strike_R","Strike_R","Defend_R+1","Defend_R","Defend_R","Defend_R","Bash+1","Spot Weakness+1","Body Slam","Shrug It Off","Anger","Clothesline","Anger","Flex","Heavy Blade"],"relics":["Burning Blood","Happy Flower","Bag of Preparation","Boot","War Paint"],"potions_floor_usage":[],"damage_taken":[{"damage":2,"enemies":"Cultist","floor":1,"turns":4},{"damage":3,"enemies":"2 Louse","floor":2,"turns":4},{"damage":4,"enemies":"Small Slimes","floor":3,"turns":4},{"damage":14,"enemies":"3 Louse","floor":4,"turns":5},{"damage":46,"enemies":"Gremlin Nob","floor":6,"turns":5},{"damage":27,"enemies":"3 Sentries","floor":10,"turns":7},{"damage":12,"enemies":"Gremlin Gang","floor":11,"turns":2}],"seed_played":"-8047686124790725320","potions_obtained":[{"floor":1,"key":"Ancient Potion"},{"floor":3,"key":"Ancient Potion"}],"is_trial":false,"path_per_floor":["M","M","M","M","?","E","$","R","T","E","M"],"character_chosen":"IRONCLAD","items_purchased":["Anger","Flex"],"campfire_rested":0,"item_purchase_floors":[7,7],"current_hp_per_floor":[72,75,75,67,72,32,32,32,32,11,0],"gold":76,"neow_bonus":"RANDOM_COMMON_RELIC","is_prod":false,"is_daily":false,"chose_seed":false,"campfire_upgraded":1,"win_rate":0,"timestamp":1562180013,"path_taken":["M","M","?","M","?","E","$","R","T","E","M"],"build_version":"2019-07-01","purchased_purges":1,"victory":false,"max_hp_per_floor":[75,75,75,75,80,80,80,80,80,80,80],"card_choices":[{"not_picked":["Hemokinesis","Body Slam"],"picked":"Spot Weakness","floor":1},{"not_picked":["Warcry","Combust"],"picked":"Body Slam","floor":2},{"not_picked":["Blood for Blood","Burning Pact"],"picked":"Shrug It Off","floor":3},{"not_picked":["Body Slam","Wild Strike"],"picked":"Anger","floor":4},{"not_picked":["Cleave","Clash"],"picked":"Clothesline","floor":6},{"not_picked":["Perfected Strike","Evolve"],"picked":"Heavy Blade","floor":10}],"player_experience":1569145,"relics_obtained":[{"floor":6,"key":"Bag of Preparation"},{"floor":9,"key":"Boot"},{"floor":10,"key":"War Paint"}],"event_choices":[{"damage_healed":0,"gold_gain":0,"player_choice":"Donut","damage_taken":0,"max_hp_gain":5,"max_hp_loss":0,"event_name":"Big Fish","floor":5,"gold_loss":0}],"is_beta":false,"boss_relics":[],"items_purged_floors":[7],"is_endless":false,"potions_floor_spawned":[1,3],"killed_by":"Gremlin Gang","ascension_level":17}