{"gold_per_floor":[116,116,136,136,136,136,150,150,175,325,360,376,376,394,394,466,466,486,486,486,455,455,455,468,468,491,491,491],"floor_reached":28,"playtime":869,"items_purged":[],"score":389,"play_id":"922ff284-7e0f-4854-80d2-208ca1d267d1","local_time":"20190608122028","is_ascension_mode":true,"campfire_choices":[{"data":"Whirlwind","floor":6,"key":"SMITH"},{"data":"Feed","floor":8,"key":"SMITH"},{"floor":13,"key":"REST"},{"data":"Anger","floor":15,"key":"SMITH"},{"floor":23,"key":"REST"},{"floor":25,"key":"REST"},{"data":"Ghostly","floor":27,"key":"SMITH"}],"neow_cost":"NONE","seed_source_timestamp":113840403258100,"circlet_count":0,"master_deck":["AscendersBane","Strike_R","Strike_R","Strike_R","Defend_R","Defend_R+1","Defend_R","Defend_R+1","Bash","Battle Trance","Feed+1","Whirlwind+1","Anger+1","Iron Wave","Headbutt","Flame Barrier","Juggernaut","Anger","Pommel Strike","Fiend Fire","Headbutt","Dual Wield","Sentinel","Ghostly+1","Ghostly","Ghostly","Clash","RitualDagger","Feel No Pain"],"relics":["Burning Blood","Omamori","Ancient Tea Set","Orrery","Pen Nib"],"potions_floor_usage":[11,11,12,16,16,24,24],"damage_taken":[{"damage":10,"enemies":"Cultist","floor":1,"turns":5},{"damage":14,"enemies":"Small Slimes","floor":3,"turns":4},{"damage":3,"enemies":"2 Louse","floor":7,"turns":2},{"damage":27,"enemies":"Lagavulin","floor":11,"turns":4},{"damage":3,"enemies":"Looter","floor":12,"turns":2},{"damage":5,"enemies":"Large Slime","floor":14,"turns":5},{"damage":36,"enemies":"Slime Boss","floor":16,"turns":9},{"damage":43,"enemies":"Shell Parasite","floor":18,"turns":8},{"damage":17,"enemies":"2 Thieves","floor":21,"turns":5},{"damage":43,"enemies":"Snecko","floor":24,"turns":7},{"damage":24,"enemies":"Snake Plant","floor":28,"turns":2}],"seed_played":"6500252012948505608","potions_obtained":[{"floor":1,"key":"PowerPotion"},{"floor":7,"key":"FearPotion"},{"floor":11,"key":"Energy Potion"},{"floor":12,"key":"AttackPotion"},{"floor":14,"key":"Swift Potion"},{"floor":18,"key":"SpeedPotion"},{"floor":21,"key":"Explosive Potion"}],"is_trial":false,"path_per_floor":["M","?","M","?","?","R","M","R","T","?","E","M","R","M","R","B",null,"M","?","?","M","?","R","M","R","T","R","M"],"character_chosen":"IRONCLAD","items_purchased":[],"campfire_rested":3,"item_purchase_floors":[],"current_hp_per_floor":[71,71,66,59,33,33,36,36,36,36,15,22,48,53,53,27,80,43,62,48,37,31,45,8,22,22,22,0],"gold":491,"neow_bonus":"TEN_PERCENT_HP_BONUS","is_prod":false,"is_daily":false,"chose_seed":false,"campfire_upgraded":4,"win_rate":0,"timestamp":1559989228,"path_taken":["M","?","M","?","?","R","M","R","T","?","E","M","R","M","R","BOSS","M","?","?","M","?","R","M","R","T","R","M"],"build_version":"2019-01-23","purchased_purges":0,"victory":false,"max_hp_per_floor":[82,82,85,85,85,85,85,85,85,85,85,89,89,93,93,97,97,97,97,48,48,48,48,48,48,48,48,48],"card_choices":[{"not_picked":["Rampage","Second Wind"],"picked":"Battle Trance","floor":1},{"not_picked":["Combust","Heavy Blade"],"picked":"Whirlwind","floor":3},{"not_picked":["Headbutt","Sentinel"],"picked":"Anger","floor":7},{"not_picked":["Warcry","Hemokinesis"],"picked":"Iron Wave","floor":11},{"not_picked":["Warcry","Hemokinesis"],"picked":"Headbutt","floor":12},{"not_picked":["Havoc","Warcry"],"picked":"Flame Barrier","floor":14},{"not_picked":["Brutality","Fiend Fire"],"picked":"Juggernaut","floor":16},{"not_picked":["Clothesline","Sword Boomerang"],"picked":"Anger","floor":17},{"not_picked":["Twin Strike","Flame Barrier"],"picked":"Pommel Strike","floor":17},{"not_picked":["Bloodletting","Entrench"],"picked":"Fiend Fire","floor":17},{"not_picked":["Sword Boomerang","Twin Strike"],"picked":"Headbutt","floor":17},{"not_picked":["Twin Strike","Pommel Strike"],"picked":"Dual Wield","floor":17},{"not_picked":["Headbutt","Heavy Blade"],"picked":"Sentinel","floor":18},{"not_picked":["Havoc","Perfected Strike"],"picked":"Clash","floor":21},{"not_picked":["Twin Strike","True Grit"],"picked":"Feel No Pain","floor":24}],"player_experience":1224149,"relics_obtained":[{"floor":9,"key":"Omamori"},{"floor":11,"key":"Ancient Tea Set"},{"floor":26,"key":"Pen Nib"}],"event_choices":[{"damage_healed":0,"gold_gain":0,"cards_transformed":["Strike_R"],"player_choice":"Change","damage_taken":0,"max_hp_gain":0,"max_hp_loss":0,"event_name":"Living Wall","floor":2,"gold_loss":0,"cards_obtained":["Feed"]},{"cards_removed":["Strike_R"],"damage_healed":0,"gold_gain":0,"player_choice":"Card Removal","damage_taken":7,"max_hp_gain":0,"max_hp_loss":0,"event_name":"Golden Wing","floor":4,"gold_loss":0},{"damage_healed":0,"gold_gain":0,"player_choice":"Entered Light","damage_taken":26,"max_hp_gain":0,"max_hp_loss":0,"event_name":"Shining Light","floor":5,"gold_loss":0,"cards_upgraded":["Defend_R","Defend_R"]},{"damage_healed":0,"gold_gain":150,"player_choice":"AGREE","damage_taken":0,"max_hp_gain":0,"max_hp_loss":0,"event_name":"Liars Game","floor":10,"gold_loss":0,"cards_obtained":["Doubt"]},{"damage_healed":19,"gold_gain":0,"player_choice":"Heal","damage_taken":0,"max_hp_gain":0,"max_hp_loss":0,"event_name":"The Library","floor":19,"gold_loss":0},{"damage_healed":0,"gold_gain":0,"player_choice":"Became a Ghost","damage_taken":0,"max_hp_gain":0,"max_hp_loss":49,"event_name":"Ghosts","floor":20,"gold_loss":0,"cards_obtained":["Ghostly","Ghostly","Ghostly"]},{"damage_healed":0,"gold_gain":0,"player_choice":"Joined the Cult","damage_taken":6,"max_hp_gain":0,"max_hp_loss":0,"event_name":"Nest","floor":22,"gold_loss":0,"cards_obtained":["RitualDagger"]}],"is_beta":false,"boss_relics":[{"not_picked":["White Beast Statue","Runic Dome"],"picked":"Orrery"}],"items_purged_floors":[],"is_endless":false,"potions_floor_spawned":[1,7,11,12,14,18,21],"killed_by":"Snake Plant","ascension_level":16}