{"gold_per_floor":[116,36,53,53,68,93,93,109,109,121,53,71,71,71,71,71],"floor_reached":16,"playtime":664,"items_purged":[],"score":102,"play_id":"27ae3bef-d6c1-443d-9ffa-080ff03e3eb2","local_time":"20190609004909","is_ascension_mode":false,"campfire_choices":[{"floor":7,"key":"REST"},{"floor":15,"key":"REST"}],"neow_cost":"CURSE","seed_source_timestamp":1323271199289866,"circlet_count":0,"master_deck":["Defend_G","Defend_G","Defend_G","Defend_G","Defend_G","Strike_G","Strike_G","Strike_G","Survivor","Neutralize","Regret","Bullet Time","Quick Slash","Catalyst","Regret","Noxious Fumes","Calculated Gamble"],"relics":["Ring of the Snake","Juzu Bracelet","Matryoshka","Bag of Marbles","Happy Flower"],"potions_floor_usage":[6,16],"damage_taken":[{"damage":1,"enemies":"Cultist","floor":1,"turns":4},{"damage":0,"enemies":"Jaw Worm","floor":3,"turns":5},{"damage":13,"enemies":"Small Slimes","floor":5,"turns":4},{"damage":36,"enemies":"Lagavulin","floor":6,"turns":6},{"damage":11,"enemies":"Red Slaver","floor":8,"turns":4},{"damage":5,"enemies":"3 Louse","floor":10,"turns":5},{"damage":1,"enemies":"Exordium Wildlife","floor":12,"turns":5},{"damage":3,"enemies":"Slime Boss","floor":16,"turns":3}],"seed_played":"9011491081121730404","potions_obtained":[{"floor":5,"key":"SkillPotion"},{"floor":6,"key":"PowerPotion"},{"floor":12,"key":"Block Potion"}],"is_trial":false,"path_per_floor":["M","$","M","?","M","E","R","M","T","M","$","M","?","?","R","B"],"character_chosen":"THE_SILENT","items_purchased":["Catalyst","Noxious Fumes"],"campfire_rested":2,"item_purchase_floors":[2,11],"current_hp_per_floor":[69,69,69,69,56,20,41,30,30,25,25,24,17,17,38,35],"gold":71,"neow_bonus":"THREE_RARE_CARDS","is_prod":false,"is_daily":false,"chose_seed":false,"campfire_upgraded":0,"win_rate":0,"timestamp":1560055749,"path_taken":["M","$","M","?","M","E","R","M","T","M","$","M","?","?","R","BOSS"],"build_version":"2019-01-23","purchased_purges":0,"victory":false,"max_hp_per_floor":[70,70,70,70,70,70,70,70,70,70,70,70,70,70,70,70],"card_choices":[{"not_picked":["Night Terror","Glass Knife"],"picked":"Bullet Time","floor":0},{"not_picked":["Outmaneuver","Bane"],"picked":"Quick Slash","floor":1},{"not_picked":["Sucker Punch","Quick Slash","Well Laid Plans"],"picked":"SKIP","floor":3},{"not_picked":["Choke","Blur","Underhanded Strike"],"picked":"SKIP","floor":5},{"not_picked":["Flying Knee","Cloak And Dagger","Dodge and Roll"],"picked":"SKIP","floor":6},{"not_picked":["Bane","Reflex","Quick Slash"],"picked":"SKIP","floor":8},{"not_picked":["PiercingWail","Quick Slash","Setup"],"picked":"SKIP","floor":10},{"not_picked":["Cloak And Dagger","Sucker Punch","Choke"],"picked":"SKIP","floor":12}],"player_experience":179553,"relics_obtained":[{"floor":6,"key":"Matryoshka"},{"floor":9,"key":"Bag of Marbles"},{"floor":9,"key":"Happy Flower"}],"event_choices":[{"damage_healed":0,"gold_gain":0,"player_choice":"Box","damage_taken":0,"relics_obtained":["Juzu Bracelet"],"max_hp_gain":0,"max_hp_loss":0,"event_name":"Big Fish","floor":4,"gold_loss":0,"cards_obtained":["Regret"]},{"cards_removed":["Strike_G"],"damage_healed":0,"gold_gain":0,"player_choice":"Card Removal","damage_taken":7,"max_hp_gain":0,"max_hp_loss":0,"event_name":"Golden Wing","floor":13,"gold_loss":0},{"damage_healed":0,"gold_gain":0,"cards_transformed":["Strike_G"],"player_choice":"Transformed","damage_taken":0,"max_hp_gain":0,"max_hp_loss":0,"event_name":"Transmorgrifier","floor":14,"gold_loss":0,"cards_obtained":["Calculated Gamble"]}],"is_beta":false,"boss_relics":[],"items_purged_floors":[],"is_endless":false,"potions_floor_spawned":[5,6,12],"killed_by":"Slime Boss","ascension_level":0}