{"gold_per_floor":[115,135,135,60,4,30,45,77,103,103,103,129,129,145,145,224,224,242,132,182,45,55,55,87,87,112,143,68,82,82,82,82,159,159,171,171,182,199,7,7,20,20,47,47,0,0,0,27,27,27],"floor_reached":50,"playtime":2030,"items_purged":["Dualcast"],"score":1144,"play_id":"011f95dd-8528-490e-a516-2515d7b65fa3","local_time":"20190322010156","is_ascension_mode":true,"campfire_choices":[{"data":"Zap","floor":11.0,"key":"SMITH"},{"data":"Steam Power","floor":13.0,"key":"SMITH"},{"data":"Recycle","floor":15.0,"key":"SMITH"},{"floor":23.0,"key":"REST"},{"floor":25.0,"key":"REST"},{"data":"Steam","floor":30.0,"key":"SMITH"},{"floor":32.0,"key":"REST"},{"floor":40.0,"key":"REST"},{"floor":42.0,"key":"REST"},{"floor":46.0,"key":"REST"},{"floor":49,"key":"RECALL"}],"neow_cost":"NONE","seed_source_timestamp":396487188759488,"circlet_count":0,"master_deck":["AscendersBane","Defend_B+1","Defend_B","Defend_B","Defend_B","Zap+1","Gash","Gash","Gash","All For One","Recycle+1","Machine Learning","Steam Power+1","Echo Form","Rebound","Steam","Ball Lightning","FTL+1","Gash","FTL","Leap","Coolheaded+1","Gash+1","Reinforced Body","Steam+1","Leap","Buffer","Conserve Battery","Conserve Battery+1","Redo+1","Self Repair","Reprogram","Rebound","Shame","Panache","Compile Driver+1"],"special_seed":0,"relics":["Cracked Core","NeowsBlessing","Orichalcum","Art of War","Juzu Bracelet","Bottled Tornado","Orrery","Blood Vial","War Paint","Strawberry","Cursed Key","Red Mask","Pantograph"],"potions_floor_usage":[50],"damage_taken":[{"damage":0.0,"enemies":"Jaw Worm","floor":1.0,"turns":1.0},{"damage":0.0,"enemies":"2 Louse","floor":2.0,"turns":1.0},{"damage":0.0,"enemies":"Lagavulin","floor":6.0,"turns":1.0},{"damage":0.0,"enemies":"Small Slimes","floor":7.0,"turns":2.0},{"damage":14.0,"enemies":"3 Sentries","floor":8.0,"turns":6.0},{"damage":14.0,"enemies":"Lagavulin","floor":12.0,"turns":4.0},{"damage":0.0,"enemies":"Exordium Thugs","floor":14.0,"turns":2.0},{"damage":8.0,"enemies":"Hexaghost","floor":16.0,"turns":4.0},{"damage":16.0,"enemies":"Chosen","floor":18.0,"turns":4.0},{"damage":5.0,"enemies":"3 Byrds","floor":22.0,"turns":4.0},{"damage":13.0,"enemies":"Gremlin Leader","floor":24.0,"turns":4.0},{"damage":15.0,"enemies":"Slavers","floor":27.0,"turns":2.0},{"damage":17.0,"enemies":"Cultist and Chosen","floor":29.0,"turns":4.0},{"damage":42.0,"enemies":"Automaton","floor":33.0,"turns":8.0},{"damage":6.0,"enemies":"Orb Walker","floor":35.0,"turns":4.0},{"damage":22.0,"enemies":"3 Darklings","floor":37.0,"turns":5.0},{"damage":12.0,"enemies":"Sphere and 2 Shapes","floor":38.0,"turns":8.0},{"damage":39.0,"enemies":"Spire Growth","floor":41.0,"turns":5.0},{"damage":61.0,"enemies":"Reptomancer","floor":48.0,"turns":5.0},{"damage":53,"enemies":"Donu and Deca","floor":50,"turns":5}],"seed_played":"5166542007868039047","potions_obtained":[{"floor":2.0,"key":"PowerPotion"},{"floor":8.0,"key":"Weak Potion"},{"floor":18.0,"key":"Poison Potion"},{"floor":24.0,"key":"PowerPotion"},{"floor":29.0,"key":"SkillPotion"},{"floor":38.0,"key":"SkillPotion"},{"floor":48.0,"key":"Swift Potion"}],"is_trial":false,"path_per_floor":["M","M","?","?","$","E","M","E","T","?","R","E","R","M","R","B",null,"M","?","?","$","M","R","E","R","T","E","?","M","R","?","R","B",null,"M","?","M","M","$","R","M","R","T","?","?","R","$","E","R","B"],"character_chosen":"DEFECT","items_purchased":["Gash","Leap","Coolheaded","Block Potion","Self Repair","Reprogram"],"campfire_rested":6,"item_purchase_floors":[5,21,21,21,39,39],"current_hp_per_floor":[64,64,57,57,57,57,57,43,43,43,43,29,29,29,29,21,59,43,43,43,43,38,59,46,67,67,61,61,46,46,46,69,29,66,62,62,42,32,32,55,25,48,48,48,48,71,71,19,19,0],"gold":27,"neow_bonus":"THREE_ENEMY_KILL","is_prod":false,"is_daily":false,"chose_seed":false,"campfire_upgraded":4,"win_rate":0,"timestamp":1553212916,"path_taken":["M","M","?","?","?","E","M","E","T","?","R","E","R","M","R","BOSS","M","?","?","$","M","R","E","R","T","E","?","M","R","?","R","BOSS","M","?","M","M","$","R","M","R","T","?","?","R","?","E","R","BOSS"],"build_version":"2019-01-23","purchased_purges":1,"victory":false,"max_hp_per_floor":[71,71,71,71,71,71,71,71,71,71,71,71,71,71,71,71,71,71,71,71,71,71,71,71,71,71,78,78,78,78,78,78,78,78,78,78,78,78,78,78,78,78,78,78,78,78,78,78,78,78],"card_choices":[{"not_picked":["Barrage","Beam Cell"],"picked":"Gash","floor":1.0},{"not_picked":["Streamline","Ball Lightning"],"picked":"Gash","floor":2.0},{"not_picked":["Beam Cell","Heatsinks"],"picked":"All For One","floor":6.0},{"not_picked":["Darkness","Barrage","Force Field"],"picked":"SKIP","floor":7.0},{"not_picked":["Darkness","Barrage","Force Field"],"picked":"SKIP","floor":7.0},{"not_picked":["Barrage","Compile Driver"],"picked":"Recycle","floor":8.0},{"not_picked":["Force Field","Conserve Battery"],"picked":"Steam Power","floor":12.0},{"not_picked":["Steam Power","Force Field"],"picked":"Chill","floor":14.0},{"not_picked":["Core Surge","Multi-Cast"],"picked":"Echo Form","floor":16.0},{"not_picked":["Hologram","Steam Power"],"picked":"Rebound","floor":17.0},{"not_picked":["Steam Power","Conserve Battery"],"picked":"Steam","floor":17.0},{"not_picked":["Barrage","Turbo"],"picked":"Ball Lightning","floor":17.0},{"not_picked":["Streamline","Coolheaded"],"picked":"FTL","floor":17.0},{"not_picked":["Loop","Turbo"],"picked":"Gash","floor":17.0},{"not_picked":["Turbo+1","BootSequence+1"],"picked":"FTL","floor":18.0},{"not_picked":["Undo","Cold Snap"],"picked":"Gash+1","floor":22.0},{"not_picked":["Hyperbeam","Loop"],"picked":"Reinforced Body","floor":24.0},{"not_picked":["Force Field","BootSequence+1"],"picked":"Steam","floor":27.0},{"not_picked":["Turbo","Streamline+1"],"picked":"Leap","floor":29.0},{"not_picked":["Amplify","Core Surge"],"picked":"Buffer","floor":33.0},{"not_picked":["Chaos","Barrage"],"picked":"Conserve Battery","floor":35.0},{"not_picked":["Sweeping Beam","Gash"],"picked":"Conserve Battery+1","floor":37.0},{"not_picked":["Doom and Gloom","Chill"],"picked":"Redo+1","floor":38.0},{"not_picked":["Compile Driver","Turbo"],"picked":"Rebound","floor":41.0},{"not_picked":["Chrysalis","Dark Shackles"],"picked":"Panache","floor":44.0},{"not_picked":["Sweeping Beam+1","Recycle"],"picked":"Compile Driver+1","floor":48.0}],"player_experience":729446,"relics_obtained":[{"floor":6.0,"key":"Orichalcum"},{"floor":8.0,"key":"Art of War"},{"floor":9.0,"key":"Juzu Bracelet"},{"floor":12.0,"key":"Bottled Tornado"},{"floor":24.0,"key":"Blood Vial"},{"floor":26.0,"key":"War Paint"},{"floor":27.0,"key":"Strawberry"},{"floor":48.0,"key":"Pantograph"}],"event_choices":[{"cards_removed":["Strike_B"],"damage_healed":0.0,"max_hp_gain":0.0,"max_hp_loss":0.0,"gold_gain":0.0,"event_name":"Golden Wing","player_choice":"Card Removal","floor":3.0,"gold_loss":0.0,"damage_taken":7.0},{"cards_removed":["Strike_B"],"damage_healed":0.0,"max_hp_gain":0.0,"max_hp_loss":0.0,"gold_gain":0.0,"event_name":"The Cleric","player_choice":"Card Removal","floor":4.0,"gold_loss":75.0,"damage_taken":0.0},{"damage_healed":0.0,"max_hp_gain":0.0,"max_hp_loss":0.0,"gold_gain":0.0,"cards_transformed":["Strike_B"],"event_name":"Living Wall","player_choice":"Change","floor":10.0,"gold_loss":0.0,"damage_taken":0.0,"cards_obtained":["Machine Learning"]},{"cards_removed":["Strike_B"],"damage_healed":0.0,"max_hp_gain":0.0,"max_hp_loss":0.0,"gold_gain":0.0,"event_name":"Designer","player_choice":"Upgrade and Remove","floor":19.0,"gold_loss":110.0,"damage_taken":0.0,"cards_upgraded":["FTL"]},{"damage_healed":0.0,"max_hp_gain":0.0,"max_hp_loss":0.0,"gold_gain":50.0,"event_name":"Nest","player_choice":"Stole From Cult","floor":20.0,"gold_loss":0.0,"damage_taken":0.0},{"cards_removed":["Chill"],"damage_healed":0.0,"max_hp_gain":0.0,"max_hp_loss":0.0,"gold_gain":0.0,"event_name":"Beggar","player_choice":"Gave Gold","floor":28.0,"gold_loss":75.0,"damage_taken":0.0},{"damage_healed":0.0,"max_hp_gain":0.0,"max_hp_loss":0.0,"gold_gain":0.0,"event_name":"Ghosts","player_choice":"Ignored","floor":31.0,"gold_loss":0.0,"damage_taken":0.0},{"damage_healed":0.0,"max_hp_gain":0.0,"max_hp_loss":0.0,"gold_gain":0.0,"event_name":"Mysterious Sphere","player_choice":"Ignored","floor":36.0,"gold_loss":0.0,"damage_taken":0.0},{"damage_healed":0.0,"max_hp_gain":0.0,"max_hp_loss":0.0,"gold_gain":0.0,"event_name":"SensoryStone","player_choice":"Memory 1","floor":44.0,"gold_loss":0.0,"damage_taken":0.0},{"damage_healed":0.0,"max_hp_gain":0.0,"max_hp_loss":0.0,"gold_gain":0.0,"event_name":"Tomb of Lord Red Mask","player_choice":"Paid","floor":45.0,"gold_loss":47.0,"damage_taken":0.0,"relics_obtained":["Red Mask"]}],"is_beta":false,"boss_relics":[{"not_picked":["Tiny House","Ectoplasm"],"picked":"Orrery"},{"not_picked":["Inserter","Busted Crown"],"picked":"Cursed Key"}],"items_purged_floors":[39],"is_endless":false,"potions_floor_spawned":[2,8,12,18,24,29,38,48],"killed_by":"Donu and Deca","ascension_level":20}