{"gold_per_floor":[114,94,112,127,81,81,95,95,95,95],"floor_reached":10,"playtime":614,"items_purged":[],"score":114,"play_id":"65c8d80d-f2df-473b-9330-c6377c0b4110","local_time":"20190813042242","is_ascension_mode":true,"campfire_choices":[{"data":"Feel No Pain","floor":6,"key":"SMITH"},{"data":"Offering","floor":8,"key":"SMITH"}],"neow_cost":"PERCENT_DAMAGE","seed_source_timestamp":905115437974000,"circlet_count":0,"master_deck":["AscendersBane","Strike_R","Strike_R","Strike_R","Strike_R","Strike_R","Defend_R","Defend_R","Defend_R","Defend_R","Bash","Offering+1","Body Slam","Body Slam","Feel No Pain+1","Body Slam","Clash"],"relics":["Burning Blood","WingedGreaves"],"potions_floor_usage":[5,5,7,7,10],"damage_taken":[{"damage":11,"enemies":"Small Slimes","floor":1,"turns":2},{"damage":6,"enemies":"Cultist","floor":3,"turns":3},{"damage":14,"enemies":"2 Louse","floor":4,"turns":4},{"damage":16,"enemies":"Exordium Thugs","floor":5,"turns":5},{"damage":14,"enemies":"Large Slime","floor":7,"turns":6},{"damage":37,"enemies":"Gremlin Nob","floor":10,"turns":3}],"seed_played":"-5211968543027687417","potions_obtained":[{"floor":2,"key":"EntropicBrew"},{"floor":3,"key":"FearPotion"},{"floor":7,"key":"Poison Potion"}],"is_trial":false,"path_per_floor":["M","?","M","M","M","R","M","R","T","E"],"character_chosen":"IRONCLAD","items_purchased":[],"campfire_rested":0,"item_purchase_floors":[],"current_hp_per_floor":[45,45,45,37,27,27,34,34,34,0],"gold":95,"neow_bonus":"THREE_RARE_CARDS","is_prod":false,"is_daily":false,"chose_seed":false,"campfire_upgraded":2,"win_rate":0,"timestamp":1565662962,"path_taken":["M","?","M","M","M","R","?","R","T","E"],"build_version":"2019-07-17","purchased_purges":0,"victory":false,"max_hp_per_floor":[75,75,75,75,75,75,75,75,75,75],"card_choices":[{"not_picked":["Berserk","Limit Break"],"picked":"Offering","floor":0},{"not_picked":["Heavy Blade","Havoc"],"picked":"Body Slam","floor":1},{"not_picked":["Intimidate","Wild Strike"],"picked":"Body Slam","floor":3},{"not_picked":["Feed","Corruption"],"picked":"Feel No Pain","floor":4},{"not_picked":["Pommel Strike","Cleave"],"picked":"Body Slam","floor":5},{"not_picked":["Havoc","Cleave"],"picked":"Clash","floor":7}],"player_experience":1870393,"relics_obtained":[{"floor":9,"key":"WingedGreaves"}],"event_choices":[{"damage_healed":0,"gold_gain":0,"player_choice":"Bought 1 Potion","damage_taken":0,"max_hp_gain":0,"max_hp_loss":0,"event_name":"The Woman in Blue","floor":2,"gold_loss":0}],"is_beta":false,"boss_relics":[],"items_purged_floors":[],"is_endless":false,"potions_floor_spawned":[3,5,7],"killed_by":"Gremlin Nob","ascension_level":18}