{"gold_per_floor":[109,184,184,196,196,196,211,239,239,272,290,290,290,290],"floor_reached":14,"playtime":448,"items_purged":[],"score":162,"play_id":"82dbcd6f-d082-4ccc-b617-62dc03f21c9b","local_time":"20191004173400","is_ascension_mode":true,"campfire_choices":[{"data":"Bash","floor":6,"key":"SMITH"},{"floor":12,"key":"REST"}],"neow_cost":"NONE","seed_source_timestamp":2017926972549790,"circlet_count":0,"master_deck":["AscendersBane","Strike_R","Strike_R","Strike_R","Defend_R","Defend_R","Defend_R","Defend_R","Bash+1","Sword Boomerang","True Grit","Cleave","Disarm","Demon Form","Shockwave"],"relics":["Burning Blood","Vajra","MealTicket","Bottled Flame","Dead Branch"],"potions_floor_usage":[8],"damage_taken":[{"damage":9,"enemies":"Small Slimes","floor":1,"turns":4},{"damage":0,"enemies":"Cultist","floor":4,"turns":2},{"damage":11,"enemies":"Jaw Worm","floor":7,"turns":4},{"damage":20,"enemies":"Lagavulin","floor":8,"turns":4},{"damage":32,"enemies":"Gremlin Nob","floor":10,"turns":4},{"damage":10,"enemies":"Looter","floor":11,"turns":3},{"damage":42,"enemies":"Gremlin Gang","floor":14,"turns":3}],"seed_played":"-5511561626978444605","potions_obtained":[{"floor":4,"key":"SteroidPotion"}],"is_trial":false,"path_per_floor":["M","?","?","M","?","R","M","E","T","E","M","R","?","M"],"character_chosen":"IRONCLAD","items_purchased":[],"campfire_rested":1,"item_purchase_floors":[],"current_hp_per_floor":[69,58,58,64,57,57,52,38,38,12,8,32,32,0],"gold":290,"neow_bonus":"RANDOM_COMMON_RELIC","is_prod":false,"is_daily":false,"chose_seed":false,"campfire_upgraded":1,"win_rate":0,"timestamp":1570224840,"path_taken":["M","?","?","?","?","R","M","E","T","E","M","R","?","M"],"build_version":"2019-10-04","purchased_purges":0,"victory":false,"max_hp_per_floor":[80,80,80,80,80,80,80,80,80,80,80,80,80,80],"card_choices":[{"not_picked":["True Grit","Shrug It Off"],"picked":"Sword Boomerang","floor":1},{"not_picked":["Warcry","Pommel Strike"],"picked":"True Grit","floor":4},{"not_picked":["Warcry","Second Wind"],"picked":"Cleave","floor":7},{"not_picked":["Havoc","Burning Pact"],"picked":"Disarm","floor":8},{"not_picked":["Whirlwind","Body Slam"],"picked":"Demon Form","floor":10},{"not_picked":["Uppercut","Sword Boomerang"],"picked":"Shockwave","floor":11}],"player_experience":462208,"relics_obtained":[{"floor":8,"key":"MealTicket"},{"floor":9,"key":"Bottled Flame"},{"floor":10,"key":"Dead Branch"}],"event_choices":[{"damage_healed":0,"gold_gain":75,"player_choice":"Gather Gold","damage_taken":11,"max_hp_gain":0,"max_hp_loss":0,"event_name":"World of Goop","floor":2,"gold_loss":0},{"cards_removed":["Strike_R"],"damage_healed":0,"gold_gain":0,"player_choice":"Offered Basic","damage_taken":0,"max_hp_gain":0,"max_hp_loss":0,"event_name":"Bonfire Elementals","floor":3,"gold_loss":0},{"cards_removed":["Strike_R"],"damage_healed":0,"gold_gain":0,"player_choice":"Card Removal","damage_taken":7,"max_hp_gain":0,"max_hp_loss":0,"event_name":"Golden Wing","floor":5,"gold_loss":0},{"damage_healed":0,"gold_gain":0,"player_choice":"Ignored","damage_taken":0,"max_hp_gain":0,"max_hp_loss":0,"event_name":"Golden Idol","floor":13,"gold_loss":0}],"is_beta":true,"boss_relics":[],"items_purged_floors":[],"is_endless":false,"potions_floor_spawned":[4],"killed_by":"Gremlin Gang","ascension_level":13}