{"gold_per_floor":[11,23,23,98,23,57,57,87,87,87,106,106,131,131],"floor_reached":14,"playtime":397,"items_purged":["Strike_R"],"score":187,"play_id":"c065a3b7-f5d3-4aa0-ab80-e33da1e86e43","local_time":"20190825232841","is_ascension_mode":true,"campfire_choices":[{"floor":7,"key":"REST"},{"data":"True Grit","floor":10,"key":"SMITH"},{"data":"Armaments","floor":12,"key":"SMITH"}],"neow_cost":"NO_GOLD","seed_source_timestamp":1016946061071300,"circlet_count":0,"master_deck":["AscendersBane","Strike_R","Strike_R","Strike_R","Strike_R","Defend_R","Defend_R","Defend_R","Defend_R","Bash","Limit Break","Flex+1","Anger","True Grit+1","Burning Pact","Armaments+1","Feel No Pain"],"relics":["Burning Blood","Sundial","Strawberry","Art of War","Odd Mushroom"],"potions_floor_usage":[6,13],"damage_taken":[{"damage":1,"enemies":"Small Slimes","floor":1,"turns":4},{"damage":14,"enemies":"Jaw Worm","floor":2,"turns":4},{"damage":56,"enemies":"Gremlin Nob","floor":6,"turns":5},{"damage":23,"enemies":"Lagavulin","floor":8,"turns":7},{"damage":10,"enemies":"2 Louse","floor":11,"turns":3},{"damage":14,"enemies":"The Mushroom Lair","floor":13,"turns":5},{"damage":19,"enemies":"Large Slime","floor":14,"turns":4}],"seed_played":"-5292141725301627400","potions_obtained":[{"floor":2,"key":"Regen Potion"},{"floor":8,"key":"Ancient Potion"}],"is_trial":false,"path_per_floor":["M","M","?","?","$","E","R","E","T","R","M","R","?","M"],"character_chosen":"IRONCLAD","items_purchased":[],"campfire_rested":1,"item_purchase_floors":[],"current_hp_per_floor":[73,65,65,54,54,18,40,30,30,30,26,26,18,0],"gold":131,"neow_bonus":"THREE_RARE_CARDS","is_prod":false,"is_daily":false,"chose_seed":false,"campfire_upgraded":2,"win_rate":0,"timestamp":1566768521,"path_taken":["M","M","?","?","?","E","R","E","T","R","M","R","?","M"],"build_version":"2019-07-17","purchased_purges":1,"victory":false,"max_hp_per_floor":[75,75,75,75,75,75,75,82,82,82,82,82,82,82],"card_choices":[{"not_picked":["Demon Form","Offering"],"picked":"Limit Break","floor":0},{"not_picked":["Anger","Cleave"],"picked":"Flex","floor":1},{"not_picked":["Twin Strike","Evolve"],"picked":"Anger","floor":2},{"not_picked":["Body Slam","Ghostly Armor"],"picked":"True Grit","floor":6},{"not_picked":["Body Slam","Carnage"],"picked":"Burning Pact","floor":8},{"not_picked":["Dark Embrace","Heavy Blade"],"picked":"Armaments","floor":11},{"not_picked":["Thunderclap","Perfected Strike"],"picked":"Feel No Pain","floor":13}],"player_experience":1970397,"relics_obtained":[{"floor":6,"key":"Sundial"},{"floor":8,"key":"Strawberry"},{"floor":9,"key":"Art of War"},{"floor":13,"key":"Odd Mushroom"}],"event_choices":[{"damage_healed":0,"gold_gain":0,"player_choice":"Grow","damage_taken":0,"max_hp_gain":0,"max_hp_loss":0,"event_name":"Living Wall","floor":3,"gold_loss":0,"cards_upgraded":["Flex"]},{"damage_healed":0,"gold_gain":75,"player_choice":"Gather Gold","damage_taken":11,"max_hp_gain":0,"max_hp_loss":0,"event_name":"World of Goop","floor":4,"gold_loss":0},{"damage_healed":0,"gold_gain":0,"player_choice":"Fought Mushrooms","damage_taken":0,"max_hp_gain":0,"max_hp_loss":0,"event_name":"Mushrooms","floor":13,"gold_loss":0}],"is_beta":false,"boss_relics":[],"items_purged_floors":[5],"is_endless":false,"potions_floor_spawned":[2,8],"killed_by":"Large Slime","ascension_level":19}