{"gold_per_floor":[115,164,34,34,47,80,92,124,160,199,211,241,271,293,305,391,403,426,456,481,418,430],"floor_reached":22,"playtime":937,"items_purged":["Strike_B"],"score":376,"play_id":"1320adf8-e363-4993-92bd-82231b51f9fa","local_time":"20191009100348","is_ascension_mode":true,"campfire_choices":[{"floor":7,"key":"REST"},{"data":"Apotheosis","floor":11,"key":"SMITH"},{"floor":15,"key":"REST"}],"neow_cost":"TEN_PERCENT_HP_LOSS","seed_source_timestamp":6751950476600,"circlet_count":0,"master_deck":["AscendersBane","Zap","Dualcast","Secret Weapon","Apotheosis+1","Chaos","Cold Snap","Sunder","Stack","Reinforced Body","Static Discharge","Gash","Capacitor","Melter","Buffer","Compile Driver","Seek","Cold Snap","Defragment","Recycle","Hologram","Hello World","Consume","Leap","Scrape+1","Steam"],"relics":["Cracked Core","Ancient Tea Set","MawBank","Orichalcum","Kunai","Pandora\u0027s Box"],"potions_floor_usage":[18,20],"damage_taken":[{"damage":0,"enemies":"Cultist","floor":1,"turns":3},{"damage":16,"enemies":"2 Louse","floor":5,"turns":3},{"damage":13,"enemies":"3 Sentries","floor":6,"turns":6},{"damage":0,"enemies":"Jaw Worm","floor":8,"turns":3},{"damage":15,"enemies":"Lagavulin","floor":10,"turns":6},{"damage":4,"enemies":"Looter","floor":12,"turns":2},{"damage":2,"enemies":"Blue Slaver","floor":13,"turns":4},{"damage":1,"enemies":"2 Fungi Beasts","floor":14,"turns":4},{"damage":9,"enemies":"The Guardian","floor":16,"turns":10},{"damage":28,"enemies":"3 Byrds","floor":18,"turns":4},{"damage":0,"enemies":"Spheric Guardian","floor":19,"turns":3},{"damage":22,"enemies":"Snake Plant","floor":20,"turns":5},{"damage":15,"enemies":"Cultist and Chosen","floor":22,"turns":3}],"seed_played":"-3574571043105906113","potions_obtained":[{"floor":5,"key":"PowerPotion"},{"floor":13,"key":"Swift Potion"},{"floor":19,"key":"SkillPotion"}],"is_trial":false,"path_per_floor":["M","T","$","?","M","E","R","M","T","E","R","M","M","M","R","B",null,"M","M","M","?","M"],"character_chosen":"DEFECT","items_purchased":["Cold Snap"],"campfire_rested":2,"item_purchase_floors":[3],"current_hp_per_floor":[64,64,64,64,48,35,54,54,54,39,39,35,33,32,51,42,59,31,31,9,9,0],"gold":430,"neow_bonus":"RANDOM_COLORLESS_2","is_prod":false,"is_daily":false,"chose_seed":false,"campfire_upgraded":1,"win_rate":0,"timestamp":1570608228,"path_taken":["M","?","$","?","M","E","R","?","T","E","R","M","M","M","R","BOSS","M","M","M","?","M"],"build_version":"2019-07-17","purchased_purges":1,"victory":false,"max_hp_per_floor":[64,64,64,64,64,64,64,64,64,64,64,64,64,64,64,64,64,64,64,64,64,64],"card_choices":[{"not_picked":["Chill","Ball Lightning"],"picked":"Chaos","floor":1},{"not_picked":["Steam","Coolheaded"],"picked":"Reinforced Body","floor":5},{"not_picked":["Barrage","Skim"],"picked":"Static Discharge","floor":6},{"not_picked":["Conserve Battery","Turbo"],"picked":"Gash","floor":8},{"not_picked":["Cold Snap","Stack"],"picked":"Capacitor","floor":10},{"not_picked":["Lockon","BootSequence"],"picked":"Melter","floor":12},{"not_picked":["Cold Snap","Coolheaded"],"picked":"Buffer","floor":13},{"not_picked":["Turbo","Melter"],"picked":"Compile Driver","floor":14},{"not_picked":["Reboot","Machine Learning"],"picked":"Seek","floor":16},{"not_picked":["Conserve Battery","Hologram"],"picked":"Leap","floor":18},{"not_picked":["Hologram","Doom and Gloom"],"picked":"Scrape+1","floor":19},{"not_picked":["Static Discharge","Reinforced Body"],"picked":"Steam","floor":20}],"player_experience":1997027,"relics_obtained":[{"floor":2,"key":"Ancient Tea Set"},{"floor":6,"key":"MawBank"},{"floor":9,"key":"Orichalcum"},{"floor":10,"key":"Kunai"}],"event_choices":[{"damage_healed":0,"gold_gain":0,"player_choice":"2 cards matched","damage_taken":0,"max_hp_gain":0,"max_hp_loss":0,"event_name":"Match and Keep!","floor":4,"gold_loss":0,"cards_obtained":["Sunder","Stack"]},{"cards_removed":["Chaos"],"damage_healed":0,"gold_gain":0,"player_choice":"Gave Gold","damage_taken":0,"max_hp_gain":0,"max_hp_loss":0,"event_name":"Beggar","floor":21,"gold_loss":75}],"is_beta":false,"boss_relics":[{"not_picked":["Snecko Eye","Black Star"],"picked":"Pandora\u0027s Box"}],"items_purged_floors":[3],"is_endless":false,"potions_floor_spawned":[5,13,16,19],"killed_by":"Cultist and Chosen","ascension_level":18}