{"gold_per_floor":[117,117,136,149,149,149,178,192,192,192,208,7,7,7,7,127,127,100,100,100,125,50,50,50,50,100,116,241,51,51,86,86,210,210,224,239,364,389,85,119,119,138,187,202,52,52,385,418,418,418],"floor_reached":51,"playtime":10342,"items_purged":["Defend_G","Bite","Bite","Bite"],"score":721,"play_id":"32847234-51b2-46c4-946b-e9368c967d2c","local_time":"20191014203225","is_ascension_mode":false,"campfire_choices":[{"data":"Deflect","floor":6.0,"key":"SMITH"},{"data":"Noxious Fumes","floor":13.0,"key":"SMITH"},{"data":"Prepared","floor":15.0,"key":"SMITH"},{"data":"Underhanded Strike","floor":23.0,"key":"SMITH"},{"data":"Backstab","floor":25.0,"key":"SMITH"},{"data":"Footwork","floor":32,"key":"SMITH"},{"floor":41,"key":"DIG"},{"floor":49,"key":"DIG"}],"neow_cost":"NONE","seed_source_timestamp":0,"circlet_count":0,"master_deck":["Defend_G+1","Defend_G+1","Defend_G+1","Defend_G+1","Survivor","Neutralize","Deflect+1","Deflect","Underhanded Strike+1","Noxious Fumes+1","Prepared+1","Backstab+1","Night Terror+1","Deflect+1","Necronomicurse","Bite+1","Bite+1","Crippling Poison+1","Poisoned Stab","Footwork+1","Dodge and Roll+1","RitualDagger","Acrobatics+1","Prepared+1","Footwork","Acrobatics+1"],"special_seed":0,"relics":["Ring of the Serpent","NeowsBlessing","The Specimen","Matryoshka","Toxic Egg 2","Sundial","Lee\u0027s Waffle","Necronomicon","Strawberry","Potion Belt","Torii","Mummified Hand","Whetstone","Black Star","Shovel","Lantern","Paper Crane","Bag of Marbles","Peace Pipe","Omamori","Dodecahedron","Kunai","Ornamental Fan"],"potions_floor_usage":[31,33,50,50],"damage_taken":[{"damage":0.0,"enemies":"Small Slimes","floor":1.0,"turns":1.0},{"damage":0.0,"enemies":"Cultist","floor":3.0,"turns":1.0},{"damage":0.0,"enemies":"2 Louse","floor":4.0,"turns":1.0},{"damage":53.0,"enemies":"Lagavulin","floor":7.0,"turns":13.0},{"damage":0.0,"enemies":"Exordium Wildlife","floor":8.0,"turns":4.0},{"damage":7.0,"enemies":"Large Slime","floor":11.0,"turns":7.0},{"damage":41.0,"enemies":"Slime Boss","floor":16.0,"turns":13.0},{"damage":17.0,"enemies":"2 Thieves","floor":18.0,"turns":5.0},{"damage":4.0,"enemies":"3 Byrds","floor":21.0,"turns":5.0},{"damage":10.0,"enemies":"Snake Plant","floor":27.0,"turns":5.0},{"damage":14.0,"enemies":"Colosseum Slavers","floor":28.0,"turns":4.0},{"damage":26.0,"enemies":"Colosseum Nobs","floor":28.0,"turns":5.0},{"damage":1,"enemies":"Book of Stabbing","floor":31,"turns":6},{"damage":11,"enemies":"Collector","floor":33,"turns":7},{"damage":2,"enemies":"Orb Walker","floor":35,"turns":3},{"damage":11,"enemies":"3 Shapes","floor":36,"turns":6},{"damage":0,"enemies":"Mind Bloom Boss Battle","floor":37,"turns":5},{"damage":8,"enemies":"Sphere and 2 Shapes","floor":38,"turns":4},{"damage":13,"enemies":"Giant Head","floor":40,"turns":10},{"damage":0,"enemies":"3 Darklings","floor":42,"turns":5},{"damage":0,"enemies":"Spire Growth","floor":44,"turns":4},{"damage":7,"enemies":"Nemesis","floor":48,"turns":7},{"damage":42,"enemies":"Time Eater","floor":50,"turns":17}],"seed_played":"8902535307318060129","potions_obtained":[{"floor":3.0,"key":"GamblersBrew"},{"floor":8.0,"key":"Swift Potion"},{"floor":11.0,"key":"SteroidPotion"},{"floor":16.0,"key":"FairyPotion"},{"floor":27.0,"key":"Regen Potion"},{"floor":31,"key":"Fruit Juice"},{"floor":36,"key":"Regen Potion"},{"floor":44,"key":"Regen Potion"},{"floor":48,"key":"SkillPotion"}],"is_trial":false,"path_per_floor":["M","?","M","M","?","R","E","M","T","?","M","$","R","?","R","B",null,"M","?","?","M","$","R","?","R","T","M","?","$","?","E","R","B",null,"M","M","?","M","$","E","R","M","T","M","$","?","?","E","R","B",null],"character_chosen":"THE_SILENT","items_purchased":["Lee\u0027s Waffle","Footwork","Dodge and Roll+1","Footwork","Lantern"],"campfire_rested":0,"item_purchase_floors":[12,29,29,39,39],"current_hp_per_floor":[70,70,70,70,63,63,10,10,10,33,26,77,77,71,71,30,71,54,38,38,49,49,49,49,49,56,52,30,30,24,36,36,51,61,59,56,61,56,56,57,57,61,61,61,61,61,61,58,58,46],"gold":418,"neow_bonus":"THREE_ENEMY_KILL","is_prod":false,"is_daily":false,"chose_seed":false,"campfire_upgraded":6,"win_rate":0.0,"timestamp":1571106745,"path_taken":["M","?","M","?","?","R","E","M","T","?","M","?","R","?","R","BOSS","M","?","?","M","?","R","?","R","T","M","?","$","?","E","R","BOSS","M","M","?","M","?","E","R","M","T","?","$","?","?","E","R","BOSS"],"build_version":"2019-07-17","purchased_purges":4,"victory":true,"max_hp_per_floor":[70,70,70,70,70,70,70,70,70,70,70,77,77,71,71,71,71,71,71,49,49,49,49,49,49,56,56,56,56,56,61,61,61,61,61,61,61,61,61,61,61,61,61,61,61,61,61,61,61,61],"card_choices":[{"not_picked":["Deadly Poison","Flying Knee"],"picked":"Deflect","floor":1.0},{"not_picked":["Escape Plan","Acrobatics"],"picked":"Deflect","floor":3.0},{"not_picked":["Quick Slash","Eviscerate"],"picked":"Underhanded Strike","floor":4.0},{"not_picked":["Masterful Stab","Blur"],"picked":"Noxious Fumes","floor":7.0},{"not_picked":["Outmaneuver","PiercingWail"],"picked":"Prepared","floor":8.0},{"not_picked":["Dagger Throw","Slice"],"picked":"Backstab","floor":11.0},{"not_picked":["Unload","Venomology+1"],"picked":"Night Terror+1","floor":16.0},{"not_picked":["Dagger Throw","Flying Knee"],"picked":"Deflect+1","floor":18.0},{"not_picked":["Underhanded Strike","Slice"],"picked":"Crippling Poison+1","floor":21.0},{"not_picked":["Eviscerate","Flying Knee"],"picked":"Poisoned Stab","floor":27.0},{"not_picked":["Backflip+1","Choke","Crippling Poison+1"],"picked":"SKIP","floor":31},{"not_picked":["Wraith Form v2","Die Die Die"],"picked":"After Image","floor":33},{"not_picked":["Infinite Blades","Flying Knee+1","Dodge and Roll+1"],"picked":"SKIP","floor":35},{"not_picked":["Quick Slash","Deflect+1"],"picked":"Acrobatics+1","floor":36},{"not_picked":["Terror+1","Caltrops+1"],"picked":"Prepared+1","floor":38},{"not_picked":["Finisher+1","Caltrops"],"picked":"Acrobatics+1","floor":40},{"not_picked":["Deflect+1","Poisoned Stab","Sucker Punch+1"],"picked":"SKIP","floor":42},{"not_picked":["Dagger Spray","Heel Hook+1","Crippling Poison+1"],"picked":"SKIP","floor":44},{"not_picked":["Finisher","Sucker Punch","Deflect+1"],"picked":"SKIP","floor":48}],"player_experience":17173,"relics_obtained":[{"floor":7.0,"key":"Matryoshka"},{"floor":9.0,"key":"Toxic Egg 2"},{"floor":9.0,"key":"Sundial"},{"floor":19.0,"key":"Necronomicon"},{"floor":26.0,"key":"Strawberry"},{"floor":26.0,"key":"Potion Belt"},{"floor":28.0,"key":"Torii"},{"floor":28.0,"key":"Mummified Hand"},{"floor":31,"key":"Whetstone"},{"floor":37,"key":"Shovel"},{"floor":40,"key":"Paper Crane"},{"floor":40,"key":"Bag of Marbles"},{"floor":41,"key":"Peace Pipe"},{"floor":43,"key":"Omamori"},{"floor":48,"key":"Dodecahedron"},{"floor":48,"key":"Kunai"},{"floor":49,"key":"Ornamental Fan"}],"event_choices":[{"cards_removed":["Strike_G"],"damage_healed":0.0,"max_hp_gain":0.0,"max_hp_loss":0.0,"gold_gain":0.0,"event_name":"Bonfire Elementals","player_choice":"Offered Basic","floor":2.0,"gold_loss":0.0,"damage_taken":0.0},{"damage_healed":0.0,"max_hp_gain":0.0,"max_hp_loss":0.0,"gold_gain":0.0,"event_name":"Scrap Ooze","player_choice":"Success","floor":5.0,"gold_loss":0.0,"damage_taken":7.0,"relics_obtained":["The Specimen"]},{"damage_healed":23.0,"max_hp_gain":0.0,"max_hp_loss":0.0,"gold_gain":0.0,"event_name":"Big Fish","player_choice":"Banana","floor":10.0,"gold_loss":0.0,"damage_taken":0.0},{"damage_healed":0.0,"max_hp_gain":0.0,"max_hp_loss":6.0,"gold_gain":0.0,"event_name":"Golden Idol","player_choice":"Lose Max HP","floor":14.0,"gold_loss":0.0,"damage_taken":0.0,"relics_obtained":["Golden Idol"]},{"damage_healed":0.0,"max_hp_gain":0.0,"max_hp_loss":0.0,"gold_gain":0.0,"event_name":"Cursed Tome","player_choice":"Obtained Book","floor":19.0,"gold_loss":0.0,"damage_taken":16.0},{"damage_healed":0.0,"max_hp_gain":0.0,"max_hp_loss":22.0,"gold_gain":0.0,"event_name":"Vampires","player_choice":"Became a vampire","floor":20.0,"gold_loss":0.0,"damage_taken":0.0,"cards_obtained":["Bite","Bite","Bite","Bite","Bite"]},{"damage_healed":0.0,"max_hp_gain":0.0,"max_hp_loss":0.0,"gold_gain":0.0,"event_name":"Back to Basics","player_choice":"Simplicity","floor":24.0,"gold_loss":0.0,"damage_taken":0.0,"cards_upgraded":["Defend_G","Defend_G","Defend_G","Defend_G"]},{"damage_healed":0.0,"max_hp_gain":0.0,"max_hp_loss":0.0,"gold_gain":0.0,"event_name":"Colosseum","player_choice":"Fight","floor":28.0,"gold_loss":0.0,"damage_taken":0.0},{"damage_healed":0.0,"max_hp_gain":0.0,"max_hp_loss":0.0,"gold_gain":0.0,"event_name":"Colosseum","player_choice":"Fought Nobs","floor":28.0,"gold_loss":0.0,"damage_taken":0.0},{"damage_healed":0,"gold_gain":0,"player_choice":"Joined the Cult","damage_taken":6,"max_hp_gain":0,"max_hp_loss":0,"event_name":"Nest","floor":30,"gold_loss":0,"cards_obtained":["RitualDagger"]},{"damage_healed":0,"gold_gain":0,"player_choice":"Fight","damage_taken":0,"max_hp_gain":0,"max_hp_loss":0,"event_name":"MindBloom","floor":37,"gold_loss":0},{"cards_removed":["After Image"],"damage_healed":0,"gold_gain":0,"player_choice":"Removed Power","damage_taken":0,"max_hp_gain":0,"max_hp_loss":0,"event_name":"Falling","floor":46,"gold_loss":0},{"damage_healed":0,"gold_gain":333,"player_choice":"Gave Idol","damage_taken":0,"max_hp_gain":0,"max_hp_loss":0,"event_name":"The Moai Head","floor":47,"relics_lost":["Golden Idol"],"gold_loss":0}],"is_beta":false,"boss_relics":[{"not_picked":["White Beast Statue","Ectoplasm"],"picked":"Ring of the Serpent"},{"not_picked":["Lizard Tail","Runic Pyramid"],"picked":"Black Star"}],"items_purged_floors":[22,29,39,45],"is_endless":false,"potions_floor_spawned":[3,8,11,16,27,31,36,44,48],"ascension_level":0}