{"gold_per_floor":[110,110,129,147,161,161,5,5,32,32,49,75,75,25,25,102,102,119,139,10,20,20,20],"floor_reached":23,"playtime":843,"items_purged":["Strike_G","Setup"],"score":315,"play_id":"f3d80f5b-906b-4fcb-bae5-1fb04a617cef","local_time":"20190311202844","is_ascension_mode":true,"campfire_choices":[{"data":"Skewer","floor":6,"key":"SMITH"},{"data":"Neutralize","floor":8,"key":"SMITH"},{"floor":10,"key":"REST"},{"data":"Bouncing Flask","floor":13,"key":"SMITH"},{"floor":15,"key":"REST"}],"neow_cost":"NONE","seed_source_timestamp":487753708702400,"circlet_count":0,"master_deck":["AscendersBane","Survivor","Neutralize+1","Impatience","Skewer+1","Flying Knee","Dagger Spray","Backflip","Bouncing Flask+1","Backstab","Adrenaline","Deadly Poison","Caltrops","Crippling Poison","Night Terror","Dagger Spray","Unload","Quick Slash","Flechettes","Riddle With Holes","PiercingWail","Escape Plan","Flying Knee+1"],"relics":["Ring of the Snake","Juzu Bracelet","Smiling Mask","Happy Flower","Pandora\u0027s Box"],"potions_floor_usage":[5,16,23,23],"damage_taken":[{"damage":7,"enemies":"Jaw Worm","floor":1,"turns":5},{"damage":0,"enemies":"Cultist","floor":3,"turns":4},{"damage":0,"enemies":"Small Slimes","floor":4,"turns":2},{"damage":25,"enemies":"Gremlin Gang","floor":5,"turns":5},{"damage":0,"enemies":"3 Louse","floor":11,"turns":2},{"damage":24,"enemies":"Lagavulin","floor":12,"turns":7},{"damage":27,"enemies":"The Guardian","floor":16,"turns":9},{"damage":11,"enemies":"Spheric Guardian","floor":18,"turns":3},{"damage":0,"enemies":"3 Byrds","floor":19,"turns":3},{"damage":4,"enemies":"Snecko","floor":21,"turns":3},{"damage":44,"enemies":"Gremlin Leader","floor":23,"turns":5}],"seed_played":"7852327800390443985","potions_obtained":[{"floor":1,"key":"LiquidBronze"},{"floor":4,"key":"Fire Potion"},{"floor":16,"key":"Strength Potion"},{"floor":21,"key":"Poison Potion"},{"floor":22,"key":"PowerPotion"}],"is_trial":false,"path_per_floor":["M","?","M","M","M","R","$","R","T","R","M","E","R","$","R","B",null,"M","M","$","M","?","E"],"character_chosen":"THE_SILENT","items_purchased":["Juzu Bracelet","Escape Plan"],"campfire_rested":2,"item_purchase_floors":[7,20],"current_hp_per_floor":[56,56,56,56,31,31,31,31,31,52,52,28,28,28,49,22,58,47,47,47,43,43,0],"gold":20,"neow_bonus":"RANDOM_COLORLESS","is_prod":false,"is_daily":false,"chose_seed":false,"campfire_upgraded":3,"win_rate":0,"timestamp":1552332524,"path_taken":["M","?","M","M","?","R","$","R","T","R","M","E","R","?","R","BOSS","M","M","$","M","?","E"],"build_version":"2019-01-23","purchased_purges":2,"victory":false,"max_hp_per_floor":[70,70,70,70,70,70,70,70,70,70,70,70,70,70,70,70,70,70,70,70,70,70,70],"card_choices":[{"not_picked":["Poisoned Stab","Backflip"],"picked":"Skewer","floor":1},{"not_picked":["Poisoned Stab","Outmaneuver"],"picked":"Flying Knee","floor":3},{"not_picked":["Dodge and Roll","Backflip"],"picked":"Dagger Spray","floor":4},{"not_picked":["Sucker Punch","Tactician"],"picked":"Backflip","floor":5},{"not_picked":["Deflect","Slice"],"picked":"Bouncing Flask","floor":11},{"not_picked":["Deadly Poison","Malaise"],"picked":"Backstab","floor":12},{"not_picked":["Malaise","Phantasmal Killer"],"picked":"Adrenaline","floor":16},{"not_picked":["Calculated Gamble","Cloak And Dagger"],"picked":"Riddle With Holes","floor":18},{"not_picked":["Sucker Punch","Quick Slash"],"picked":"PiercingWail","floor":19},{"not_picked":["Dagger Spray","Dash"],"picked":"Flying Knee+1","floor":21}],"player_experience":976184,"relics_obtained":[{"floor":9,"key":"Smiling Mask"},{"floor":12,"key":"Happy Flower"}],"event_choices":[{"damage_healed":0,"gold_gain":0,"cards_transformed":["Strike_G"],"player_choice":"Transformed","damage_taken":0,"max_hp_gain":0,"max_hp_loss":0,"event_name":"Transmorgrifier","floor":2,"gold_loss":0,"cards_obtained":["Setup"]},{"damage_healed":0,"gold_gain":0,"player_choice":"Got Potions","damage_taken":0,"max_hp_gain":0,"max_hp_loss":0,"event_name":"Lab","floor":22,"gold_loss":0}],"is_beta":false,"boss_relics":[{"not_picked":["HoveringKite","Coffee Dripper"],"picked":"Pandora\u0027s Box"}],"items_purged_floors":[14,20],"is_endless":false,"potions_floor_spawned":[1,4,16,21],"killed_by":"Gremlin Leader","ascension_level":13}