{"gold_per_floor":[117,131,150,165,0,33,33,44,121,121,137,137,170,170,170,244,244,261,261,277,309,36,36,71,71,71,84,99,118,118,118],"floor_reached":31,"playtime":1247,"items_purged":["Strike_R"],"score":481,"play_id":"42f058cb-23de-4ff7-8357-cf6df2568a44","local_time":"20190608220848","is_ascension_mode":true,"campfire_choices":[{"data":"Fiend Fire","floor":7,"key":"SMITH"},{"data":"Whirlwind","floor":10,"key":"SMITH"},{"data":"Inflame","floor":12,"key":"SMITH"},{"floor":15,"key":"REST"},{"data":"Armaments","floor":23,"key":"SMITH"},{"data":"Limit Break","floor":25,"key":"SMITH"}],"neow_cost":"NONE","seed_source_timestamp":148761786067000,"circlet_count":0,"master_deck":["AscendersBane","True Grit","Body Slam","Pommel Strike","Dark Embrace","Inflame+1","Fiend Fire+1","Whirlwind+1","Shockwave","Body Slam","Limit Break+1","Disarm","Shrug It Off","Inflame","Offering","Body Slam","Intimidate","Power Through","Armaments+1","Uppercut","Anger+1","Headbutt+1","Magnetism","True Grit","Heavy Blade","Thunderclap","Heavy Blade","Anger"],"relics":["Burning Blood","Blood Vial","Art of War","Bottled Flame","Thread and Needle","Regal Pillow","Pandora\u0027s Box","Enchiridion","Red Mask","Lantern","Letter Opener"],"potions_floor_usage":[6,6,16,18,20,24,24,27,28],"damage_taken":[{"damage":10,"enemies":"2 Louse","floor":1,"turns":3},{"damage":11,"enemies":"Jaw Worm","floor":2,"turns":4},{"damage":5,"enemies":"Small Slimes","floor":3,"turns":4},{"damage":1,"enemies":"Exordium Wildlife","floor":4,"turns":4},{"damage":33,"enemies":"3 Sentries","floor":6,"turns":9},{"damage":7,"enemies":"Red Slaver","floor":8,"turns":2},{"damage":15,"enemies":"Large Slime","floor":11,"turns":5},{"damage":24,"enemies":"Gremlin Nob","floor":13,"turns":4},{"damage":58,"enemies":"Slime Boss","floor":16,"turns":11},{"damage":15,"enemies":"Spheric Guardian","floor":18,"turns":4},{"damage":2,"enemies":"3 Byrds","floor":20,"turns":3},{"damage":6,"enemies":"Masked Bandits","floor":21,"turns":2},{"damage":12,"enemies":"Gremlin Leader","floor":24,"turns":6},{"damage":6,"enemies":"Centurion and Healer","floor":27,"turns":2},{"damage":14,"enemies":"3 Cultists","floor":28,"turns":4},{"damage":6,"enemies":"Snecko","floor":29,"turns":3},{"damage":38,"enemies":"Slavers","floor":31,"turns":3}],"seed_played":"180851190489648081","potions_obtained":[{"floor":2,"key":"Fire Potion"},{"floor":3,"key":"BloodPotion"},{"floor":11,"key":"Explosive Potion"},{"floor":16,"key":"Swift Potion"},{"floor":18,"key":"LiquidBronze"},{"floor":21,"key":"Dexterity Potion"},{"floor":24,"key":"Swift Potion"},{"floor":27,"key":"SneckoOil"}],"is_trial":false,"path_per_floor":["M","M","M","M","$","E","R","M","T","R","M","R","E","?","R","B",null,"M","?","M","?","$","R","E","R","T","M","M","M","?","E"],"character_chosen":"IRONCLAD","items_purchased":["Inflame","Magnetism","PowerPotion","True Grit"],"campfire_rested":1,"item_purchase_floors":[5,22,22,22],"current_hp_per_floor":[66,63,66,73,73,48,48,49,49,49,42,42,26,21,58,8,58,51,30,36,38,38,38,34,34,34,36,30,32,32,0],"gold":118,"neow_bonus":"RANDOM_COMMON_RELIC","is_prod":false,"is_daily":false,"chose_seed":false,"campfire_upgraded":5,"win_rate":0,"timestamp":1560024528,"path_taken":["M","M","M","M","$","E","R","M","T","R","M","R","E","?","R","BOSS","M","?","M","?","$","R","E","R","T","M","M","M","?","E"],"build_version":"2019-01-23","purchased_purges":1,"victory":false,"max_hp_per_floor":[75,75,75,75,75,75,75,75,75,75,75,75,75,75,75,75,75,75,75,75,75,75,75,75,75,75,75,75,75,75,75],"card_choices":[{"not_picked":["Cleave","Sword Boomerang"],"picked":"True Grit","floor":1},{"not_picked":["Burning Pact","Sever Soul"],"picked":"Body Slam","floor":2},{"not_picked":["Body Slam","Fire Breathing"],"picked":"Pommel Strike","floor":3},{"not_picked":["Clash","Body Slam"],"picked":"Dark Embrace","floor":4},{"not_picked":["Shrug It Off","Heavy Blade"],"picked":"Fiend Fire","floor":6},{"not_picked":["True Grit","Clash"],"picked":"Whirlwind","floor":8},{"not_picked":["Dropkick","Flame Barrier"],"picked":"Shockwave","floor":11},{"not_picked":["True Grit","Clothesline"],"picked":"Body Slam","floor":13},{"not_picked":["Double Tap","Offering"],"picked":"Limit Break","floor":16},{"not_picked":["Armaments","Thunderclap"],"picked":"Uppercut","floor":18},{"not_picked":["Dark Embrace","Whirlwind"],"picked":"Anger+1","floor":20},{"not_picked":["Carnage+1","Perfected Strike+1"],"picked":"Headbutt+1","floor":21},{"not_picked":["Metallicize","Clothesline"],"picked":"Heavy Blade","floor":24},{"not_picked":["Bloodletting","True Grit"],"picked":"Thunderclap","floor":27},{"not_picked":["Sever Soul","Intimidate"],"picked":"Heavy Blade","floor":28},{"not_picked":["Bloodletting","Pommel Strike"],"picked":"Anger","floor":29}],"player_experience":1238816,"relics_obtained":[{"floor":6,"key":"Art of War"},{"floor":9,"key":"Bottled Flame"},{"floor":13,"key":"Thread and Needle"},{"floor":19,"key":"Enchiridion"},{"floor":21,"key":"Red Mask"},{"floor":24,"key":"Lantern"},{"floor":26,"key":"Letter Opener"}],"event_choices":[{"damage_healed":0,"gold_gain":0,"player_choice":"Success","damage_taken":5,"relics_obtained":["Regal Pillow"],"max_hp_gain":0,"max_hp_loss":0,"event_name":"Scrap Ooze","floor":14,"gold_loss":0},{"damage_healed":0,"gold_gain":0,"player_choice":"Obtained Book","damage_taken":21,"max_hp_gain":0,"max_hp_loss":0,"event_name":"Cursed Tome","floor":19,"gold_loss":0},{"damage_healed":0,"gold_gain":0,"player_choice":"Fought Bandits","damage_taken":0,"max_hp_gain":0,"max_hp_loss":0,"event_name":"Masked Bandits","floor":21,"gold_loss":0},{"cards_removed":["Bash"],"damage_healed":0,"gold_gain":0,"player_choice":"Elegance","damage_taken":0,"max_hp_gain":0,"max_hp_loss":0,"event_name":"Back to Basics","floor":30,"gold_loss":0}],"is_beta":false,"boss_relics":[{"not_picked":["White Beast Statue","Black Star"],"picked":"Pandora\u0027s Box"}],"items_purged_floors":[5],"is_endless":false,"potions_floor_spawned":[2,3,4,11,16,18,21,24,27],"killed_by":"Slavers","ascension_level":16}