{"gold_per_floor":[115,115,115,135,148,148,175,175,175,186,186,10,21,33,33,33],"floor_reached":16,"playtime":669,"items_purged":["Strike_G"],"score":184,"play_id":"ca99ce75-2794-4d48-a752-a7a6956436f8","local_time":"20190610141056","is_ascension_mode":true,"campfire_choices":[{"data":"Neutralize","floor":6,"key":"SMITH"},{"floor":8,"key":"REST"},{"floor":11,"key":"REST"},{"data":"Skewer","floor":15,"key":"SMITH"}],"neow_cost":"NONE","seed_source_timestamp":293475221922700,"circlet_count":0,"master_deck":["AscendersBane","Defend_G","Defend_G","Defend_G","Defend_G","Defend_G","Strike_G","Strike_G","Strike_G","Survivor","Neutralize+1","Backflip","Quick Slash","Noxious Fumes","Poisoned Stab","Blade Dance","Skewer+1","Dagger Spray","Choke","Slice"],"relics":["Ring of the Snake","Potion Belt","Bottled Tornado","Dodecahedron"],"potions_floor_usage":[5,7,7,10,16],"damage_taken":[{"damage":2,"enemies":"2 Louse","floor":1,"turns":5},{"damage":0,"enemies":"Small Slimes","floor":4,"turns":5},{"damage":3,"enemies":"Cultist","floor":5,"turns":4},{"damage":28,"enemies":"Gremlin Nob","floor":7,"turns":4},{"damage":9,"enemies":"3 Louse","floor":10,"turns":3},{"damage":8,"enemies":"Large Slime","floor":13,"turns":6},{"damage":2,"enemies":"Red Slaver","floor":14,"turns":4},{"damage":44,"enemies":"Slime Boss","floor":16,"turns":10}],"seed_played":"-5628820178604210349","potions_obtained":[{"floor":3,"key":"Fire Potion"},{"floor":3,"key":"Dexterity Potion"},{"floor":4,"key":"GamblersBrew"},{"floor":5,"key":"Explosive Potion"},{"floor":14,"key":"Energy Potion"}],"is_trial":false,"path_per_floor":["M","?","?","M","M","R","E","R","T","M","R","$","M","M","R","B"],"character_chosen":"THE_SILENT","items_purchased":["Skewer","Dagger Spray"],"campfire_rested":2,"item_purchase_floors":[12,12],"current_hp_per_floor":[57,50,50,50,47,47,19,38,38,29,48,48,40,38,38,0],"gold":33,"neow_bonus":"RANDOM_COMMON_RELIC","is_prod":false,"is_daily":false,"chose_seed":false,"campfire_upgraded":2,"win_rate":0,"timestamp":1560168656,"path_taken":["M","?","?","M","M","R","E","R","T","M","R","$","M","?","R","BOSS"],"build_version":"2019-01-23","purchased_purges":1,"victory":false,"max_hp_per_floor":[66,66,66,66,66,66,66,66,66,66,66,66,66,66,66,66],"card_choices":[{"not_picked":["Bouncing Flask","Underhanded Strike"],"picked":"Backflip","floor":1},{"not_picked":["Concentrate","Dodge and Roll"],"picked":"Quick Slash","floor":4},{"not_picked":["Outmaneuver","Dagger Spray"],"picked":"Noxious Fumes","floor":5},{"not_picked":["Endless Agony","Backflip"],"picked":"Poisoned Stab","floor":7},{"not_picked":["Dagger Spray","Tools of the Trade"],"picked":"Blade Dance","floor":10},{"not_picked":["Blade Dance","Slice"],"picked":"Choke","floor":13},{"not_picked":["Choke","Underhanded Strike"],"picked":"Slice","floor":14}],"player_experience":1283645,"relics_obtained":[{"floor":7,"key":"Bottled Tornado"},{"floor":9,"key":"Dodecahedron"}],"event_choices":[{"cards_removed":["Strike_G"],"damage_healed":0,"gold_gain":0,"player_choice":"Card Removal","damage_taken":7,"max_hp_gain":0,"max_hp_loss":0,"event_name":"Golden Wing","floor":2,"gold_loss":0},{"damage_healed":0,"gold_gain":0,"player_choice":"Got Potions","damage_taken":0,"max_hp_gain":0,"max_hp_loss":0,"event_name":"Lab","floor":3,"gold_loss":0}],"is_beta":false,"boss_relics":[],"items_purged_floors":[12],"is_endless":false,"potions_floor_spawned":[4,5,14],"killed_by":"Slime Boss","ascension_level":16}