{"gold_per_floor":[19,34,34,54,73,73,104,104,104,134,99,109,34,46,46,46],"floor_reached":16,"playtime":730,"items_purged":["Strike_G"],"score":202,"play_id":"2e097b2e-a5d4-4175-bbba-c2dce273b646","local_time":"20190616230207","is_ascension_mode":true,"campfire_choices":[{"data":"Neutralize","floor":6,"key":"SMITH"},{"data":"Dagger Spray","floor":8,"key":"SMITH"},{"data":"Bullet Time","floor":15,"key":"SMITH"}],"neow_cost":"NO_GOLD","seed_source_timestamp":427223346642500,"circlet_count":0,"master_deck":["AscendersBane","Defend_G","Defend_G","Defend_G","Defend_G","Defend_G","Strike_G","Strike_G","Strike_G","Survivor","Neutralize+1","Leg Sweep","Dagger Spray+1","Dagger Throw","Flying Knee","Corpse Explosion","Bullet Time+1","Footwork","Endless Agony"],"relics":["Ring of the Snake","Peace Pipe","Pear","Du-Vu Doll","Shovel"],"potions_floor_usage":[7,10],"damage_taken":[{"damage":3,"enemies":"Jaw Worm","floor":1,"turns":6},{"damage":1,"enemies":"2 Louse","floor":2,"turns":4},{"damage":0,"enemies":"Cultist","floor":4,"turns":4},{"damage":12,"enemies":"Large Slime","floor":5,"turns":11},{"damage":15,"enemies":"3 Sentries","floor":7,"turns":7},{"damage":16,"enemies":"Lagavulin","floor":10,"turns":7},{"damage":3,"enemies":"3 Louse","floor":12,"turns":3},{"damage":0,"enemies":"Blue Slaver","floor":14,"turns":6},{"damage":33,"enemies":"Hexaghost","floor":16,"turns":14}],"seed_played":"8917418265952463081","potions_obtained":[{"floor":1,"key":"PowerPotion"},{"floor":2,"key":"GhostInAJar"},{"floor":12,"key":"Energy Potion"}],"is_trial":false,"path_per_floor":["M","M","?","M","M","R","E","R","T","E","?","M","$","M","R","B"],"character_chosen":"THE_SILENT","items_purchased":[],"campfire_rested":0,"item_purchase_floors":[],"current_hp_per_floor":[56,55,48,48,36,36,31,31,31,15,34,31,31,31,31,0],"gold":46,"neow_bonus":"ONE_RARE_RELIC","is_prod":false,"is_daily":false,"chose_seed":false,"campfire_upgraded":3,"win_rate":0,"timestamp":1560718927,"path_taken":["M","M","?","M","M","R","E","R","T","E","?","M","$","M","R","BOSS"],"build_version":"2019-01-23","purchased_purges":1,"victory":false,"max_hp_per_floor":[66,66,66,66,66,66,76,76,76,76,76,76,76,76,76,76],"card_choices":[{"not_picked":["Masterful Stab","All Out Attack"],"picked":"Leg Sweep","floor":1},{"not_picked":["Underhanded Strike","Bane"],"picked":"Dagger Spray","floor":2},{"not_picked":["All Out Attack","Bane"],"picked":"Dagger Throw","floor":4},{"not_picked":["Choke","Dagger Spray"],"picked":"Flying Knee","floor":5},{"not_picked":["Calculated Gamble","Dagger Throw"],"picked":"Corpse Explosion","floor":7},{"not_picked":["Riddle With Holes","Choke"],"picked":"Bullet Time","floor":10},{"not_picked":["Poisoned Stab","Riddle With Holes"],"picked":"Footwork","floor":12},{"not_picked":["Dagger Spray","Calculated Gamble"],"picked":"Endless Agony","floor":14}],"player_experience":1375670,"relics_obtained":[{"floor":7,"key":"Pear"},{"floor":9,"key":"Du-Vu Doll"},{"floor":10,"key":"Shovel"}],"event_choices":[{"cards_removed":["Strike_G"],"damage_healed":0,"gold_gain":0,"player_choice":"Card Removal","damage_taken":7,"max_hp_gain":0,"max_hp_loss":0,"event_name":"Golden Wing","floor":3,"gold_loss":0},{"damage_healed":19,"gold_gain":0,"player_choice":"Healed","damage_taken":0,"max_hp_gain":0,"max_hp_loss":0,"event_name":"The Cleric","floor":11,"gold_loss":35}],"is_beta":false,"boss_relics":[],"items_purged_floors":[13],"is_endless":false,"potions_floor_spawned":[1,2,5,12],"killed_by":"Hexaghost","ascension_level":16}