{"gold_per_floor":[117,117,128,128,138,138,157,157,157,191,171,185,185,204,204,204],"floor_reached":16,"playtime":573,"items_purged":[],"score":158,"play_id":"4b5dfa6b-4327-46ae-922b-781e6913afcd","local_time":"20190219030425","is_ascension_mode":true,"campfire_choices":[{"data":"Zap","floor":6,"key":"SMITH"},{"data":"Self Repair","floor":8,"key":"SMITH"},{"data":"Capacitor","floor":13,"key":"SMITH"},{"data":"Coolheaded","floor":15,"key":"SMITH"}],"neow_cost":"NONE","seed_source_timestamp":2635679513000,"circlet_count":0,"master_deck":["AscendersBane","Strike_B","Strike_B","Strike_B","Strike_B","Defend_B+1","Defend_B","Defend_B","Defend_B","Zap+1","Dualcast+1","Capacitor+1","Capacitor","Self Repair+1","Leap","Coolheaded+1","Compile Driver","BootSequence","Barrage"],"relics":["Cracked Core","Dream Catcher","Letter Opener"],"potions_floor_usage":[7,10,14],"damage_taken":[{"damage":14,"enemies":"Jaw Worm","floor":1,"turns":4},{"damage":7,"enemies":"Small Slimes","floor":3,"turns":3},{"damage":7,"enemies":"Cultist","floor":5,"turns":5},{"damage":1,"enemies":"Looter","floor":7,"turns":4},{"damage":19,"enemies":"Lagavulin","floor":10,"turns":9},{"damage":4,"enemies":"2 Fungi Beasts","floor":12,"turns":4},{"damage":8,"enemies":"Large Slime","floor":14,"turns":8},{"damage":41,"enemies":"Hexaghost","floor":16,"turns":9}],"seed_played":"-1883887127628836660","potions_obtained":[{"floor":3,"key":"GamblersBrew"},{"floor":5,"key":"FearPotion"},{"floor":10,"key":"Ancient Potion"},{"floor":11,"key":"GamblersBrew"}],"is_trial":false,"path_per_floor":["M","?","M","?","M","R","M","R","T","E","?","M","R","M","R","B"],"character_chosen":"DEFECT","items_purchased":[],"campfire_rested":0,"item_purchase_floors":[],"current_hp_per_floor":[54,54,47,32,32,32,38,38,38,29,29,35,35,37,37,0],"gold":204,"neow_bonus":"ONE_RANDOM_RARE_CARD","is_prod":false,"is_daily":false,"chose_seed":false,"campfire_upgraded":4,"win_rate":0,"timestamp":1550541865,"path_taken":["M","?","M","?","M","R","M","R","T","E","?","M","R","?","R","BOSS"],"build_version":"2019-01-23","purchased_purges":0,"victory":false,"max_hp_per_floor":[75,75,75,75,75,75,75,75,75,75,75,75,75,75,75,75],"card_choices":[{"not_picked":["Rebound","Coolheaded"],"picked":"Capacitor","floor":1},{"not_picked":["Redo","Steam"],"picked":"Self Repair","floor":3},{"not_picked":["Streamline","Sweeping Beam"],"picked":"Leap","floor":5},{"not_picked":["Multi-Cast","Go for the Eyes"],"picked":"Coolheaded","floor":7},{"not_picked":["Melter","Rip and Tear"],"picked":"Compile Driver","floor":10},{"not_picked":["Hello World","Stack"],"picked":"BootSequence","floor":12},{"not_picked":["Gash","Turbo"],"picked":"Barrage","floor":14}],"player_experience":793836,"relics_obtained":[{"floor":9,"key":"Dream Catcher"},{"floor":10,"key":"Letter Opener"}],"event_choices":[{"damage_healed":0,"gold_gain":0,"cards_transformed":["Meteor Strike"],"player_choice":"Change","damage_taken":0,"max_hp_gain":0,"max_hp_loss":0,"event_name":"Living Wall","floor":2,"gold_loss":0,"cards_obtained":["Capacitor"]},{"damage_healed":0,"gold_gain":0,"player_choice":"Entered Light","damage_taken":15,"max_hp_gain":0,"max_hp_loss":0,"event_name":"Shining Light","floor":4,"gold_loss":0,"cards_upgraded":["Dualcast","Defend_B"]},{"damage_healed":0,"gold_gain":0,"player_choice":"Bought 1 Potion","damage_taken":0,"max_hp_gain":0,"max_hp_loss":0,"event_name":"The Woman in Blue","floor":11,"gold_loss":0}],"is_beta":false,"boss_relics":[],"items_purged_floors":[],"is_endless":false,"potions_floor_spawned":[3,5,10,12],"killed_by":"Hexaghost","ascension_level":11}