{"gold_per_floor":[119,119,139,157,176,176,204,204,204,204,236,246,246,285,285,411,411,426,426,417,436,535,535,535,535],"floor_reached":25,"playtime":917,"items_purged":[],"score":354,"play_id":"aafcfead-9ed5-43f8-8a7b-101fdfb37ea2","local_time":"20190227201319","is_ascension_mode":true,"campfire_choices":[{"data":"Zap","floor":6,"key":"SMITH"},{"data":"Chaos","floor":8,"key":"SMITH"},{"data":"Conserve Battery","floor":10,"key":"SMITH"},{"floor":15,"key":"REST"},{"floor":23,"key":"REST"}],"neow_cost":"NONE","seed_source_timestamp":663960651405200,"circlet_count":0,"master_deck":["AscendersBane","Strike_B","Strike_B","Strike_B","Defend_B","Defend_B","Defend_B","Defend_B","Zap+1","Dualcast","Compile Driver","Ball Lightning","Conserve Battery+1","Chaos+1","Glacier","Injury","Conserve Battery","Compile Driver","Creative AI","Sweeping Beam","Redo","Leap+1","Fusion"],"relics":["Cracked Core","Centennial Puzzle","Kunai","Anchor","Oddly Smooth Stone","Bloody Idol","Dream Catcher","Inserter"],"potions_floor_usage":[7,7,12,16,25],"damage_taken":[{"damage":5,"enemies":"2 Louse","floor":1,"turns":2},{"damage":0,"enemies":"Cultist","floor":3,"turns":3},{"damage":7,"enemies":"Jaw Worm","floor":4,"turns":3},{"damage":6,"enemies":"Looter","floor":5,"turns":3},{"damage":6,"enemies":"Lagavulin","floor":7,"turns":5},{"damage":5,"enemies":"Gremlin Nob","floor":11,"turns":3},{"damage":0,"enemies":"Red Slaver","floor":12,"turns":2},{"damage":6,"enemies":"Lagavulin","floor":14,"turns":9},{"damage":12,"enemies":"The Guardian","floor":16,"turns":10},{"damage":19,"enemies":"Shell Parasite","floor":18,"turns":9},{"damage":12,"enemies":"2 Thieves","floor":20,"turns":5},{"damage":27,"enemies":"Centurion and Healer","floor":21,"turns":7},{"damage":31,"enemies":"Cultist and Chosen","floor":25,"turns":6}],"seed_played":"4419070529515345747","potions_obtained":[{"floor":0,"key":"EntropicBrew"},{"floor":0,"key":"FocusPotion"},{"floor":11,"key":"PowerPotion"},{"floor":14,"key":"FocusPotion"}],"is_trial":false,"path_per_floor":["M","?","M","M","M","R","E","R","T","R","E","M","?","E","R","B",null,"M","?","M","M","?","R","?","M"],"character_chosen":"DEFECT","items_purchased":[],"campfire_rested":2,"item_purchase_floors":[],"current_hp_per_floor":[63,63,63,56,50,50,44,44,44,44,39,39,39,33,55,43,67,48,48,36,9,9,31,31,0],"gold":535,"neow_bonus":"THREE_SMALL_POTIONS","is_prod":false,"is_daily":false,"chose_seed":false,"campfire_upgraded":3,"win_rate":0,"timestamp":1551294799,"path_taken":["M","?","M","M","M","R","E","R","T","R","E","?","?","E","R","BOSS","M","?","?","M","?","R","?","M"],"build_version":"2019-01-23","purchased_purges":0,"victory":false,"max_hp_per_floor":[75,75,75,75,75,75,75,75,75,75,75,75,75,75,75,75,75,75,75,75,75,75,75,75,75],"card_choices":[{"not_picked":["Compile Driver","Beam Cell"],"picked":"Gash","floor":1},{"not_picked":["Sweeping Beam","Reprogram"],"picked":"Compile Driver","floor":3},{"not_picked":["Steam","Go for the Eyes"],"picked":"Ball Lightning","floor":4},{"not_picked":["Leap","Thunder Strike"],"picked":"Conserve Battery","floor":5},{"not_picked":["Beam Cell","Reinforced Body"],"picked":"Chaos","floor":7},{"not_picked":["Rebound","Force Field","Turbo"],"picked":"SKIP","floor":11},{"not_picked":["Stack","Steam"],"picked":"Glacier","floor":12},{"not_picked":["Redo","Compile Driver"],"picked":"Conserve Battery","floor":14},{"not_picked":["Rebound","Reprogram"],"picked":"Compile Driver","floor":15},{"not_picked":["Multi-Cast","All For One"],"picked":"Creative AI","floor":16},{"not_picked":["Go for the Eyes","Redo"],"picked":"Sweeping Beam","floor":18},{"not_picked":["Tempest","Sweeping Beam"],"picked":"Redo","floor":20},{"not_picked":["Aggregate","Storm"],"picked":"Leap+1","floor":21},{"not_picked":["Leap","Compile Driver"],"picked":"Fusion","floor":23}],"player_experience":874005,"relics_obtained":[{"floor":7,"key":"Kunai"},{"floor":9,"key":"Anchor"},{"floor":11,"key":"Oddly Smooth Stone"},{"floor":14,"key":"Dream Catcher"}],"event_choices":[{"cards_removed":["Gash"],"damage_healed":0,"gold_gain":0,"player_choice":"Gave Card","damage_taken":0,"relics_obtained":["Centennial Puzzle"],"max_hp_gain":0,"max_hp_loss":0,"event_name":"WeMeetAgain","floor":2,"gold_loss":0},{"damage_healed":0,"gold_gain":0,"player_choice":"Take Wound","damage_taken":0,"relics_obtained":["Golden Idol"],"max_hp_gain":0,"max_hp_loss":0,"event_name":"Golden Idol","floor":13,"gold_loss":0,"cards_obtained":["Injury"]},{"cards_removed":["Strike_B"],"damage_healed":0,"gold_gain":0,"player_choice":"Card Removal","damage_taken":0,"max_hp_gain":0,"max_hp_loss":0,"event_name":"Wheel of Change","floor":19,"gold_loss":0},{"damage_healed":0,"gold_gain":99,"player_choice":"Stole From Cult","damage_taken":0,"max_hp_gain":0,"max_hp_loss":0,"event_name":"Nest","floor":22,"gold_loss":0},{"damage_healed":0,"gold_gain":0,"player_choice":"Gave Idol","damage_taken":0,"relics_obtained":["Bloody Idol"],"max_hp_gain":0,"max_hp_loss":0,"event_name":"Forgotten Altar","floor":24,"relics_lost":["Golden Idol"],"gold_loss":0}],"is_beta":false,"boss_relics":[{"not_picked":["Lizard Tail","Runic Dome"],"picked":"Inserter"}],"items_purged_floors":[],"is_endless":false,"potions_floor_spawned":[4,5,11,14],"killed_by":"Cultist and Chosen","ascension_level":12}