{"gold_per_floor":[117,134,134,134,59,59,90,113,113,113,148,72,72],"floor_reached":13,"playtime":581,"items_purged":["Strike_G"],"score":116,"play_id":"3d3708ca-52d9-4760-aa2c-6af4f98ab408","local_time":"20190608230923","is_ascension_mode":false,"campfire_choices":[{"floor":6,"key":"REST"},{"data":"Catalyst","floor":10,"key":"SMITH"}],"neow_cost":"NONE","seed_source_timestamp":1317368686103416,"circlet_count":0,"master_deck":["Defend_G+1","Defend_G","Defend_G","Defend_G","Defend_G+1","Strike_G","Strike_G","Strike_G","Strike_G","Survivor","Neutralize","Backflip","Catalyst+1","Backflip","Leg Sweep"],"relics":["Ring of the Snake","NeowsBlessing","Golden Idol","Question Card","Smiling Mask","War Paint","Snake Skull"],"potions_floor_usage":[],"damage_taken":[{"damage":0,"enemies":"2 Louse","floor":1,"turns":1},{"damage":0,"enemies":"Jaw Worm","floor":2,"turns":1},{"damage":0,"enemies":"Lagavulin","floor":7,"turns":1},{"damage":0,"enemies":"Cultist","floor":8,"turns":5},{"damage":56,"enemies":"3 Sentries","floor":11,"turns":24},{"damage":12,"enemies":"Exordium Thugs","floor":13,"turns":4}],"seed_played":"-6717154651903901337","potions_obtained":[{"floor":1,"key":"Dexterity Potion"},{"floor":2,"key":"Ancient Potion"}],"is_trial":false,"path_per_floor":["M","M","?","?","$","R","E","M","T","R","E","$","M"],"character_chosen":"THE_SILENT","items_purchased":["Leg Sweep"],"campfire_rested":1,"item_purchase_floors":[12],"current_hp_per_floor":[70,70,53,46,46,67,67,67,67,67,11,11,0],"gold":72,"neow_bonus":"THREE_ENEMY_KILL","is_prod":false,"is_daily":false,"chose_seed":false,"campfire_upgraded":1,"win_rate":0,"timestamp":1560049763,"path_taken":["M","M","?","?","$","R","E","M","T","R","E","?","?"],"build_version":"2019-01-23","purchased_purges":1,"victory":false,"max_hp_per_floor":[70,70,70,70,70,70,70,70,70,70,70,70,70],"card_choices":[{"not_picked":["Footwork","Prepared","Expertise"],"picked":"SKIP","floor":1},{"not_picked":["Accuracy","Underhanded Strike","Expertise"],"picked":"SKIP","floor":2},{"not_picked":["Leg Sweep","Underhanded Strike","Riddle With Holes"],"picked":"Backflip","floor":7},{"not_picked":["Flying Knee","Riddle With Holes","Prepared"],"picked":"Catalyst","floor":8},{"not_picked":["Slice","All Out Attack","Deflect"],"picked":"Backflip","floor":11}],"player_experience":173726,"relics_obtained":[{"floor":7,"key":"Smiling Mask"},{"floor":9,"key":"War Paint"},{"floor":11,"key":"Snake Skull"}],"event_choices":[{"damage_healed":0,"gold_gain":0,"player_choice":"Take Damage","damage_taken":17,"relics_obtained":["Golden Idol"],"max_hp_gain":0,"max_hp_loss":0,"event_name":"Golden Idol","floor":3,"gold_loss":0},{"damage_healed":0,"gold_gain":0,"player_choice":"Success","damage_taken":7,"relics_obtained":["Question Card"],"max_hp_gain":0,"max_hp_loss":0,"event_name":"Scrap Ooze","floor":4,"gold_loss":0}],"is_beta":false,"boss_relics":[],"items_purged_floors":[5],"is_endless":false,"potions_floor_spawned":[1,2],"killed_by":"Exordium Thugs","ascension_level":0}