{"gold_per_floor":[110,110,36,186,111,111,70,103,103,130,130,164,164,181,181,258,258,272,283,296,296,296,296,309,14,14,14,25,25,35,115,115,115],"floor_reached":33,"playtime":1066,"items_purged":["Strike_R"],"score":591,"play_id":"93f88b0f-7c38-4b95-8c04-bbb1f5fbba6d","local_time":"20181023105143","is_ascension_mode":true,"campfire_choices":[{"data":"Flame Barrier","floor":6,"key":"SMITH"},{"data":"Uppercut","floor":13,"key":"SMITH"},{"data":"Inflame","floor":15,"key":"SMITH"},{"data":"J.A.X.","floor":23,"key":"SMITH"},{"floor":29,"key":"REST"},{"data":"Fiend Fire","floor":32,"key":"SMITH"}],"neow_cost":"NONE","seed_source_timestamp":111012059259848,"circlet_count":0,"master_deck":["Strike_R","Strike_R","Strike_R","Strike_R+1","Defend_R","Defend_R+1","Defend_R","Defend_R","Bash+1","AscendersBane","Inflame+1","Flame Barrier+1","Uppercut+1","Thunderclap","Clothesline","Infernal Blade","Reaper","Armaments","True Grit","Heavy Blade+1","J.A.X.+1","Infernal Blade","Fiend Fire+1","Sword Boomerang","Normality"],"relics":["Burning Blood","NeowsBlessing","Orichalcum","Gremlin Horn","Boot","Paper Frog","Cursed Key","Self Forming Clay"],"potions_floor_usage":[16,19,33],"damage_taken":[{"damage":0,"enemies":"Small Slimes","floor":1,"turns":1},{"damage":0,"enemies":"3 Sentries","floor":8,"turns":2},{"damage":0,"enemies":"Gremlin Nob","floor":10,"turns":1},{"damage":21,"enemies":"Lagavulin","floor":12,"turns":7},{"damage":0,"enemies":"2 Louse","floor":14,"turns":2},{"damage":14,"enemies":"Hexaghost","floor":16,"turns":7},{"damage":13,"enemies":"Shell Parasite","floor":18,"turns":4},{"damage":17,"enemies":"3 Byrds","floor":19,"turns":4},{"damage":7,"enemies":"Snecko","floor":20,"turns":4},{"damage":27,"enemies":"Sentry and Sphere","floor":24,"turns":5},{"damage":29,"enemies":"Shelled Parasite and Fungi","floor":28,"turns":4},{"damage":15,"enemies":"Cultist and Chosen","floor":30,"turns":4},{"damage":68,"enemies":"Automaton","floor":33,"turns":6}],"seed_played":"3312090704654239098","potions_obtained":[{"floor":1,"key":"GamblersBrew"},{"floor":10,"key":"AttackPotion"},{"floor":18,"key":"Explosive Potion"},{"floor":28,"key":"Explosive Potion"}],"is_trial":false,"path_per_floor":["M","?","$","?","?","R","$","E","T","E","?","E","R","M","R","B",null,"M","M","M","?","T","R","M","$","T","$","M","R","M","T","R"],"character_chosen":"IRONCLAD","items_purchased":["Flame Barrier","Uppercut","Fiend Fire","Strength Potion"],"campfire_rested":1,"item_purchase_floors":[3,7,25,25],"current_hp_per_floor":[74,74,74,74,74,74,74,75,75,75,52,37,37,43,43,35,65,70,59,58,58,58,58,37,37,37,37,14,36,37,37,37,0],"gold":115,"neow_bonus":"THREE_ENEMY_KILL","is_prod":false,"is_daily":false,"chose_seed":false,"campfire_upgraded":5,"win_rate":0,"timestamp":1540288303,"path_taken":["M","?","$","?","?","R","$","E","T","E","?","E","R","M","R","BOSS","M","M","M","?","?","R","M","?","T","$","M","R","M","?","R","BOSS"],"build_version":"2018-10-18","purchased_purges":1,"victory":false,"max_hp_per_floor":[75,75,75,75,75,75,75,75,75,75,75,75,75,75,75,75,75,75,75,75,75,75,75,75,75,75,75,75,75,75,75,75,75],"card_choices":[{"not_picked":["Bloodletting","Heavy Blade"],"picked":"Inflame","floor":1},{"not_picked":["Armaments","Second Wind","Flex"],"picked":"SKIP","floor":8},{"not_picked":["Wild Strike","Fire Breathing"],"picked":"Thunderclap","floor":10},{"not_picked":["Warcry","Exhume"],"picked":"Clothesline","floor":12},{"not_picked":["Rage","Heavy Blade"],"picked":"Infernal Blade","floor":14},{"not_picked":["Impervious","Dark Embrace"],"picked":"Reaper","floor":16},{"not_picked":["Iron Wave","Clash"],"picked":"Armaments","floor":18},{"not_picked":["Iron Wave","Havoc"],"picked":"True Grit","floor":19},{"not_picked":["Dropkick","Clash"],"picked":"Heavy Blade+1","floor":20},{"not_picked":["Iron Wave","Flex"],"picked":"Infernal Blade","floor":24},{"not_picked":["Iron Wave","Wild Strike"],"picked":"Sword Boomerang","floor":28},{"not_picked":["Clash","Warcry","True Grit"],"picked":"SKIP","floor":30}],"player_experience":905661,"relics_obtained":[{"floor":8,"key":"Orichalcum"},{"floor":9,"key":"Gremlin Horn"},{"floor":10,"key":"Boot"},{"floor":12,"key":"Paper Frog"},{"floor":31,"key":"Self Forming Clay"}],"event_choices":[{"damage_healed":0,"gold_gain":0,"player_choice":"Grow","damage_taken":0,"max_hp_gain":0,"max_hp_loss":0,"event_name":"Living Wall","floor":2,"gold_loss":0,"cards_upgraded":["Bash"]},{"damage_healed":0,"gold_gain":150,"player_choice":"AGREE","damage_taken":0,"max_hp_gain":0,"max_hp_loss":0,"event_name":"Liars Game","floor":4,"gold_loss":0,"cards_obtained":["Doubt"]},{"cards_removed":["Doubt"],"damage_healed":0,"gold_gain":0,"player_choice":"Card Removal","damage_taken":0,"max_hp_gain":0,"max_hp_loss":0,"event_name":"The Cleric","floor":5,"gold_loss":75},{"damage_healed":0,"gold_gain":0,"player_choice":"Entered Light","damage_taken":23,"max_hp_gain":0,"max_hp_loss":0,"event_name":"Shining Light","floor":11,"gold_loss":0,"cards_upgraded":["Strike_R","Defend_R"]},{"damage_healed":0,"gold_gain":0,"player_choice":"Obtain J.A.X.","damage_taken":0,"max_hp_gain":0,"max_hp_loss":0,"event_name":"Drug Dealer","floor":21,"gold_loss":0,"cards_obtained":["J.A.X."]}],"is_beta":false,"boss_relics":[{"not_picked":["Sozu","Calling Bell"],"picked":"Cursed Key"}],"items_purged_floors":[25],"is_endless":false,"potions_floor_spawned":[1,10,18,28,30],"killed_by":"Automaton","ascension_level":18}