{"gold_per_floor":[109,123,123,140,150,150,184,184,209,222,240,257,285,285,285,360,360,374,389,389],"floor_reached":20,"playtime":1041,"items_purged":[],"score":357,"play_id":"a572cd52-0467-4009-a1b5-cd281d4f3c95","local_time":"20190815023515","is_ascension_mode":true,"campfire_choices":[{"data":"Double Tap","floor":6,"key":"SMITH"},{"data":"True Grit","floor":8,"key":"SMITH"},{"data":"Whirlwind","floor":15,"key":"SMITH"}],"neow_cost":"NONE","seed_source_timestamp":77069894782500,"circlet_count":0,"master_deck":["AscendersBane","Strike_R","Strike_R","Strike_R","Defend_R","Defend_R","Defend_R","Defend_R","Bash","True Grit+1","Anger","Double Tap+1","Anger","Headbutt","Rampage","Fiend Fire","Whirlwind+1","Headbutt","Rampage","Demon Form","Power Through","Spot Weakness"],"relics":["Burning Blood","Bag of Marbles","Dream Catcher","Potion Belt","Happy Flower","Empty Cage"],"potions_floor_usage":[5,16,16,18,19],"damage_taken":[{"damage":11,"enemies":"Small Slimes","floor":1,"turns":4},{"damage":0,"enemies":"Cultist","floor":2,"turns":3},{"damage":7,"enemies":"Jaw Worm","floor":4,"turns":2},{"damage":22,"enemies":"Gremlin Gang","floor":5,"turns":4},{"damage":25,"enemies":"3 Sentries","floor":7,"turns":9},{"damage":3,"enemies":"2 Fungi Beasts","floor":10,"turns":3},{"damage":0,"enemies":"Large Slime","floor":11,"turns":4},{"damage":8,"enemies":"Blue Slaver","floor":12,"turns":3},{"damage":8,"enemies":"Gremlin Nob","floor":13,"turns":3},{"damage":64,"enemies":"The Guardian","floor":16,"turns":9},{"damage":27,"enemies":"Spheric Guardian","floor":18,"turns":4},{"damage":39,"enemies":"Shell Parasite","floor":19,"turns":4},{"damage":17,"enemies":"Cultist and Chosen","floor":20,"turns":3}],"seed_played":"610517939392810873","potions_obtained":[{"floor":4,"key":"LiquidBronze"},{"floor":5,"key":"Strength Potion"},{"floor":7,"key":"Dexterity Potion"},{"floor":12,"key":"Explosive Potion"},{"floor":16,"key":"Energy Potion"}],"is_trial":false,"path_per_floor":["M","M","?","M","M","R","E","R","T","M","M","M","E","?","R","B",null,"M","M","M"],"character_chosen":"IRONCLAD","items_purchased":[],"campfire_rested":0,"item_purchase_floors":[],"current_hp_per_floor":[63,69,69,68,52,52,33,33,33,36,42,40,38,75,75,17,61,40,7,0],"gold":389,"neow_bonus":"RANDOM_COMMON_RELIC","is_prod":false,"is_daily":false,"chose_seed":false,"campfire_upgraded":3,"win_rate":0,"timestamp":1565829315,"path_taken":["M","M","?","?","M","R","E","R","T","M","M","?","E","?","R","BOSS","M","M","?"],"build_version":"2019-07-17","purchased_purges":0,"victory":false,"max_hp_per_floor":[75,75,75,75,75,75,75,75,75,75,75,75,75,75,75,75,75,75,75,75],"card_choices":[{"not_picked":["Clothesline","Wild Strike"],"picked":"True Grit","floor":1},{"not_picked":["Inflame","Clothesline"],"picked":"Anger","floor":2},{"not_picked":["Power Through","Iron Wave"],"picked":"Anger","floor":4},{"not_picked":["Wild Strike","Body Slam"],"picked":"Headbutt","floor":5},{"not_picked":["Clothesline","Flex"],"picked":"Rampage","floor":7},{"not_picked":["Bloodletting","Cleave"],"picked":"Fiend Fire","floor":10},{"not_picked":["Shockwave","Headbutt"],"picked":"Whirlwind","floor":11},{"not_picked":["Heavy Blade","Clothesline"],"picked":"Headbutt","floor":12},{"not_picked":["Shockwave","Thunderclap"],"picked":"Rampage","floor":13},{"not_picked":["Limit Break","Immolate"],"picked":"Demon Form","floor":16},{"not_picked":["Combust","Blood for Blood"],"picked":"Power Through","floor":18},{"not_picked":["True Grit","Burning Pact+1"],"picked":"Spot Weakness","floor":19}],"player_experience":1905689,"relics_obtained":[{"floor":7,"key":"Dream Catcher"},{"floor":9,"key":"Potion Belt"},{"floor":13,"key":"Happy Flower"}],"event_choices":[{"damage_healed":0,"gold_gain":0,"player_choice":"1 cards matched","damage_taken":0,"max_hp_gain":0,"max_hp_loss":0,"event_name":"Match and Keep!","floor":3,"gold_loss":0,"cards_obtained":["Double Tap"]},{"damage_healed":37,"gold_gain":0,"player_choice":"Full Heal","damage_taken":0,"max_hp_gain":0,"max_hp_loss":0,"event_name":"Wheel of Change","floor":14,"gold_loss":0}],"is_beta":false,"boss_relics":[{"not_picked":["Velvet Choker","Black Blood"],"picked":"Empty Cage"}],"items_purged_floors":[],"is_endless":false,"potions_floor_spawned":[4,5,7,12,16],"killed_by":"Cultist and Chosen","ascension_level":18}