{"gold_per_floor":[116,126,19,19,30,30,43,57,57,84,84,9,9,22,22,125,125,135,145,165,165],"floor_reached":21,"playtime":20686,"items_purged":["Strike_B"],"score":284,"play_id":"3e5c0d0a-a1d0-485f-b477-3a369a5dc74b","local_time":"20180908175146","is_ascension_mode":true,"campfire_choices":[{"data":"Zap","floor":6,"key":"SMITH"},{"floor":11,"key":"REST"},{"floor":15,"key":"REST"}],"neow_cost":"TEN_PERCENT_HP_LOSS","seed_source_timestamp":1819515099323898,"circlet_count":0,"master_deck":["Strike_B","Strike_B","Defend_B","Defend_B","Defend_B","Defend_B","Zap+1","Dualcast","AscendersBane","All For One","Compile Driver","Capacitor","Discovery+1","Gash","Sweeping Beam","Beam Cell","Cold Snap","Amplify","Barrage","Multi-Cast","Hologram+1","Turbo","Doom and Gloom+1"],"relics":["Cracked Core","Pear","Vajra","Runic Pyramid"],"potions_floor_usage":[10,10,16,16],"damage_taken":[{"damage":1,"enemies":"Cultist","floor":1,"turns":3},{"damage":0,"enemies":"Small Slimes","floor":2,"turns":3},{"damage":11,"enemies":"2 Louse","floor":5,"turns":4},{"damage":1,"enemies":"2 Fungi Beasts","floor":7,"turns":3},{"damage":13,"enemies":"Lots of Slimes","floor":8,"turns":3},{"damage":15,"enemies":"Lagavulin","floor":10,"turns":4},{"damage":11,"enemies":"Looter","floor":14,"turns":2},{"damage":35,"enemies":"Hexaghost","floor":16,"turns":9},{"damage":12,"enemies":"3 Byrds","floor":18,"turns":3},{"damage":16,"enemies":"Chosen","floor":19,"turns":5},{"damage":25,"enemies":"Shelled Parasite and Fungi","floor":20,"turns":4},{"damage":19,"enemies":"Snake Plant","floor":21,"turns":1}],"seed_played":"-5428889782531192290","potions_obtained":[{"floor":1,"key":"SteroidPotion"},{"floor":8,"key":"Ancient Potion"},{"floor":10,"key":"AttackPotion"},{"floor":14,"key":"SkillPotion"}],"is_trial":false,"path_per_floor":["M","M","$","?","M","R","M","M","T","E","R","$","?","M","R","B",null,"M","M","M"],"character_chosen":"DEFECT","items_purchased":["Discovery"],"campfire_rested":2,"item_purchase_floors":[3],"current_hp_per_floor":[67,67,67,67,56,56,55,42,52,37,60,60,60,49,72,37,68,56,40,15,0],"gold":165,"neow_bonus":"THREE_RARE_CARDS","is_prod":false,"is_daily":false,"chose_seed":false,"campfire_upgraded":1,"win_rate":0,"timestamp":1536425506,"path_taken":["M","?","?","?","M","R","M","M","T","E","R","$","?","M","R","BOSS","M","?","?","M"],"build_version":"2018-09-06","purchased_purges":1,"victory":false,"max_hp_per_floor":[68,68,68,68,68,68,68,68,78,78,78,78,78,78,78,78,78,78,78,78,78],"card_choices":[{"not_picked":["Fission","Multi-Cast"],"picked":"All For One","floor":0},{"not_picked":["Auto Shields","Capacitor"],"picked":"Compile Driver","floor":1},{"not_picked":["Auto Shields","Conserve Battery"],"picked":"Capacitor","floor":2},{"not_picked":["Steam","Barrage"],"picked":"Gash","floor":5},{"not_picked":["Reinforced Body","Streamline"],"picked":"Sweeping Beam","floor":7},{"not_picked":["Streamline","Fusion"],"picked":"Beam Cell","floor":8},{"not_picked":["Self Repair","Skim"],"picked":"Cold Snap","floor":10},{"not_picked":["Darkness","Compile Driver"],"picked":"Barrage","floor":14},{"not_picked":["Biased Cognition","Meteor Strike"],"picked":"Multi-Cast","floor":16},{"not_picked":["Gash","Ball Lightning"],"picked":"Hologram+1","floor":18},{"not_picked":["Rebound","Coolheaded"],"picked":"Turbo","floor":19},{"not_picked":["Redo+1","Skim+1"],"picked":"Doom and Gloom+1","floor":20}],"player_experience":675062,"relics_obtained":[{"floor":9,"key":"Pear"},{"floor":10,"key":"Vajra"}],"event_choices":[{"event_name":"Upgrade Shrine","player_choice":"Upgraded","floor":4,"damage_taken":0},{"event_name":"Transmorgrifier","player_choice":"Transform","floor":13,"damage_taken":0}],"is_beta":false,"boss_relics":[{"not_picked":["Runic Dome","Calling Bell"],"picked":"Runic Pyramid"}],"items_purged_floors":[12],"is_endless":false,"potions_floor_spawned":[1,8,10,14],"killed_by":"Snake Plant","ascension_level":11}