{"gold_per_floor":[118,43,43,53,73,73,105,105,105,105,58,17,17,33,33,133,133,147,147,167,185,46,72,72,72,144,144,157,171,186,206,206,206],"floor_reached":33,"playtime":744,"items_purged":[],"score":267,"play_id":"cd4b9e35-0a76-4dad-9d02-76be6f466ef5","local_time":"20190905135848","is_ascension_mode":false,"campfire_choices":[{"data":"Carnage","floor":6,"key":"SMITH"},{"data":"Uppercut","floor":8,"key":"SMITH"},{"data":"Carnage","floor":10,"key":"SMITH"},{"floor":15,"key":"REST"},{"floor":25,"key":"REST"},{"floor":32,"key":"REST"}],"neow_cost":"NONE","seed_source_timestamp":504741275722743,"circlet_count":0,"master_deck":["Strike_R+1","Strike_R+1","Strike_R+1","Strike_R+1","Strike_R+1","Defend_R+1","Defend_R+1","Defend_R+1","Defend_R+1","Bash+1","Carnage+1","Carnage+1","Uppercut+1","Flex","Demon Form","Battle Trance","Inflame+1","Headbutt","Impervious","Spot Weakness","Double Tap","Anger"],"relics":["Burning Blood","NeowsBlessing","Darkstone Periapt","Whetstone","Velvet Choker","Potion Belt","Gremlin Horn","MutagenicStrength"],"potions_floor_usage":[16],"damage_taken":[{"damage":0,"enemies":"2 Louse","floor":1,"turns":1},{"damage":0,"enemies":"Jaw Worm","floor":4,"turns":1},{"damage":0,"enemies":"Small Slimes","floor":5,"turns":1},{"damage":36,"enemies":"Lagavulin","floor":7,"turns":5},{"damage":26,"enemies":"3 Louse","floor":14,"turns":3},{"damage":22,"enemies":"Slime Boss","floor":16,"turns":6},{"damage":10,"enemies":"2 Thieves","floor":18,"turns":3},{"damage":42,"enemies":"3 Byrds","floor":20,"turns":5},{"damage":6,"enemies":"Snecko","floor":21,"turns":3},{"damage":15,"enemies":"Gremlin Leader","floor":23,"turns":8},{"damage":12,"enemies":"Centurion and Healer","floor":28,"turns":4},{"damage":21,"enemies":"Snake Plant","floor":29,"turns":3},{"damage":0,"enemies":"Snecko","floor":30,"turns":3},{"damage":22,"enemies":"Chosen and Byrds","floor":31,"turns":4},{"damage":80,"enemies":"Champ","floor":33,"turns":6}],"seed_played":"8470170368816929916","potions_obtained":[{"floor":7,"key":"Fire Potion"},{"floor":16,"key":"FairyPotion"},{"floor":20,"key":"Block Potion"},{"floor":28,"key":"Fire Potion"},{"floor":30,"key":"SpeedPotion"}],"is_trial":false,"path_per_floor":["M","$","?","M","M","R","E","R","T","R","$","?","?","M","R","B",null,"M","?","M","M","$","E","?","R","T","?","M","M","M","M","R","B"],"character_chosen":"IRONCLAD","items_purchased":["Carnage","Flex","Impervious"],"campfire_rested":3,"item_purchase_floors":[2,11,22],"current_hp_per_floor":[80,80,80,80,80,80,50,50,50,50,50,50,50,30,54,38,80,76,76,40,40,40,31,31,55,55,55,49,34,40,24,48,0],"gold":206,"neow_bonus":"THREE_ENEMY_KILL","is_prod":false,"is_daily":false,"chose_seed":false,"campfire_upgraded":3,"win_rate":0,"timestamp":1567706328,"path_taken":["M","$","?","M","M","R","E","R","T","R","$","?","?","M","R","BOSS","M","?","M","M","$","E","?","R","T","?","?","M","M","M","R","BOSS"],"build_version":"2019-07-17","purchased_purges":0,"victory":false,"max_hp_per_floor":[80,80,80,80,80,80,80,80,80,80,80,80,80,80,80,80,80,80,80,80,80,80,80,80,80,80,80,80,80,80,80,80,80],"card_choices":[{"not_picked":["Anger","Havoc"],"picked":"Carnage","floor":1},{"not_picked":["Armaments","Warcry","Clash"],"picked":"SKIP","floor":4},{"not_picked":["Entrench","Iron Wave","Clash"],"picked":"SKIP","floor":5},{"not_picked":["Corruption","Iron Wave"],"picked":"Uppercut","floor":7},{"not_picked":["Hemokinesis","Reckless Charge","Clash"],"picked":"SKIP","floor":14},{"not_picked":["Brutality","Exhume"],"picked":"Demon Form","floor":16},{"not_picked":["Disarm","Clash+1"],"picked":"Battle Trance","floor":18},{"not_picked":["Clash","Havoc"],"picked":"Inflame+1","floor":20},{"not_picked":["Clothesline","True Grit"],"picked":"Headbutt","floor":21},{"not_picked":["Pommel Strike","Thunderclap"],"picked":"Spot Weakness","floor":23},{"not_picked":["Sentinel","Cleave","Thunderclap"],"picked":"SKIP","floor":28},{"not_picked":["Perfected Strike","Warcry"],"picked":"Double Tap","floor":29},{"not_picked":["Entrench+1","Flame Barrier"],"picked":"Anger","floor":30},{"not_picked":["Dropkick","Hemokinesis","Headbutt"],"picked":"SKIP","floor":31}],"player_experience":344060,"relics_obtained":[{"floor":7,"key":"Darkstone Periapt"},{"floor":9,"key":"Whetstone"},{"floor":23,"key":"Potion Belt"},{"floor":26,"key":"Gremlin Horn"}],"event_choices":[{"damage_healed":0,"gold_gain":0,"player_choice":"Ignored","damage_taken":0,"max_hp_gain":0,"max_hp_loss":0,"event_name":"Golden Idol","floor":3,"gold_loss":0},{"damage_healed":0,"gold_gain":0,"player_choice":"Left Gold","damage_taken":0,"max_hp_gain":0,"max_hp_loss":0,"event_name":"World of Goop","floor":12,"gold_loss":41},{"damage_healed":0,"gold_gain":0,"player_choice":"Ignored","damage_taken":0,"max_hp_gain":0,"max_hp_loss":0,"event_name":"Liars Game","floor":13,"gold_loss":0},{"damage_healed":0,"gold_gain":0,"player_choice":"Ignored","damage_taken":0,"max_hp_gain":0,"max_hp_loss":0,"event_name":"Ghosts","floor":19,"gold_loss":0},{"damage_healed":0,"gold_gain":0,"player_choice":"Simplicity","damage_taken":0,"max_hp_gain":0,"max_hp_loss":0,"event_name":"Back to Basics","floor":24,"gold_loss":0,"cards_upgraded":["Strike_R","Strike_R","Strike_R","Strike_R","Defend_R","Defend_R","Defend_R","Defend_R"]},{"damage_healed":0,"gold_gain":0,"player_choice":"Inject Mutagens","damage_taken":0,"relics_obtained":["MutagenicStrength"],"max_hp_gain":0,"max_hp_loss":0,"event_name":"Drug Dealer","floor":27,"gold_loss":0}],"is_beta":false,"boss_relics":[{"not_picked":["Lizard Tail","Calling Bell"],"picked":"Velvet Choker"}],"items_purged_floors":[],"is_endless":false,"potions_floor_spawned":[7,16,20,28,30],"killed_by":"Champ","ascension_level":0}