{"gold_per_floor":[116,116,116,41,41,41,56,56,56,91,106,106,106,139,139,215,215,233,12,24,36,56,56,67,67,67,166,166,166,166,15,15,93,93,112,112,112,112,128,128,147,147,194,294,294,62,62,72,72,72],"floor_reached":51,"playtime":2003,"items_purged":["Strike_R","Headbutt","Rampage+1"],"score":1287,"play_id":"a8ffa628-2400-4916-be60-6b6898bebcfe","local_time":"20190925001054","is_ascension_mode":true,"campfire_choices":[{"data":"Body Slam","floor":6.0,"key":"SMITH"},{"data":"Bash","floor":8.0,"key":"SMITH"},{"floor":12.0,"key":"REST"},{"data":"Pommel Strike","floor":15.0,"key":"SMITH"},{"data":"Rage","floor":23.0,"key":"SMITH"},{"data":"Whirlwind","floor":25.0,"key":"SMITH"},{"data":"Shrug It Off","floor":28.0,"key":"SMITH"},{"data":"Rampage","floor":32,"key":"SMITH"},{"data":"Barricade","floor":40,"key":"SMITH"},{"data":"Disarm","floor":45,"key":"SMITH"},{"data":"Entrench","floor":47,"key":"SMITH"},{"data":"Battle Trance","floor":49,"key":"SMITH"}],"neow_cost":"NONE","seed_source_timestamp":658372226137306,"circlet_count":0,"master_deck":["AscendersBane","Bash+1","Body Slam+1","Pommel Strike+1","Reaper","Shrug It Off+1","Rage+1","Whirlwind+1","Ghostly Armor","Barricade+1","Disarm+1","Entrench+1","Battle Trance+1"],"special_seed":0,"relics":["Burning Blood","Juzu Bracelet","Singing Bowl","Dodecahedron","Blue Candle","Art of War","Pandora\u0027s Box","Mummified Hand","MutagenicStrength","Sozu","Pantograph","Pen Nib","Pocketwatch"],"potions_floor_usage":[33,50,50],"damage_taken":[{"damage":0.0,"enemies":"Small Slimes","floor":1.0,"turns":3.0},{"damage":2.0,"enemies":"Jaw Worm","floor":7.0,"turns":3.0},{"damage":40.0,"enemies":"Lagavulin","floor":10.0,"turns":7.0},{"damage":5.0,"enemies":"2 Louse","floor":11.0,"turns":3.0},{"damage":32.0,"enemies":"Gremlin Nob","floor":14.0,"turns":4.0},{"damage":47.0,"enemies":"Slime Boss","floor":16.0,"turns":11.0},{"damage":33.0,"enemies":"Spheric Guardian","floor":18.0,"turns":4.0},{"damage":0.0,"enemies":"3 Byrds","floor":20.0,"turns":7.0},{"damage":11.0,"enemies":"Centurion and Healer","floor":21.0,"turns":6.0},{"damage":13.0,"enemies":"Cultist and Chosen","floor":22.0,"turns":7.0},{"damage":8.0,"enemies":"Snake Plant","floor":24.0,"turns":4.0},{"damage":51,"enemies":"Champ","floor":33,"turns":8},{"damage":16,"enemies":"Orb Walker","floor":35,"turns":3},{"damage":2,"enemies":"3 Darklings","floor":39,"turns":5},{"damage":5,"enemies":"Maw","floor":41,"turns":5},{"damage":0,"enemies":"Mind Bloom Boss Battle","floor":44,"turns":4},{"damage":0,"enemies":"Writhing Mass","floor":48,"turns":6},{"damage":0,"enemies":"Awakened One","floor":50,"turns":5}],"seed_played":"6589530190608006911","potions_obtained":[{"floor":1.0,"key":"SkillPotion"},{"floor":11.0,"key":"PowerPotion"},{"floor":16.0,"key":"Dexterity Potion"},{"floor":33,"key":"PowerPotion"}],"is_trial":false,"path_per_floor":["M","?","T","$","?","R","M","R","T","E","M","R","?","E","R","B",null,"M","$","M","M","M","R","M","R","T","?","R","$","?","$","R","B",null,"M","$","?","T","M","R","M","?","T","?","R","$","R","M","R","B",null],"character_chosen":"IRONCLAD","items_purchased":["Shrug It Off","Rage","Ghostly Armor","Rampage","Entrench","Battle Trance"],"campfire_rested":1,"item_purchase_floors":[19,19,31,31,46,46],"current_hp_per_floor":[78,71,71,71,71,71,77,77,77,45,48,73,78,52,52,11,71,46,46,60,67,70,70,72,72,72,72,72,72,72,72,72,33,83,81,81,81,81,95,95,102,100,100,100,100,100,100,102,102,102],"gold":72,"neow_bonus":"RANDOM_COMMON_RELIC","is_prod":false,"is_daily":false,"chose_seed":false,"campfire_upgraded":11,"win_rate":0,"timestamp":1569395454,"path_taken":["M","?","?","$","?","R","M","R","T","E","M","R","?","E","R","BOSS","M","$","M","M","M","R","M","R","T","?","R","$","?","$","R","BOSS","M","$","?","?","M","R","M","?","T","?","R","$","R","M","R","BOSS"],"build_version":"2019-07-17","purchased_purges":3,"victory":true,"max_hp_per_floor":[80,80,80,80,80,80,82,82,82,84,86,86,91,91,91,91,91,93,93,95,97,99,99,99,99,99,99,99,99,99,99,99,99,99,101,101,101,101,103,103,105,100,100,100,100,100,100,102,102,102],"card_choices":[{"not_picked":["Ghostly Armor","Anger"],"picked":"Headbutt","floor":1.0},{"not_picked":["Sword Boomerang","Body Slam","Pommel Strike"],"picked":"Singing Bowl","floor":7.0},{"not_picked":["Thunderclap","Burning Pact","Body Slam"],"picked":"Singing Bowl","floor":10.0},{"not_picked":["Anger","Clash","Havoc"],"picked":"Singing Bowl","floor":11.0},{"not_picked":["Perfected Strike","Immolate"],"picked":"Pommel Strike","floor":14.0},{"not_picked":["Brutality","Exhume"],"picked":"Reaper","floor":16.0},{"not_picked":["Wild Strike","Anger","Clothesline"],"picked":"Singing Bowl","floor":18.0},{"not_picked":["Feel No Pain","Body Slam","Havoc"],"picked":"Singing Bowl","floor":20.0},{"not_picked":["Reckless Charge+1","Iron Wave","Burning Pact"],"picked":"Singing Bowl","floor":21.0},{"not_picked":["Sentinel","Iron Wave","Reckless Charge+1"],"picked":"Singing Bowl","floor":22.0},{"not_picked":["Reaper","Cleave"],"picked":"Whirlwind","floor":24.0},{"not_picked":["Berserk","Impervious"],"picked":"Barricade","floor":33},{"not_picked":["Flex","Twin Strike+1","Wild Strike+1"],"picked":"Singing Bowl","floor":35},{"not_picked":["Wild Strike","Body Slam","Sword Boomerang"],"picked":"Singing Bowl","floor":39},{"not_picked":["Bloodletting","Twin Strike","Blood for Blood+1"],"picked":"Singing Bowl","floor":41},{"not_picked":["Flex","Heavy Blade+1"],"picked":"Disarm","floor":44},{"not_picked":["Sever Soul","Headbutt","Body Slam"],"picked":"Singing Bowl","floor":48}],"player_experience":229634,"relics_obtained":[{"floor":3.0,"key":"Singing Bowl"},{"floor":9.0,"key":"Dodecahedron"},{"floor":10.0,"key":"Blue Candle"},{"floor":14.0,"key":"Art of War"},{"floor":26.0,"key":"Mummified Hand"},{"floor":38,"key":"Pantograph"},{"floor":43,"key":"Pen Nib"},{"floor":44,"key":"Pocketwatch"}],"event_choices":[{"cards_removed":["Strike_R"],"damage_healed":0.0,"max_hp_gain":0.0,"max_hp_loss":0.0,"gold_gain":0.0,"event_name":"Golden Wing","player_choice":"Card Removal","floor":2.0,"gold_loss":0.0,"damage_taken":7.0},{"damage_healed":0.0,"max_hp_gain":0.0,"max_hp_loss":0.0,"gold_gain":0.0,"cards_transformed":["Strike_R"],"event_name":"Transmorgrifier","player_choice":"Transformed","floor":5.0,"gold_loss":0.0,"damage_taken":0.0,"cards_obtained":["Body Slam"]},{"damage_healed":0.0,"max_hp_gain":5.0,"max_hp_loss":0.0,"gold_gain":0.0,"event_name":"Big Fish","player_choice":"Donut","floor":13.0,"gold_loss":0.0,"damage_taken":0.0},{"damage_healed":0.0,"max_hp_gain":0.0,"max_hp_loss":0.0,"gold_gain":99.0,"event_name":"Nest","player_choice":"Stole From Cult","floor":27.0,"gold_loss":0.0,"damage_taken":0.0},{"damage_healed":0,"gold_gain":0,"player_choice":"Inject Mutagens","damage_taken":0,"relics_obtained":["MutagenicStrength"],"max_hp_gain":0,"max_hp_loss":0,"event_name":"Drug Dealer","floor":30,"gold_loss":0},{"damage_healed":0,"gold_gain":0,"player_choice":"Ignored","damage_taken":0,"max_hp_gain":0,"max_hp_loss":0,"event_name":"Mysterious Sphere","floor":37,"gold_loss":0},{"damage_healed":0,"gold_gain":0,"player_choice":"Max HP","damage_taken":0,"max_hp_gain":0,"max_hp_loss":5,"event_name":"Winding Halls","floor":42,"gold_loss":0},{"damage_healed":0,"gold_gain":0,"player_choice":"Fight","damage_taken":0,"max_hp_gain":0,"max_hp_loss":0,"event_name":"MindBloom","floor":44,"gold_loss":0}],"is_beta":false,"boss_relics":[{"not_picked":["Astrolabe","Mark of Pain"],"picked":"Pandora\u0027s Box"},{"not_picked":["Lizard Tail","Eternal Feather"],"picked":"Sozu"}],"items_purged_floors":[4,19,46],"is_endless":false,"potions_floor_spawned":[1,11,16,21,33,35,39,44],"ascension_level":13}