{"gold_per_floor":[109,109,109,109,109,109,129,129,177,177,47,122,122,20,20,20],"floor_reached":16,"playtime":500,"items_purged":[],"score":122,"play_id":"2ef89dfa-0134-43f1-b652-4f6a46d0d0f3","local_time":"20180905212236","is_ascension_mode":true,"campfire_choices":[{"data":"Defend_B","floor":6,"key":"PURGE"},{"data":"1","floor":8,"key":"LIFT"},{"data":"2","floor":10,"key":"LIFT"},{"floor":13,"key":"REST"},{"data":"3","floor":15,"key":"LIFT"}],"neow_cost":"TEN_PERCENT_HP_LOSS","seed_source_timestamp":1593137190250858,"circlet_count":0,"master_deck":["Strike_B","Strike_B","Defend_B","Defend_B","Defend_B","Zap","Dualcast","Chill","Hologram","All For One","PanicButton"],"relics":["Cracked Core","Girya","Golden Idol","Peace Pipe","Regal Pillow"],"potions_floor_usage":[16,16],"damage_taken":[{"damage":0,"enemies":"Small Slimes","floor":1,"turns":3},{"damage":0,"enemies":"Jaw Worm","floor":7,"turns":4},{"damage":70,"enemies":"Hexaghost","floor":16,"turns":12}],"seed_played":"1024050152882261320","potions_obtained":[{"floor":1,"key":"FairyPotion"},{"floor":7,"key":"SteroidPotion"}],"is_trial":false,"path_per_floor":["M","?","?","?","?","R","M","R","T","R","$","?","R","$","R"],"character_chosen":"DEFECT","items_purchased":["All For One","Block Potion","PanicButton"],"campfire_rested":1,"item_purchase_floors":[11,11,14],"current_hp_per_floor":[68,51,44,44,44,44,44,44,44,44,44,33,68,68,68,0],"gold":20,"neow_bonus":"ONE_RARE_RELIC","is_prod":false,"is_daily":false,"chose_seed":false,"campfire_upgraded":0,"win_rate":0,"timestamp":1536178956,"path_taken":["M","?","?","?","?","R","M","R","T","R","$","?","R","$","R","BOSS"],"build_version":"2018-08-30","purchased_purges":0,"victory":false,"max_hp_per_floor":[68,68,68,68,68,68,68,68,68,68,68,68,68,68,68,68],"card_choices":[{"not_picked":["Recycle","Compile Driver"],"picked":"Chill","floor":1},{"not_picked":["Tempest","Leap"],"picked":"Hologram","floor":7}],"player_experience":641458,"relics_obtained":[{"floor":9,"key":"Regal Pillow"}],"event_choices":[{"event_name":"Golden Idol","player_choice":"Take Damage","floor":2,"damage_taken":0},{"event_name":"Golden Wing","player_choice":"Card Removal","floor":3,"damage_taken":0},{"event_name":"WeMeetAgain","player_choice":"Potion","floor":4,"damage_taken":0},{"event_name":"Living Wall","player_choice":"Forget","floor":5,"damage_taken":0},{"event_name":"World of Goop","player_choice":"Gather Gold","floor":12,"damage_taken":0}],"is_beta":false,"boss_relics":[],"items_purged_floors":[],"is_endless":false,"potions_floor_spawned":[1,7],"killed_by":"Hexaghost","ascension_level":9}