{"gold_per_floor":[111,23,41,51,69,94,94,105,151,151,151,161,171,3,3,78,78,92,92,108,158,177,177,177],"floor_reached":24,"playtime":996,"items_purged":[],"score":425,"play_id":"8bc16c16-3bd4-4804-afac-42c928b5fdb4","local_time":"20190118002456","is_ascension_mode":true,"campfire_choices":[{"floor":7.0,"key":"REST"},{"floor":10.0,"key":"REST"},{"data":"Footwork","floor":15.0,"key":"SMITH"},{"floor":23,"key":"REST"}],"neow_cost":"NONE","seed_source_timestamp":711426127799396,"circlet_count":0,"master_deck":["AscendersBane","Defend_G","Defend_G","Defend_G","Defend_G","Survivor","Neutralize","Riddle With Holes+1","Concentrate+1","Escape Plan+1","Quick Slash","Footwork+1","Deadly Poison","Dagger Spray","Deadly Poison","Tools of the Trade","Deadly Poison","Backflip","Burst","Bouncing Flask","Bite","Bite","Bite","Bite","Bite","Backflip","Well Laid Plans"],"special_seed":0,"relics":["Astrolabe","Dodecahedron","Oddly Smooth Stone","Vajra","Snecko Eye"],"potions_floor_usage":[22],"damage_taken":[{"damage":0.0,"enemies":"2 Louse","floor":1.0,"turns":3.0},{"damage":2.0,"enemies":"Jaw Worm","floor":3.0,"turns":3.0},{"damage":1.0,"enemies":"Cultist","floor":4.0,"turns":5.0},{"damage":0.0,"enemies":"3 Louse","floor":5.0,"turns":2.0},{"damage":48.0,"enemies":"3 Sentries","floor":6.0,"turns":11.0},{"damage":5.0,"enemies":"Exordium Wildlife","floor":8.0,"turns":3.0},{"damage":18.0,"enemies":"Exordium Thugs","floor":12.0,"turns":5.0},{"damage":5.0,"enemies":"Large Slime","floor":13.0,"turns":5.0},{"damage":21.0,"enemies":"Hexaghost","floor":16.0,"turns":9.0},{"damage":6.0,"enemies":"3 Byrds","floor":18.0,"turns":4.0},{"damage":31.0,"enemies":"2 Thieves","floor":20.0,"turns":5.0},{"damage":27,"enemies":"Shelled Parasite and Fungi","floor":22,"turns":5},{"damage":34,"enemies":"Book of Stabbing","floor":24,"turns":2}],"seed_played":"-5524570266630881983","potions_obtained":[{"floor":1.0,"key":"Swift Potion"},{"floor":8.0,"key":"Dexterity Potion"},{"floor":12.0,"key":"SneckoOil"},{"floor":20.0,"key":"Regen Potion"}],"is_trial":false,"path_per_floor":["M","$","M","M","M","E","R","M","T","R","?","M","M","$","R","B",null,"M","?","M","?","M","R","E"],"character_chosen":"THE_SILENT","items_purchased":["Footwork","Vajra"],"campfire_rested":3,"item_purchase_floors":[2,14],"current_hp_per_floor":[59,59,57,56,56,8,27,22,22,41,46,28,23,23,23,2,54,48,48,24,20,14,28,0],"gold":177,"neow_bonus":"BOSS_RELIC","is_prod":false,"is_daily":false,"chose_seed":false,"campfire_upgraded":1,"win_rate":0,"timestamp":1547767496,"path_taken":["M","$","M","M","M","E","R","M","T","R","?","M","M","$","R","BOSS","M","?","M","?","?","R","E"],"build_version":"2019-01-10","purchased_purges":0,"victory":false,"max_hp_per_floor":[66,66,66,66,66,66,66,66,66,66,71,71,71,71,71,71,71,71,49,49,49,49,49,49],"card_choices":[{"not_picked":["Infinite Blades","Dodge and Roll"],"picked":"Quick Slash","floor":1.0},{"not_picked":["Deflect","Expertise"],"picked":"Deadly Poison","floor":3.0},{"not_picked":["Endless Agony","Slice"],"picked":"Dagger Spray","floor":4.0},{"not_picked":["Eviscerate","Accuracy","Slice"],"picked":"SKIP","floor":5.0},{"not_picked":["Dagger Throw","Slice"],"picked":"Deadly Poison","floor":6.0},{"not_picked":["Heel Hook","Acrobatics"],"picked":"Tools of the Trade","floor":8.0},{"not_picked":["Outmaneuver","Accuracy"],"picked":"Deadly Poison","floor":12.0},{"not_picked":["Dagger Throw","Quick Slash"],"picked":"Backflip","floor":13.0},{"not_picked":["Doppelganger","Night Terror"],"picked":"Burst","floor":16.0},{"not_picked":["Prepared+1","Distraction"],"picked":"Bouncing Flask","floor":18.0},{"not_picked":["Underhanded Strike","Quick Slash"],"picked":"Backflip","floor":20.0},{"not_picked":["Backstab","Acrobatics+1"],"picked":"Well Laid Plans","floor":22}],"player_experience":606919,"relics_obtained":[{"floor":6.0,"key":"Dodecahedron"},{"floor":9.0,"key":"Oddly Smooth Stone"}],"event_choices":[{"damage_healed":0.0,"max_hp_gain":5.0,"max_hp_loss":0.0,"gold_gain":0.0,"event_name":"Big Fish","player_choice":"Donut","floor":11.0,"gold_loss":0.0,"damage_taken":0.0},{"damage_healed":0.0,"max_hp_gain":0.0,"max_hp_loss":22.0,"gold_gain":0.0,"event_name":"Vampires","player_choice":"Became a vampire","floor":19.0,"gold_loss":0.0,"damage_taken":0.0,"cards_obtained":["Bite","Bite","Bite","Bite","Bite"]},{"damage_healed":0,"gold_gain":50,"player_choice":"Touch","damage_taken":4,"max_hp_gain":0,"max_hp_loss":0,"event_name":"FaceTrader","floor":21,"gold_loss":0}],"is_beta":false,"boss_relics":[{"not_picked":["Philosopher\u0027s Stone","Coffee Dripper"],"picked":"Snecko Eye"}],"items_purged_floors":[],"is_endless":false,"potions_floor_spawned":[1,8,12,16,20],"killed_by":"Book of Stabbing","ascension_level":20}