{"gold_per_floor":[110,11,26,26,26,54,54,71,153,153,173,187,199,199,199,300,300,210,221,78,98,109,109,120,120,120,20,35,35,54,64,64,162,162,172,190,190,16,16,16,31,31,109,109,125,137,182,194,194,194],"floor_reached":51,"playtime":4587,"items_purged":["Zap","Dualcast","Strike_B"],"score":1017,"play_id":"61723743-6b68-4d35-bf4e-41f2f6b90620","local_time":"20190420223934","is_ascension_mode":true,"campfire_choices":[{"data":"Coolheaded","floor":7.0,"key":"SMITH"},{"data":"Coolheaded","floor":10.0,"key":"SMITH"},{"data":"Turbo","floor":15.0,"key":"SMITH"},{"data":"Barrage","floor":23.0,"key":"SMITH"},{"data":"Defragment","floor":25.0,"key":"SMITH"},{"data":"Buffer","floor":32.0,"key":"SMITH"},{"data":"Coolheaded","floor":40.0,"key":"SMITH"},{"data":"Seek","floor":42.0,"key":"SMITH"},{"data":"Echo Form","floor":44.0,"key":"SMITH"},{"data":"Reprogram","floor":49,"key":"SMITH"}],"neow_cost":"NONE","seed_source_timestamp":945966406561643,"circlet_count":0,"master_deck":["AscendersBane","Strike_B","Defend_B","Defend_B","Defend_B","Turbo+1","Coolheaded+1","Capacitor+1","Steam","Skim","Coolheaded+1","Self Repair","Go for the Eyes","Seek+1","Defragment+1","Coolheaded+1","Barrage+1","Turbo","Chill+1","Buffer+1","Hologram+1","Chill+1","Reprogram+1","Echo Form+1","Hologram+1","Madness","Madness"],"special_seed":0,"relics":["Cracked Core","NeowsBlessing","Oddly Smooth Stone","Gremlin Horn","Orrery","FossilizedHelix","Calling Bell","Juzu Bracelet","Meat on the Bone","Shovel","Bottled Lightning","StoneCalendar"],"potions_floor_usage":[47,48,48,50],"damage_taken":[{"damage":0.0,"enemies":"Cultist","floor":1.0,"turns":1.0},{"damage":0.0,"enemies":"Jaw Worm","floor":3.0,"turns":1.0},{"damage":0.0,"enemies":"Gremlin Nob","floor":6.0,"turns":1.0},{"damage":0.0,"enemies":"2 Louse","floor":8.0,"turns":2.0},{"damage":0.0,"enemies":"Lots of Slimes","floor":11.0,"turns":5.0},{"damage":0.0,"enemies":"2 Fungi Beasts","floor":12.0,"turns":2.0},{"damage":0.0,"enemies":"Large Slime","floor":13.0,"turns":6.0},{"damage":16.0,"enemies":"The Guardian","floor":16.0,"turns":17.0},{"damage":20.0,"enemies":"2 Thieves","floor":18.0,"turns":5.0},{"damage":25.0,"enemies":"Chosen","floor":19.0,"turns":7.0},{"damage":9.0,"enemies":"Snake Plant","floor":21.0,"turns":10.0},{"damage":5.0,"enemies":"Centurion and Healer","floor":22.0,"turns":11.0},{"damage":8.0,"enemies":"3 Cultists","floor":24.0,"turns":6.0},{"damage":0.0,"enemies":"Chosen and Byrds","floor":28.0,"turns":11.0},{"damage":6.0,"enemies":"Snake Plant","floor":30.0,"turns":6.0},{"damage":0.0,"enemies":"Cultist and Chosen","floor":31.0,"turns":15.0},{"damage":0.0,"enemies":"Champ","floor":33.0,"turns":21.0},{"damage":13.0,"enemies":"3 Darklings","floor":35.0,"turns":9.0},{"damage":2.0,"enemies":"Orb Walker","floor":36.0,"turns":6.0},{"damage":0.0,"enemies":"Spire Growth","floor":41.0,"turns":7.0},{"damage":0,"enemies":"Jaw Worm Horde","floor":45,"turns":6},{"damage":0,"enemies":"4 Shapes","floor":46,"turns":10},{"damage":27,"enemies":"2 Orb Walkers","floor":47,"turns":8},{"damage":0,"enemies":"Transient","floor":48,"turns":5},{"damage":12,"enemies":"Donu and Deca","floor":50,"turns":11}],"seed_played":"766799245397795949","potions_obtained":[{"floor":3.0,"key":"FocusPotion"},{"floor":8.0,"key":"Fire Potion"},{"floor":13.0,"key":"Swift Potion"},{"floor":19.0,"key":"Weak Potion"},{"floor":21.0,"key":"FocusPotion"},{"floor":24.0,"key":"SteroidPotion"},{"floor":35.0,"key":"Strength Potion"},{"floor":45,"key":"Explosive Potion"},{"floor":46,"key":"Block Potion"},{"floor":47,"key":"Explosive Potion"}],"is_trial":false,"path_per_floor":["M","$","M","?","?","E","R","M","T","R","M","M","M","?","R","B",null,"M","M","$","M","M","R","M","R","T","$","M","?","M","M","R","B",null,"M","M","?","$","?","R","M","R","T","R","M","M","?","M","R","B",null],"character_chosen":"DEFECT","items_purchased":["Coolheaded","Capacitor","Buffer","Swift Potion"],"campfire_rested":0,"item_purchase_floors":[2,2,20,38],"current_hp_per_floor":[68,68,68,68,68,68,68,68,68,68,68,68,75,75,75,66,73,53,35,35,33,35,35,34,34,34,34,41,41,42,49,49,56,70,64,75,75,75,66,66,75,75,75,75,75,75,55,69,69,64],"gold":194,"neow_bonus":"THREE_ENEMY_KILL","is_prod":false,"is_daily":false,"chose_seed":false,"campfire_upgraded":10,"win_rate":0,"timestamp":1555825174,"path_taken":["M","?","M","?","?","E","R","M","T","R","M","M","?","?","R","BOSS","M","M","?","M","M","R","M","R","T","$","M","?","?","M","R","BOSS","M","M","?","$","?","R","M","R","T","R","M","M","?","M","R","BOSS"],"build_version":"2019-01-23","purchased_purges":3,"victory":true,"max_hp_per_floor":[75,75,75,75,75,75,75,75,75,75,75,75,75,75,75,75,75,75,75,75,75,75,75,75,75,75,75,75,75,75,75,75,75,75,75,75,75,75,75,75,75,75,75,75,75,75,75,75,75,75],"card_choices":[{"not_picked":["Streamline","Capacitor"],"picked":"Turbo","floor":1.0},{"not_picked":["Darkness","Melter"],"picked":"Steam","floor":3.0},{"not_picked":["Heatsinks","Cold Snap","Beam Cell"],"picked":"SKIP","floor":6.0},{"not_picked":["Turbo","Rebound"],"picked":"Coolheaded","floor":8.0},{"not_picked":["Skim","Stack","Hello World"],"picked":"SKIP","floor":11.0},{"not_picked":["Chaos","Tempest"],"picked":"Self Repair","floor":12.0},{"not_picked":["Melter","Compile Driver"],"picked":"Go for the Eyes","floor":13.0},{"not_picked":["Electrodynamics","Meteor Strike"],"picked":"Seek","floor":16.0},{"not_picked":["Gash","Turbo"],"picked":"Defragment","floor":17.0},{"not_picked":["Darkness","Self Repair"],"picked":"Coolheaded","floor":17.0},{"not_picked":["Sweeping Beam","Coolheaded"],"picked":"Barrage","floor":17.0},{"not_picked":["Multi-Cast","Reinforced Body"],"picked":"Turbo","floor":17.0},{"not_picked":["Streamline","Redo","White Noise"],"picked":"SKIP","floor":18.0},{"not_picked":["Storm","Force Field"],"picked":"Chill+1","floor":19.0},{"not_picked":["Skim+1","Compile Driver"],"picked":"Hologram+1","floor":21.0},{"not_picked":["Conserve Battery+1","Sweeping Beam","Static Discharge"],"picked":"SKIP","floor":22.0},{"not_picked":["Loop","Heatsinks"],"picked":"Chill+1","floor":24.0},{"not_picked":["Reprogram","Heatsinks","Cold Snap"],"picked":"SKIP","floor":28.0},{"not_picked":["Heatsinks","Cold Snap"],"picked":"Reprogram","floor":28.0},{"not_picked":["Fusion+1","Go for the Eyes","Stack"],"picked":"SKIP","floor":30.0},{"not_picked":["Rip and Tear","Rebound","Storm"],"picked":"SKIP","floor":31.0},{"not_picked":["Buffer","Fission"],"picked":"Echo Form","floor":33.0},{"not_picked":["Redo+1","Turbo"],"picked":"Hologram+1","floor":35.0},{"not_picked":["Sunder","Conserve Battery","Go for the Eyes"],"picked":"SKIP","floor":36.0},{"not_picked":["Genetic Algorithm+1","Gash+1","Conserve Battery"],"picked":"SKIP","floor":41.0},{"not_picked":["Redo+1","Machine Learning","Steam+1"],"picked":"SKIP","floor":45},{"not_picked":["Rebound+1","Steam+1","Genetic Algorithm+1"],"picked":"SKIP","floor":46},{"not_picked":["Rebound","Double Energy+1","Gash+1"],"picked":"SKIP","floor":48}],"player_experience":110760,"relics_obtained":[{"floor":6.0,"key":"Oddly Smooth Stone"},{"floor":9.0,"key":"Gremlin Horn"},{"floor":26.0,"key":"FossilizedHelix"},{"floor":34.0,"key":"Juzu Bracelet"},{"floor":34.0,"key":"Meat on the Bone"},{"floor":34.0,"key":"Shovel"},{"floor":43.0,"key":"Bottled Lightning"},{"floor":47,"key":"StoneCalendar"}],"event_choices":[{"cards_removed":["Strike_B"],"damage_healed":0.0,"max_hp_gain":0.0,"max_hp_loss":0.0,"gold_gain":0.0,"event_name":"Living Wall","player_choice":"Forget","floor":4.0,"gold_loss":0.0,"damage_taken":0.0},{"damage_healed":0.0,"max_hp_gain":0.0,"max_hp_loss":0.0,"gold_gain":0.0,"cards_transformed":["Strike_B"],"event_name":"Transmorgrifier","player_choice":"Transformed","floor":5.0,"gold_loss":0.0,"damage_taken":0.0,"cards_obtained":["Skim"]},{"cards_removed":["Defend_B"],"damage_healed":0.0,"max_hp_gain":0.0,"max_hp_loss":0.0,"gold_gain":0.0,"event_name":"Bonfire Elementals","player_choice":"Offered Basic","floor":14.0,"gold_loss":0.0,"damage_taken":0.0},{"damage_healed":0.0,"max_hp_gain":0.0,"max_hp_loss":0.0,"gold_gain":0.0,"event_name":"Upgrade Shrine","player_choice":"Upgraded","floor":29.0,"gold_loss":0.0,"damage_taken":0.0,"cards_upgraded":["Capacitor"]},{"damage_healed":0.0,"max_hp_gain":0.0,"max_hp_loss":0.0,"gold_gain":0.0,"event_name":"Tomb of Lord Red Mask","player_choice":"Ignored","floor":37.0,"gold_loss":0.0,"damage_taken":0.0},{"damage_healed":0.0,"max_hp_gain":0.0,"max_hp_loss":0.0,"gold_gain":0.0,"event_name":"Winding Halls","player_choice":"Embrace Madness","floor":39.0,"gold_loss":0.0,"damage_taken":9.0,"cards_obtained":["Madness","Madness"]},{"damage_healed":0,"gold_gain":0,"player_choice":"Fight","damage_taken":0,"max_hp_gain":0,"max_hp_loss":0,"event_name":"Mysterious Sphere","floor":47,"gold_loss":0}],"is_beta":false,"boss_relics":[{"not_picked":["FrozenCore","Philosopher\u0027s Stone"],"picked":"Orrery"},{"not_picked":["Velvet Choker","Tiny House"],"picked":"Calling Bell"}],"items_purged_floors":[20,27,38],"is_endless":false,"potions_floor_spawned":[3,8,13,19,21,24,28,35,45,46,47],"ascension_level":10}