{"gold_per_floor":[113,113,113,126,146,146,172,172,195,195,228,228,246,257,257,335,335,346,346,363,363,24,51,51,67,67,87,4,4,16,30,30,30],"floor_reached":33,"playtime":1112,"items_purged":["Strike_G"],"score":544,"play_id":"aec7613e-f820-4f6f-b645-016fbd9dd6f9","local_time":"20190620110819","is_ascension_mode":true,"campfire_choices":[{"data":"Skewer","floor":6,"key":"SMITH"},{"data":"Crippling Poison","floor":10,"key":"SMITH"},{"data":"Deflect","floor":12,"key":"SMITH"},{"floor":15,"key":"REST"},{"floor":24,"key":"REST"},{"floor":29,"key":"REST"},{"floor":32,"key":"REST"}],"neow_cost":"NONE","seed_source_timestamp":211678381844000,"circlet_count":0,"master_deck":["AscendersBane","Defend_G","Defend_G","Defend_G","Defend_G","Defend_G","Strike_G","Strike_G","Survivor+1","Neutralize+1","Dagger Spray+1","Deflect+1","Skewer+1","Crippling Poison+1","Dodge and Roll","Predator","Quick Slash","A Thousand Cuts","Dash+1","Distraction","Storm of Steel","Backflip","Noxious Fumes","Flying Knee","Blur","Tactician+1","Bane","Endless Agony","Choke","Prepared"],"relics":["Ring of the Serpent","NeowsBlessing","PreservedInsect","Anchor","Mummified Hand","Vajra","The Specimen","Turnip"],"potions_floor_usage":[16,16,18,27,33],"damage_taken":[{"damage":0,"enemies":"2 Louse","floor":1,"turns":1},{"damage":0,"enemies":"Small Slimes","floor":4,"turns":1},{"damage":0,"enemies":"Cultist","floor":5,"turns":1},{"damage":33,"enemies":"Gremlin Nob","floor":7,"turns":5},{"damage":0,"enemies":"3 Sentries","floor":11,"turns":5},{"damage":0,"enemies":"Blue Slaver","floor":13,"turns":3},{"damage":0,"enemies":"3 Louse","floor":14,"turns":2},{"damage":37,"enemies":"Slime Boss","floor":16,"turns":8},{"damage":5,"enemies":"Chosen","floor":18,"turns":4},{"damage":0,"enemies":"3 Byrds","floor":20,"turns":5},{"damage":37,"enemies":"Gremlin Leader","floor":23,"turns":7},{"damage":11,"enemies":"Centurion and Healer","floor":25,"turns":7},{"damage":10,"enemies":"3 Cultists","floor":27,"turns":5},{"damage":15,"enemies":"Sentry and Sphere","floor":30,"turns":6},{"damage":8,"enemies":"Chosen and Byrds","floor":31,"turns":5},{"damage":25,"enemies":"Champ","floor":33,"turns":5}],"seed_played":"-8830820076097540100","potions_obtained":[{"floor":11,"key":"Fire Potion"},{"floor":14,"key":"LiquidBronze"},{"floor":16,"key":"EssenceOfSteel"},{"floor":25,"key":"GamblersBrew"},{"floor":27,"key":"Strength Potion"}],"is_trial":false,"path_per_floor":["M","?","?","M","M","R","E","?","T","R","E","R","M","M","R","B",null,"M","?","M","?","$","E","R","M","T","M","$","R","M","M","R","B"],"character_chosen":"THE_SILENT","items_purchased":["Vajra","Noxious Fumes","Flying Knee","Endless Agony"],"campfire_rested":4,"item_purchase_floors":[22,22,22,28],"current_hp_per_floor":[59,39,39,39,39,39,6,28,28,28,28,28,28,28,47,10,52,47,47,47,47,47,10,29,18,18,8,8,27,12,4,23,0],"gold":30,"neow_bonus":"THREE_ENEMY_KILL","is_prod":false,"is_daily":false,"chose_seed":false,"campfire_upgraded":3,"win_rate":0,"timestamp":1561021699,"path_taken":["M","?","?","?","M","R","E","?","T","R","E","R","M","M","R","BOSS","M","?","M","?","$","E","R","M","T","?","?","R","M","M","R","BOSS"],"build_version":"2019-01-23","purchased_purges":1,"victory":false,"max_hp_per_floor":[66,66,66,66,66,66,66,66,66,66,66,66,66,66,66,66,66,66,66,66,66,66,66,66,66,66,66,66,66,66,66,66,66],"card_choices":[{"not_picked":["Flying Knee","Slice"],"picked":"Dagger Spray","floor":1},{"not_picked":["Sucker Punch","Slice"],"picked":"Deflect","floor":4},{"not_picked":["Bane","Outmaneuver"],"picked":"Skewer","floor":5},{"not_picked":["Poisoned Stab","Infinite Blades"],"picked":"Crippling Poison","floor":7},{"not_picked":["Setup","Sucker Punch"],"picked":"Dodge and Roll","floor":11},{"not_picked":["Flechettes","Dodge and Roll"],"picked":"Predator","floor":13},{"not_picked":["Dagger Spray","Underhanded Strike"],"picked":"Quick Slash","floor":14},{"not_picked":["Phantasmal Killer","Unload"],"picked":"A Thousand Cuts","floor":16},{"not_picked":["Cloak And Dagger","Dagger Spray"],"picked":"Dash+1","floor":18},{"not_picked":["Distraction","Acrobatics"],"picked":"Backflip","floor":20},{"not_picked":["Predator","Eviscerate"],"picked":"Blur","floor":23},{"not_picked":["Blade Dance","Dagger Throw"],"picked":"Tactician+1","floor":25},{"not_picked":["Dagger Spray","Setup"],"picked":"Bane","floor":27},{"not_picked":["Crippling Poison","Flying Knee"],"picked":"Choke","floor":30},{"not_picked":["Skewer","Storm of Steel"],"picked":"Prepared","floor":31}],"player_experience":1411788,"relics_obtained":[{"floor":7,"key":"PreservedInsect"},{"floor":9,"key":"Anchor"},{"floor":11,"key":"Mummified Hand"},{"floor":23,"key":"The Specimen"},{"floor":26,"key":"Turnip"}],"event_choices":[{"damage_healed":0,"gold_gain":0,"player_choice":"Entered Light","damage_taken":20,"max_hp_gain":0,"max_hp_loss":0,"event_name":"Shining Light","floor":2,"gold_loss":0,"cards_upgraded":["Dagger Spray","Neutralize"]},{"damage_healed":0,"gold_gain":0,"player_choice":"Upgraded","damage_taken":0,"max_hp_gain":0,"max_hp_loss":0,"event_name":"Upgrade Shrine","floor":3,"gold_loss":0,"cards_upgraded":["Survivor"]},{"damage_healed":22,"gold_gain":0,"player_choice":"Banana","damage_taken":0,"max_hp_gain":0,"max_hp_loss":0,"event_name":"Big Fish","floor":8,"gold_loss":0},{"damage_healed":0,"gold_gain":0,"cards_transformed":["Strike_G","Strike_G"],"player_choice":"Became Test Subject","damage_taken":0,"max_hp_gain":0,"max_hp_loss":0,"event_name":"Drug Dealer","floor":19,"gold_loss":0,"cards_obtained":["Distraction","Storm of Steel"]},{"damage_healed":0,"gold_gain":0,"player_choice":"Ignored","damage_taken":0,"max_hp_gain":0,"max_hp_loss":0,"event_name":"N\u0027loth","floor":21,"gold_loss":0}],"is_beta":false,"boss_relics":[{"not_picked":["Philosopher\u0027s Stone","Black Star"],"picked":"Ring of the Serpent"}],"items_purged_floors":[22],"is_endless":false,"potions_floor_spawned":[11,14,16,25,27],"killed_by":"Champ","ascension_level":16}