{"gold_per_floor":[11,31,49,59,71,100,119,119,142,142,14,344,344,379,379,453,453,453,368,368,368,37,37,37,37,37,37,37,37,37,37,37,37,37,37,37,37,37,37,37,37,37,37,37,37,37,37,37,37,37],"floor_reached":51,"playtime":2534,"items_purged":["Strike_R","Writhe"],"score":1473,"play_id":"9239437c-37d5-4c47-a288-59b5349e36c8","local_time":"20190611024455","is_ascension_mode":true,"campfire_choices":[{"data":"Uppercut","floor":8,"key":"SMITH"},{"data":"Demon Form","floor":10,"key":"SMITH"},{"data":"Shockwave","floor":13,"key":"SMITH"},{"data":"Infernal Blade","floor":15,"key":"SMITH"},{"data":"Armaments","floor":24,"key":"SMITH"},{"floor":27,"key":"REST"},{"floor":32,"key":"REST"},{"data":"Barricade","floor":40,"key":"SMITH"},{"data":"Bludgeon","floor":42,"key":"SMITH"},{"floor":47,"key":"REST"},{"data":"Body Slam","floor":49,"key":"SMITH"}],"neow_cost":"NO_GOLD","seed_source_timestamp":9668487689200,"circlet_count":0,"master_deck":["AscendersBane","Strike_R","Strike_R","Defend_R","Defend_R","Defend_R","Defend_R","Bash","Impervious","Feed","Infernal Blade+1","Iron Wave","Clothesline","Demon Form+1","Anger","Uppercut+1","Anger","Shockwave+1","Anger","Barricade+1","Armaments+1","Headbutt+1","Panache","Shrug It Off","Body Slam+1","Anger","Fire Breathing","Flame Barrier","True Grit+1","Dual Wield+1","Bludgeon+1","Body Slam+1","Madness","Madness","Ghostly Armor+1","Seeing Red+1","Metallicize+1","Shrug It Off+1","Power Through+1"],"relics":["Burning Blood","Bag of Marbles","Boot","Old Coin","Orichalcum","Ectoplasm","Blood Vial","Gremlin Horn","Calipers","Whetstone","Unceasing Top","Letter Opener","Lantern","Sozu","Turnip","Bird Faced Urn","Strawberry","Smiling Mask"],"potions_floor_usage":[16,16,18,29,30,31,37],"damage_taken":[{"damage":16,"enemies":"Jaw Worm","floor":1,"turns":4},{"damage":6,"enemies":"2 Louse","floor":2,"turns":5},{"damage":3,"enemies":"Small Slimes","floor":3,"turns":3},{"damage":2,"enemies":"Exordium Wildlife","floor":4,"turns":6},{"damage":2,"enemies":"Looter","floor":5,"turns":4},{"damage":25,"enemies":"Lagavulin","floor":6,"turns":8},{"damage":13,"enemies":"Blue Slaver","floor":7,"turns":4},{"damage":8,"enemies":"Gremlin Nob","floor":12,"turns":3},{"damage":10,"enemies":"Lagavulin","floor":14,"turns":4},{"damage":0,"enemies":"Slime Boss","floor":16,"turns":5},{"damage":13,"enemies":"Shell Parasite","floor":18,"turns":5},{"damage":27,"enemies":"Spheric Guardian","floor":21,"turns":6},{"damage":31,"enemies":"Slavers","floor":23,"turns":4},{"damage":19,"enemies":"Snake Plant","floor":25,"turns":4},{"damage":1,"enemies":"Centurion and Healer","floor":28,"turns":4},{"damage":22,"enemies":"Colosseum Slavers","floor":29,"turns":5},{"damage":48,"enemies":"Colosseum Nobs","floor":29,"turns":6},{"damage":32,"enemies":"Book of Stabbing","floor":30,"turns":7},{"damage":13,"enemies":"Sentry and Sphere","floor":31,"turns":4},{"damage":29,"enemies":"Champ","floor":33,"turns":13},{"damage":19,"enemies":"Orb Walker","floor":35,"turns":4},{"damage":0,"enemies":"2 Orb Walkers","floor":37,"turns":2},{"damage":2,"enemies":"3 Shapes","floor":39,"turns":7},{"damage":25,"enemies":"Mind Bloom Boss Battle","floor":41,"turns":5},{"damage":27,"enemies":"Nemesis","floor":44,"turns":5},{"damage":28,"enemies":"Writhing Mass","floor":45,"turns":5},{"damage":0,"enemies":"3 Darklings","floor":48,"turns":5},{"damage":20,"enemies":"Time Eater","floor":50,"turns":14}],"seed_played":"3423832129456230980","potions_obtained":[{"floor":1,"key":"PowerPotion"},{"floor":4,"key":"Regen Potion"},{"floor":7,"key":"Energy Potion"},{"floor":16,"key":"PowerPotion"},{"floor":25,"key":"SpeedPotion"},{"floor":28,"key":"Regen Potion"},{"floor":29,"key":"Explosive Potion"},{"floor":33,"key":"SneckoOil"}],"is_trial":false,"path_per_floor":["M","M","M","M","M","E","M","R","T","R","$","E","R","E","R","B",null,"M","?","?","M","$","E","R","M","T","R","M","?","E","M","R","B",null,"M","?","?","?","M","R","?","R","T","E","M","$","R","M","R","B",null],"character_chosen":"IRONCLAD","items_purchased":["Anger","Panache","Shrug It Off"],"campfire_rested":3,"item_purchase_floors":[11,22,22],"current_hp_per_floor":[61,64,70,77,81,65,61,61,61,61,61,59,59,55,55,64,88,81,81,81,62,62,42,42,34,34,64,74,42,22,17,52,31,96,85,64,75,75,81,81,64,64,71,65,51,51,90,104,104,102],"gold":37,"neow_bonus":"TRANSFORM_TWO_CARDS","is_prod":false,"is_daily":false,"chose_seed":false,"campfire_upgraded":8,"win_rate":0,"timestamp":1560213895,"path_taken":["M","M","M","M","M","E","M","R","T","R","$","E","R","E","R","BOSS","M","?","?","M","$","E","R","M","T","R","M","?","E","?","R","BOSS","M","?","?","?","M","R","?","R","T","E","?","?","R","M","R","BOSS"],"build_version":"2019-01-23","purchased_purges":2,"victory":true,"max_hp_per_floor":[78,81,84,87,87,90,93,93,93,93,93,93,93,93,93,96,96,96,96,96,96,96,99,99,102,102,102,105,113,117,117,117,117,117,117,117,120,120,120,120,120,120,127,130,130,130,130,130,130,130],"card_choices":[{"not_picked":["Rage","Thunderclap"],"picked":"Infernal Blade","floor":1},{"not_picked":["Wild Strike","Combust"],"picked":"Headbutt","floor":2},{"not_picked":["Havoc","Twin Strike"],"picked":"Iron Wave","floor":3},{"not_picked":["Power Through","Havoc"],"picked":"Clothesline","floor":4},{"not_picked":["Anger","Flex"],"picked":"Demon Form","floor":5},{"not_picked":["Disarm","Perfected Strike"],"picked":"Anger","floor":6},{"not_picked":["Searing Blow","Blood for Blood"],"picked":"Uppercut","floor":7},{"not_picked":["Shrug It Off","Headbutt"],"picked":"Shockwave","floor":12},{"not_picked":["Cleave","Uppercut"],"picked":"Anger","floor":14},{"not_picked":["Limit Break","Bludgeon"],"picked":"Barricade","floor":16},{"not_picked":["Power Through","Battle Trance"],"picked":"Armaments","floor":18},{"not_picked":["Havoc","Pummel"],"picked":"Headbutt","floor":21},{"not_picked":["Searing Blow","Pommel Strike"],"picked":"Body Slam","floor":23},{"not_picked":["Metallicize","Sever Soul"],"picked":"Anger","floor":25},{"not_picked":["Perfected Strike","Infernal Blade"],"picked":"Fire Breathing","floor":28},{"not_picked":["Body Slam","Rampage"],"picked":"Flame Barrier","floor":29},{"not_picked":["Clash","Rampage"],"picked":"True Grit+1","floor":30},{"not_picked":["Sentinel","Body Slam"],"picked":"Dual Wield+1","floor":31},{"not_picked":["Dark Embrace","Demon Form"],"picked":"Bludgeon","floor":33},{"not_picked":["Twin Strike+1","Clothesline"],"picked":"Body Slam","floor":35},{"not_picked":["Cleave","Sword Boomerang"],"picked":"Ghostly Armor+1","floor":37},{"not_picked":["Flex","Armaments"],"picked":"Seeing Red+1","floor":39},{"not_picked":["Cleave","Flex+1"],"picked":"Metallicize+1","floor":41},{"not_picked":["Iron Wave+1","Hemokinesis+1"],"picked":"Shrug It Off+1","floor":44},{"not_picked":["Carnage","Wild Strike+1","Perfected Strike"],"picked":"SKIP","floor":45},{"not_picked":["Iron Wave","Perfected Strike"],"picked":"Power Through+1","floor":48}],"player_experience":1292969,"relics_obtained":[{"floor":6,"key":"Bag of Marbles"},{"floor":9,"key":"Boot"},{"floor":12,"key":"Old Coin"},{"floor":14,"key":"Orichalcum"},{"floor":23,"key":"Calipers"},{"floor":26,"key":"Whetstone"},{"floor":29,"key":"Unceasing Top"},{"floor":29,"key":"Letter Opener"},{"floor":30,"key":"Lantern"},{"floor":37,"key":"Turnip"},{"floor":41,"key":"Bird Faced Urn"},{"floor":43,"key":"Strawberry"},{"floor":44,"key":"Smiling Mask"}],"event_choices":[{"damage_healed":0,"gold_gain":0,"player_choice":"Obtained Relic","damage_taken":0,"relics_obtained":["Blood Vial"],"max_hp_gain":0,"max_hp_loss":0,"event_name":"Addict","floor":19,"gold_loss":85},{"damage_healed":0,"gold_gain":0,"player_choice":"Opened","damage_taken":0,"relics_obtained":["Gremlin Horn"],"max_hp_gain":0,"max_hp_loss":0,"event_name":"The Mausoleum","floor":20,"gold_loss":0,"cards_obtained":["Writhe"]},{"damage_healed":0,"gold_gain":0,"player_choice":"Fight","damage_taken":0,"max_hp_gain":0,"max_hp_loss":0,"event_name":"Colosseum","floor":29,"gold_loss":0},{"damage_healed":0,"gold_gain":0,"player_choice":"Fought Nobs","damage_taken":0,"max_hp_gain":0,"max_hp_loss":0,"event_name":"Colosseum","floor":29,"gold_loss":0},{"damage_healed":0,"gold_gain":0,"player_choice":"Embrace Madness","damage_taken":21,"max_hp_gain":0,"max_hp_loss":0,"event_name":"Winding Halls","floor":36,"gold_loss":0,"cards_obtained":["Madness","Madness"]},{"damage_healed":0,"gold_gain":0,"player_choice":"Fight","damage_taken":0,"max_hp_gain":0,"max_hp_loss":0,"event_name":"Mysterious Sphere","floor":37,"gold_loss":0},{"cards_removed":["Headbutt"],"damage_healed":0,"gold_gain":0,"player_choice":"Removed Attack","damage_taken":0,"max_hp_gain":0,"max_hp_loss":0,"event_name":"Falling","floor":38,"gold_loss":0},{"damage_healed":0,"gold_gain":0,"player_choice":"Fight","damage_taken":0,"max_hp_gain":0,"max_hp_loss":0,"event_name":"MindBloom","floor":41,"gold_loss":0}],"is_beta":false,"boss_relics":[{"not_picked":["Black Star","White Beast Statue"],"picked":"Ectoplasm"},{"not_picked":["Lizard Tail","Runic Cube"],"picked":"Sozu"}],"items_purged_floors":[11,22],"is_endless":false,"potions_floor_spawned":[1,4,7,14,16,25,28,29,29,33,37,39,45],"ascension_level":16}