{"gold_per_floor":[110,128,141,156,156,191,191,216,263,263,281,281],"floor_reached":12,"playtime":497,"items_purged":[],"score":180,"play_id":"42e1eb90-d0df-4697-b74d-d2d38e7853c3","local_time":"20190504114558","is_ascension_mode":true,"campfire_choices":[{"data":"Creative AI","floor":7.0,"key":"SMITH"},{"floor":10.0,"key":"REST"}],"neow_cost":"NONE","seed_source_timestamp":1876324978976564,"circlet_count":0,"master_deck":["AscendersBane","Strike_B+1","Strike_B","Strike_B","Strike_B","Defend_B","Defend_B","Defend_B","Defend_B","Zap","Dualcast","Beam Cell","Cold Snap","Sweeping Beam+1","Beam Cell","Creative AI+1","Meteor Strike","Leap"],"special_seed":0,"relics":["Runic Pyramid","CultistMask","Happy Flower","Kunai","Whetstone"],"potions_floor_usage":[],"damage_taken":[{"damage":4.0,"enemies":"Small Slimes","floor":1.0,"turns":6.0},{"damage":1.0,"enemies":"Cultist","floor":2.0,"turns":3.0},{"damage":0.0,"enemies":"Jaw Worm","floor":3.0,"turns":4.0},{"damage":2.0,"enemies":"3 Louse","floor":4.0,"turns":2.0},{"damage":17.0,"enemies":"Lagavulin","floor":6.0,"turns":6.0},{"damage":27.0,"enemies":"3 Sentries","floor":8.0,"turns":6.0},{"damage":11.0,"enemies":"Lots of Slimes","floor":11.0,"turns":4.0},{"damage":39,"enemies":"Gremlin Nob","floor":12,"turns":4}],"seed_played":"-6363676083375679375","potions_obtained":[{"floor":6.0,"key":"Dexterity Potion"},{"floor":8.0,"key":"Block Potion"}],"is_trial":false,"path_per_floor":["M","M","M","M","?","E","R","E","T","R","M","E"],"character_chosen":"DEFECT","items_purchased":[],"campfire_rested":1,"item_purchase_floors":[],"current_hp_per_floor":[60,59,59,57,57,40,40,13,13,34,23,0],"gold":281,"neow_bonus":"BOSS_RELIC","is_prod":false,"is_daily":false,"chose_seed":false,"campfire_upgraded":1,"win_rate":0,"timestamp":1556963158,"path_taken":["M","M","M","M","?","E","R","E","T","R","M","E"],"build_version":"2019-01-23","purchased_purges":0,"victory":false,"max_hp_per_floor":[71,71,71,71,71,71,71,71,71,71,71,71],"card_choices":[{"not_picked":["Sweeping Beam","Static Discharge"],"picked":"Beam Cell","floor":1.0},{"not_picked":["Leap","Gash"],"picked":"Cold Snap","floor":2.0},{"not_picked":["Barrage","Darkness"],"picked":"Sweeping Beam","floor":3.0},{"not_picked":["Heatsinks","Streamline"],"picked":"Beam Cell","floor":4.0},{"not_picked":["Capacitor","Doom and Gloom"],"picked":"Creative AI","floor":6.0},{"not_picked":["Redo","Lockon"],"picked":"Meteor Strike","floor":8.0},{"not_picked":["Redo","Undo"],"picked":"Leap","floor":11.0}],"player_experience":781382,"relics_obtained":[{"floor":6.0,"key":"Happy Flower"},{"floor":8.0,"key":"Kunai"},{"floor":9.0,"key":"Whetstone"}],"event_choices":[{"damage_healed":0.0,"max_hp_gain":0.0,"max_hp_loss":0.0,"gold_gain":0.0,"event_name":"FaceTrader","player_choice":"Trade","floor":5.0,"gold_loss":0.0,"damage_taken":0.0,"relics_obtained":["CultistMask"]}],"is_beta":false,"boss_relics":[],"items_purged_floors":[],"is_endless":false,"potions_floor_spawned":[6,8],"killed_by":"Gremlin Nob","ascension_level":20}