{"gold_per_floor":[112,37,51,51,51,51,82,82,82,113,1,1,36,52,52,151,151,169,169,24,299,317,317,331,331,405,405,420,420,345,345,345,345],"floor_reached":33,"playtime":965,"items_purged":["Injury"],"score":497,"play_id":"a2aaa0ce-7f99-4a9f-a1d5-4c47b12a6cc2","local_time":"20190514190750","is_ascension_mode":true,"campfire_choices":[{"data":"Neutralize","floor":6,"key":"SMITH"},{"data":"Dagger Spray","floor":8,"key":"SMITH"},{"data":"Dash","floor":12,"key":"SMITH"},{"floor":15,"key":"REST"},{"floor":23,"key":"REST"},{"data":"Ghostly","floor":25,"key":"SMITH"},{"data":"Footwork","floor":27,"key":"SMITH"},{"floor":29,"key":"REST"},{"floor":32,"key":"REST"}],"neow_cost":"NONE","seed_source_timestamp":71304376889900,"circlet_count":0,"master_deck":["AscendersBane","Survivor","Neutralize+1","Deflect","Dodge and Roll","Dagger Spray+1","Masterful Stab","Dash+1","Bouncing Flask","Bouncing Flask","Well Laid Plans","Glass Knife","Distraction","Envenom","Tactician","Bullet Time","Finisher","Prepared","Footwork+1","Terror+1","Ghostly+1","Ghostly","Ghostly","Noxious Fumes","Riddle With Holes","Masterful Stab","Leg Sweep"],"relics":["Ring of the Snake","NeowsBlessing","Golden Idol","Letter Opener","Mercury Hourglass","Blood Vial","Omamori","Pandora\u0027s Box","Ornamental Fan"],"potions_floor_usage":[16,18,18,24],"damage_taken":[{"damage":0,"enemies":"Jaw Worm","floor":1,"turns":1},{"damage":0,"enemies":"Small Slimes","floor":3,"turns":1},{"damage":0,"enemies":"Gremlin Nob","floor":7,"turns":1},{"damage":1,"enemies":"3 Sentries","floor":10,"turns":4},{"damage":12,"enemies":"Gremlin Nob","floor":13,"turns":4},{"damage":0,"enemies":"2 Louse","floor":14,"turns":2},{"damage":35,"enemies":"Slime Boss","floor":16,"turns":10},{"damage":26,"enemies":"2 Thieves","floor":18,"turns":3},{"damage":16,"enemies":"Chosen","floor":22,"turns":5},{"damage":2,"enemies":"Snecko","floor":24,"turns":4},{"damage":17,"enemies":"Cultist and Chosen","floor":28,"turns":7},{"damage":30,"enemies":"Champ","floor":33,"turns":3}],"seed_played":"-669618672561390927","potions_obtained":[{"floor":1,"key":"LiquidBronze"},{"floor":10,"key":"Swift Potion"},{"floor":16,"key":"AttackPotion"},{"floor":22,"key":"Swift Potion"}],"is_trial":false,"path_per_floor":["M","?","M","?","?","R","E","R","T","E","$","R","E","M","R","B",null,"M","?","$","?","M","R","M","R","T","R","M","R","?","?","R","B"],"character_chosen":"THE_SILENT","items_purchased":["Dash","Bouncing Flask","Noxious Fumes"],"campfire_rested":4,"item_purchase_floors":[11,11,20],"current_hp_per_floor":[59,59,59,39,39,39,39,39,39,38,38,38,28,30,49,16,54,30,30,30,30,16,25,25,25,25,25,10,19,19,19,28,0],"gold":345,"neow_bonus":"THREE_ENEMY_KILL","is_prod":false,"is_daily":false,"chose_seed":false,"campfire_upgraded":5,"win_rate":0,"timestamp":1557853670,"path_taken":["M","?","M","?","?","R","E","R","T","E","$","R","E","M","R","BOSS","M","?","$","?","M","R","M","R","T","R","?","R","?","?","R","BOSS"],"build_version":"2019-01-23","purchased_purges":1,"victory":false,"max_hp_per_floor":[66,66,66,66,66,66,66,66,66,66,66,66,66,66,66,66,66,66,33,33,33,33,33,33,33,33,33,33,33,33,33,33,33],"card_choices":[{"not_picked":["Flechettes","Underhanded Strike"],"picked":"Deflect","floor":1},{"not_picked":["Poisoned Stab","Prepared"],"picked":"Dodge and Roll","floor":3},{"not_picked":["Accuracy","Heel Hook"],"picked":"Dagger Spray","floor":7},{"not_picked":["Tactician","All Out Attack"],"picked":"Masterful Stab","floor":10},{"not_picked":["Quick Slash","Terror"],"picked":"Bouncing Flask","floor":13},{"not_picked":["Dash","Bouncing Flask"],"picked":"Well Laid Plans","floor":14},{"not_picked":["Die Die Die","Night Terror"],"picked":"Glass Knife","floor":16},{"not_picked":["Prepared+1","Finisher"],"picked":"Terror+1","floor":18},{"not_picked":["Setup","Deflect"],"picked":"Riddle With Holes","floor":22},{"not_picked":["Outmaneuver","Poisoned Stab"],"picked":"Masterful Stab","floor":24},{"not_picked":["Quick Slash","Backflip"],"picked":"Leg Sweep","floor":28}],"player_experience":1085026,"relics_obtained":[{"floor":7,"key":"Letter Opener"},{"floor":9,"key":"Mercury Hourglass"},{"floor":10,"key":"Blood Vial"},{"floor":13,"key":"Omamori"},{"floor":26,"key":"Ornamental Fan"}],"event_choices":[{"cards_removed":["Strike_G"],"damage_healed":0,"gold_gain":0,"player_choice":"Card Removal","damage_taken":0,"max_hp_gain":0,"max_hp_loss":0,"event_name":"The Cleric","floor":2,"gold_loss":75},{"damage_healed":0,"gold_gain":0,"player_choice":"Entered Light","damage_taken":20,"max_hp_gain":0,"max_hp_loss":0,"event_name":"Shining Light","floor":4,"gold_loss":0,"cards_upgraded":["Defend_G","Strike_G"]},{"damage_healed":0,"gold_gain":0,"player_choice":"Take Wound","damage_taken":0,"relics_obtained":["Golden Idol"],"max_hp_gain":0,"max_hp_loss":0,"event_name":"Golden Idol","floor":5,"gold_loss":0,"cards_obtained":["Injury"]},{"damage_healed":0,"gold_gain":0,"player_choice":"Became a Ghost","damage_taken":0,"max_hp_gain":0,"max_hp_loss":33,"event_name":"Ghosts","floor":19,"gold_loss":0,"cards_obtained":["Ghostly","Ghostly","Ghostly"]},{"damage_healed":0,"gold_gain":275,"player_choice":"Desecrate","damage_taken":0,"max_hp_gain":0,"max_hp_loss":0,"event_name":"Golden Shrine","floor":21,"gold_loss":0,"cards_obtained":["Regret"]},{"cards_removed":["Grand Finale"],"damage_healed":0,"gold_gain":0,"player_choice":"Gave Gold","damage_taken":0,"max_hp_gain":0,"max_hp_loss":0,"event_name":"Beggar","floor":30,"gold_loss":75},{"cards_removed":["Accuracy"],"damage_healed":0,"gold_gain":0,"player_choice":"Card Removal","damage_taken":0,"max_hp_gain":0,"max_hp_loss":0,"event_name":"Wheel of Change","floor":31,"gold_loss":0}],"is_beta":false,"boss_relics":[{"not_picked":["Velvet Choker","Cursed Key"],"picked":"Pandora\u0027s Box"}],"items_purged_floors":[20],"is_endless":false,"potions_floor_spawned":[1,10,16,22],"killed_by":"Champ","ascension_level":15}