{"gold_per_floor":[112,127,77,2,18,72,72,23,48,60,88,100,128,153,165,280,292,292,292,292,292,207,207,207,207,207,207,207,207,207,207,207,207],"floor_reached":33,"playtime":681,"items_purged":["Strike_R"],"score":239,"play_id":"2fc0c730-e3c8-4f31-95ff-95f2335853a1","local_time":"20190709221433","is_ascension_mode":false,"campfire_choices":[{"data":"Sword Boomerang","floor":10,"key":"SMITH"},{"floor":15,"key":"REST"},{"floor":23,"key":"REST"},{"floor":28,"key":"REST"},{"data":"Inflame","floor":32,"key":"SMITH"}],"neow_cost":"NONE","seed_source_timestamp":1126279715728126,"circlet_count":0,"master_deck":["Defend_R","Defend_R","Defend_R","Defend_R","Bash","Seeing Red","Sword Boomerang+1","Rampage","Cleave","Seeing Red","Inflame+1","Heavy Blade","Pommel Strike+1"],"relics":["Burning Blood","Vajra","MawBank","Ectoplasm","Paper Frog","Regal Pillow","Smiling Mask"],"potions_floor_usage":[16,33],"damage_taken":[{"damage":7,"enemies":"Small Slimes","floor":1,"turns":4},{"damage":11,"enemies":"Jaw Worm","floor":2,"turns":3},{"damage":7,"enemies":"2 Louse","floor":5,"turns":3},{"damage":14,"enemies":"Blue Slaver","floor":11,"turns":3},{"damage":16,"enemies":"Large Slime","floor":13,"turns":6},{"damage":5,"enemies":"Looter","floor":14,"turns":3},{"damage":48,"enemies":"The Guardian","floor":16,"turns":9},{"damage":12,"enemies":"3 Byrds","floor":18,"turns":4},{"damage":19,"enemies":"Spheric Guardian","floor":21,"turns":4},{"damage":33,"enemies":"Shelled Parasite and Fungi","floor":24,"turns":5},{"damage":5,"enemies":"Snecko","floor":27,"turns":4},{"damage":21,"enemies":"Cultist and Chosen","floor":29,"turns":5},{"damage":12,"enemies":"Centurion and Healer","floor":31,"turns":4},{"damage":65,"enemies":"Automaton","floor":33,"turns":6}],"seed_played":"1508328185759372066","potions_obtained":[{"floor":1,"key":"Weak Potion"},{"floor":5,"key":"Swift Potion"},{"floor":11,"key":"PowerPotion"},{"floor":27,"key":"Ancient Potion"}],"is_trial":false,"path_per_floor":["M","M","?","$","M","T","?","$","T","R","M","?","M","M","R","B",null,"M","?","?","M","?","R","M","T","T","M","R","M","?","M","R","B"],"character_chosen":"IRONCLAD","items_purchased":["Sword Boomerang"],"campfire_rested":3,"item_purchase_floors":[8],"current_hp_per_floor":[79,74,74,74,73,73,66,66,66,66,58,58,48,49,73,31,80,74,74,59,46,46,71,44,44,44,45,85,70,70,64,64,0],"gold":207,"neow_bonus":"REMOVE_CARD","is_prod":false,"is_daily":false,"chose_seed":false,"campfire_upgraded":2,"win_rate":0,"timestamp":1562724873,"path_taken":["M","M","?","$","M","?","?","?","T","R","M","?","M","M","R","BOSS","M","?","?","M","?","R","M","?","T","M","R","M","?","M","R","BOSS"],"build_version":"2019-07-05","purchased_purges":1,"victory":false,"max_hp_per_floor":[80,80,80,80,80,80,80,80,80,80,80,80,80,80,80,80,80,80,80,85,85,85,85,85,85,85,85,85,85,85,85,85,85],"card_choices":[{"not_picked":["Reckless Charge","Intimidate","Combust"],"picked":"SKIP","floor":1},{"not_picked":["Dropkick","Shrug It Off","Ghostly Armor"],"picked":"SKIP","floor":2},{"not_picked":["Clash","Perfected Strike"],"picked":"Seeing Red","floor":5},{"not_picked":["Warcry","Armaments","Havoc"],"picked":"SKIP","floor":11},{"not_picked":["Sword Boomerang","Clash"],"picked":"Rampage","floor":13},{"not_picked":["Blood for Blood","Shrug It Off"],"picked":"Cleave","floor":14},{"not_picked":["Clothesline+1","Perfected Strike"],"picked":"Seeing Red","floor":18},{"not_picked":["Shrug It Off","Searing Blow","Clothesline"],"picked":"SKIP","floor":21},{"not_picked":["True Grit+1","Feed"],"picked":"Inflame","floor":24},{"not_picked":["Shrug It Off","Battle Trance"],"picked":"Heavy Blade","floor":27},{"not_picked":["Cleave","Dual Wield","Iron Wave+1"],"picked":"SKIP","floor":29},{"not_picked":["Dropkick","Clothesline"],"picked":"Pommel Strike+1","floor":31}],"player_experience":278490,"relics_obtained":[{"floor":6,"key":"Vajra"},{"floor":9,"key":"MawBank"},{"floor":25,"key":"Regal Pillow"},{"floor":26,"key":"Smiling Mask"}],"event_choices":[{"cards_removed":["Strike_R"],"damage_healed":0,"gold_gain":0,"player_choice":"Card Removal","damage_taken":0,"max_hp_gain":0,"max_hp_loss":0,"event_name":"The Cleric","floor":3,"gold_loss":50},{"cards_removed":["Strike_R"],"damage_healed":0,"gold_gain":0,"player_choice":"Card Removal","damage_taken":7,"max_hp_gain":0,"max_hp_loss":0,"event_name":"Golden Wing","floor":7,"gold_loss":0},{"cards_removed":["Strike_R"],"damage_healed":0,"gold_gain":0,"player_choice":"Forget","damage_taken":0,"max_hp_gain":0,"max_hp_loss":0,"event_name":"Living Wall","floor":12,"gold_loss":0},{"damage_healed":0,"gold_gain":0,"player_choice":"Ignored","damage_taken":0,"max_hp_gain":0,"max_hp_loss":0,"event_name":"The Mausoleum","floor":19,"gold_loss":0},{"damage_healed":0,"gold_gain":0,"player_choice":"Shed Blood","damage_taken":20,"max_hp_gain":5,"max_hp_loss":0,"event_name":"Forgotten Altar","floor":20,"gold_loss":0},{"damage_healed":0,"gold_gain":0,"player_choice":"Obtained Relic","damage_taken":0,"relics_obtained":["Paper Frog"],"max_hp_gain":0,"max_hp_loss":0,"event_name":"Addict","floor":22,"gold_loss":85},{"damage_healed":0,"gold_gain":0,"player_choice":"Ignored","damage_taken":0,"max_hp_gain":0,"max_hp_loss":0,"event_name":"Beggar","floor":30,"gold_loss":0}],"is_beta":false,"boss_relics":[{"not_picked":["Fusion Hammer","Lizard Tail"],"picked":"Ectoplasm"}],"items_purged_floors":[4],"is_endless":false,"potions_floor_spawned":[1,5,11,27],"killed_by":"Automaton","ascension_level":0}