{"gold_per_floor":[18,34,53,53,71,71,81,81,81,81,6,24,24,50,50,124,124,137,137,155,22,35,35,35,35,61,76,86,86,86,105,105,181,181,197,54,73,34,34,34,47,47,47,47,47,66,66],"floor_reached":47,"playtime":2053,"items_purged":["Strike_G","Defend_G"],"score":769,"play_id":"eb1014ec-5067-4769-87bd-11320063d32c","local_time":"20190610113150","is_ascension_mode":true,"campfire_choices":[{"data":"Envenom","floor":6,"key":"SMITH"},{"floor":10,"key":"REST"},{"floor":13,"key":"REST"},{"data":"Blade Dance","floor":15,"key":"SMITH"},{"data":"Footwork","floor":23,"key":"SMITH"},{"data":"Dash","floor":25,"key":"SMITH"},{"floor":30,"key":"REST"},{"floor":32,"key":"REST"},{"data":"Apotheosis","floor":40,"key":"SMITH"},{"floor":42,"key":"REST"},{"data":"Neutralize","floor":45,"key":"SMITH"}],"neow_cost":"NO_GOLD","seed_source_timestamp":282533739421500,"circlet_count":0,"master_deck":["AscendersBane","Defend_G","Defend_G","Defend_G","Strike_G+1","Survivor","Neutralize+1","Envenom+1","Dagger Spray","Infinite Blades","Catalyst+1","Deadly Poison","Backflip","Dash+1","Blade Dance+1","Cloak And Dagger","Venomology","Backflip+1","Caltrops","Footwork+1","Dagger Spray","Catalyst+1","Glass Knife","Flying Knee+1","Masterful Stab","Phantasmal Killer","Concentrate+1","Flechettes","Slice+1","Noxious Fumes","Apotheosis+1","Enlightenment","PiercingWail","Decay"],"relics":["Ring of the Snake","Juzu Bracelet","Mummified Hand","Torii","Busted Crown","Pen Nib","WristBlade","Darkstone Periapt"],"potions_floor_usage":[3,5,7,12,16,18,22,22,27,28,28,28,31,35,35,41,41,47],"damage_taken":[{"damage":0,"enemies":"Cultist","floor":1,"turns":5},{"damage":7,"enemies":"Jaw Worm","floor":2,"turns":5},{"damage":4,"enemies":"2 Louse","floor":3,"turns":3},{"damage":0,"enemies":"Looter","floor":5,"turns":4},{"damage":0,"enemies":"Lots of Slimes","floor":7,"turns":3},{"damage":2,"enemies":"Exordium Wildlife","floor":12,"turns":4},{"damage":17,"enemies":"3 Sentries","floor":14,"turns":6},{"damage":1,"enemies":"The Guardian","floor":16,"turns":8},{"damage":7,"enemies":"3 Byrds","floor":18,"turns":5},{"damage":0,"enemies":"Shell Parasite","floor":20,"turns":5},{"damage":7,"enemies":"Snake Plant","floor":22,"turns":5},{"damage":0,"enemies":"Centurion and Healer","floor":27,"turns":5},{"damage":16,"enemies":"Shelled Parasite and Fungi","floor":28,"turns":4},{"damage":7,"enemies":"Cultist and Chosen","floor":31,"turns":5},{"damage":44,"enemies":"Champ","floor":33,"turns":9},{"damage":11,"enemies":"3 Darklings","floor":35,"turns":3},{"damage":1,"enemies":"Orb Walker","floor":37,"turns":3},{"damage":1,"enemies":"4 Shapes","floor":41,"turns":5},{"damage":48,"enemies":"Transient","floor":46,"turns":5},{"damage":30,"enemies":"Writhing Mass","floor":47,"turns":2}],"seed_played":"4290226797601789418","potions_obtained":[{"floor":1,"key":"FearPotion"},{"floor":2,"key":"Energy Potion"},{"floor":3,"key":"GamblersBrew"},{"floor":7,"key":"Swift Potion"},{"floor":14,"key":"Explosive Potion"},{"floor":18,"key":"Block Potion"},{"floor":22,"key":"AttackPotion"},{"floor":31,"key":"Ancient Potion"},{"floor":33,"key":"Explosive Potion"},{"floor":41,"key":"Fruit Juice"}],"is_trial":false,"path_per_floor":["M","M","M","?","M","R","M","?","T","R","$","M","R","E","R","B",null,"M","?","M","$","M","R","?","R","T","M","M","?","R","M","R","B",null,"M","$","M","$","?","R","M","R","T","?","R","M","M"],"character_chosen":"THE_SILENT","items_purchased":["Footwork","Dagger Spray","Flechettes","Noxious Fumes"],"campfire_rested":5,"item_purchase_floors":[21,21,36,38],"current_hp_per_floor":[59,52,48,37,37,37,37,17,17,36,36,34,53,36,36,35,58,51,51,51,51,44,44,44,44,44,44,28,28,47,40,59,15,53,42,42,41,41,36,36,55,71,71,77,77,29,0],"gold":66,"neow_bonus":"TRANSFORM_TWO_CARDS","is_prod":false,"is_daily":false,"chose_seed":false,"campfire_upgraded":6,"win_rate":0,"timestamp":1560159110,"path_taken":["M","?","M","?","M","R","M","?","T","R","$","M","R","E","R","BOSS","M","?","M","$","M","R","?","R","T","M","M","?","R","M","R","BOSS","M","?","M","$","?","R","M","R","T","?","R","M","M"],"build_version":"2019-01-23","purchased_purges":2,"victory":false,"max_hp_per_floor":[66,66,66,66,66,66,66,66,66,66,66,66,66,66,66,66,66,66,66,66,66,66,66,66,66,66,66,66,66,66,66,66,66,66,66,66,66,66,66,66,71,71,71,77,77,77,77],"card_choices":[{"not_picked":["Heel Hook","All Out Attack"],"picked":"Infinite Blades","floor":1},{"not_picked":["Infinite Blades","Dash"],"picked":"Catalyst","floor":2},{"not_picked":["Eviscerate","Underhanded Strike"],"picked":"Deadly Poison","floor":3},{"not_picked":["Acrobatics","Expertise"],"picked":"Backflip","floor":5},{"not_picked":["Bouncing Flask","Dagger Spray"],"picked":"Dash","floor":7},{"not_picked":["Deflect","Cloak And Dagger"],"picked":"Blade Dance","floor":12},{"not_picked":["All Out Attack","Heel Hook"],"picked":"Cloak And Dagger","floor":14},{"not_picked":["Phantasmal Killer","Die Die Die"],"picked":"Venomology","floor":16},{"not_picked":[],"picked":"Backflip+1","floor":18},{"not_picked":[],"picked":"Caltrops","floor":20},{"not_picked":[],"picked":"Catalyst","floor":22},{"not_picked":[],"picked":"Flying Knee+1","floor":27},{"not_picked":["Bane"],"picked":"SKIP","floor":28},{"not_picked":[],"picked":"Masterful Stab","floor":31},{"not_picked":[],"picked":"Phantasmal Killer","floor":33},{"not_picked":[],"picked":"Concentrate+1","floor":35},{"not_picked":[],"picked":"Slice+1","floor":37},{"not_picked":[],"picked":"Apotheosis","floor":39},{"not_picked":[],"picked":"Enlightenment","floor":39},{"not_picked":[],"picked":"PiercingWail","floor":41},{"not_picked":["PiercingWail"],"picked":"SKIP","floor":46}],"player_experience":1274590,"relics_obtained":[{"floor":9,"key":"Mummified Hand"},{"floor":14,"key":"Torii"},{"floor":26,"key":"Pen Nib"},{"floor":43,"key":"Darkstone Periapt"}],"event_choices":[{"damage_healed":0,"gold_gain":0,"player_choice":"Success","damage_taken":11,"relics_obtained":["Juzu Bracelet"],"max_hp_gain":0,"max_hp_loss":0,"event_name":"Scrap Ooze","floor":4,"gold_loss":0},{"damage_healed":0,"gold_gain":0,"player_choice":"Entered Light","damage_taken":20,"max_hp_gain":0,"max_hp_loss":0,"event_name":"Shining Light","floor":8,"gold_loss":0,"cards_upgraded":["Strike_G","Catalyst"]},{"cards_removed":["Strike_G"],"damage_healed":0,"gold_gain":0,"player_choice":"Purged","damage_taken":0,"max_hp_gain":0,"max_hp_loss":0,"event_name":"Purifier","floor":19,"gold_loss":0},{"damage_healed":0,"gold_gain":0,"cards_transformed":["Defend_G"],"player_choice":"Transformed","damage_taken":0,"max_hp_gain":0,"max_hp_loss":0,"event_name":"Transmorgrifier","floor":24,"gold_loss":0,"cards_obtained":["Glass Knife"]},{"damage_healed":0,"gold_gain":0,"player_choice":"Forge","damage_taken":0,"max_hp_gain":0,"max_hp_loss":0,"event_name":"Accursed Blacksmith","floor":29,"gold_loss":0,"cards_upgraded":["Catalyst"]},{"damage_healed":0,"gold_gain":0,"player_choice":"Memory 2","damage_taken":5,"max_hp_gain":0,"max_hp_loss":0,"event_name":"SensoryStone","floor":39,"gold_loss":0},{"damage_healed":0,"gold_gain":0,"player_choice":"Cursed","damage_taken":0,"max_hp_gain":0,"max_hp_loss":0,"event_name":"Wheel of Change","floor":44,"gold_loss":0,"cards_obtained":["Decay"]}],"is_beta":false,"boss_relics":[{"not_picked":["Tiny House","Cursed Key"],"picked":"Busted Crown"},{"not_picked":["Empty Cage","Fusion Hammer"],"picked":"WristBlade"}],"items_purged_floors":[11,36],"is_endless":false,"potions_floor_spawned":[1,2,3,7,14,18,22,31,33,37,41],"killed_by":"Writhing Mass","ascension_level":16}