{"gold_per_floor":[111,36,311,321,336,336,35,35,60,85,85,110,124,94],"floor_reached":14,"playtime":606,"items_purged":["Regret"],"score":176,"play_id":"112190c6-ed41-41c7-871f-4f5f2d0d1e24","local_time":"20190612020306","is_ascension_mode":true,"campfire_choices":[{"data":"Zap","floor":6,"key":"SMITH"},{"data":"Reinforced Body","floor":8,"key":"SMITH"},{"data":"Malaise","floor":11,"key":"SMITH"}],"neow_cost":"NONE","seed_source_timestamp":6197128948500,"circlet_count":0,"master_deck":["AscendersBane","Strike_B","Strike_B","Strike_B","Defend_B","Defend_B","Defend_B","Defend_B","Zap+1","Dualcast","Beam Cell","FTL","Reinforced Body+1","Malaise+1","Footwork","Capacitor"],"relics":["Cracked Core","PrismaticShard","Strawberry","Pocketwatch","Vajra"],"potions_floor_usage":[5],"damage_taken":[{"damage":0,"enemies":"2 Louse","floor":1,"turns":5},{"damage":11,"enemies":"Small Slimes","floor":4,"turns":3},{"damage":5,"enemies":"Cultist","floor":5,"turns":2},{"damage":24,"enemies":"Lagavulin","floor":10,"turns":7},{"damage":20,"enemies":"3 Sentries","floor":12,"turns":8},{"damage":13,"enemies":"Lots of Slimes","floor":13,"turns":5},{"damage":6,"enemies":"Exordium Thugs","floor":14,"turns":2}],"seed_played":"4444062374100695361","potions_obtained":[{"floor":4,"key":"Swift Potion"}],"is_trial":false,"path_per_floor":["M","?","?","M","M","R","$","R","T","E","R","E","M","M"],"character_chosen":"DEFECT","items_purchased":["PrismaticShard"],"campfire_rested":0,"item_purchase_floors":[7],"current_hp_per_floor":[71,71,71,60,55,55,55,55,62,38,38,18,5,0],"gold":94,"neow_bonus":"TEN_PERCENT_HP_BONUS","is_prod":false,"is_daily":false,"chose_seed":false,"campfire_upgraded":3,"win_rate":0,"timestamp":1560297786,"path_taken":["M","?","?","?","M","R","?","R","T","E","R","E","M","M"],"build_version":"2019-01-23","purchased_purges":1,"victory":false,"max_hp_per_floor":[78,78,78,78,78,78,78,78,85,85,85,85,85,85],"card_choices":[{"not_picked":["Barrage","Aggregate"],"picked":"Beam Cell","floor":1},{"not_picked":["Lockon","Stack"],"picked":"FTL","floor":4},{"not_picked":["Streamline","Steam"],"picked":"Reinforced Body","floor":5},{"not_picked":["Bandage Up","Swift Strike"],"picked":"Malaise","floor":10},{"not_picked":["Armaments","Slice"],"picked":"Footwork","floor":12},{"not_picked":["Dropkick","Auto Shields"],"picked":"Capacitor","floor":13}],"player_experience":1307743,"relics_obtained":[{"floor":9,"key":"Strawberry"},{"floor":10,"key":"Pocketwatch"},{"floor":12,"key":"Vajra"}],"event_choices":[{"cards_removed":["Strike_B"],"damage_healed":0,"gold_gain":0,"player_choice":"Card Removal","damage_taken":0,"max_hp_gain":0,"max_hp_loss":0,"event_name":"The Cleric","floor":2,"gold_loss":75},{"damage_healed":0,"gold_gain":275,"player_choice":"Desecrate","damage_taken":0,"max_hp_gain":0,"max_hp_loss":0,"event_name":"Golden Shrine","floor":3,"gold_loss":0,"cards_obtained":["Regret"]}],"is_beta":false,"boss_relics":[],"items_purged_floors":[7],"is_endless":false,"potions_floor_spawned":[4],"killed_by":"Exordium Thugs","ascension_level":16}