{"gold_per_floor":[113,113,124,124,140,140,166,166,166,166,166,166,183,193,193,270,270,289,289,289,21,21,21,49,49,123,23,42,42,42],"floor_reached":30,"playtime":841,"items_purged":["Strike_G","Defend_G"],"score":464,"play_id":"8584e129-6944-4994-bef1-5b1173ca9f48","local_time":"20190608204838","is_ascension_mode":true,"campfire_choices":[{"data":"Crippling Poison","floor":6,"key":"SMITH"},{"data":"Dash","floor":8,"key":"SMITH"},{"data":"Deadly Poison","floor":10,"key":"SMITH"},{"data":"Deadly Poison","floor":12,"key":"SMITH"},{"floor":15,"key":"REST"},{"floor":23,"key":"REST"},{"data":"Ghostly","floor":25,"key":"SMITH"},{"floor":29,"key":"REST"}],"neow_cost":"NONE","seed_source_timestamp":144358444698600,"circlet_count":0,"master_deck":["AscendersBane","Defend_G","Defend_G","Defend_G","Defend_G","Survivor","Neutralize+1","Deadly Poison+1","Dash+1","Crippling Poison+1","Deadly Poison+1","Venomology","Flying Knee","Deadly Poison","Acrobatics","Wraith Form v2","Tools of the Trade+1","Quick Slash+1","Skewer+1","Finisher","Slice+1","Ghostly+1","Ghostly","Ghostly","Underhanded Strike","Cloak And Dagger","Escape Plan","A Thousand Cuts","Deadly Poison+1","Reflex+1"],"relics":["Ring of the Snake","NeowsBlessing","Tingsha","FossilizedHelix","Prayer Wheel","Astrolabe","Enchiridion","Vajra","Toxic Egg 2"],"potions_floor_usage":[13,14,18,28,28,30,30],"damage_taken":[{"damage":0,"enemies":"Jaw Worm","floor":1,"turns":1},{"damage":0,"enemies":"2 Louse","floor":3,"turns":1},{"damage":0,"enemies":"Cultist","floor":5,"turns":1},{"damage":24,"enemies":"Gremlin Nob","floor":7,"turns":5},{"damage":0,"enemies":"Large Slime","floor":13,"turns":4},{"damage":0,"enemies":"Gremlin Gang","floor":14,"turns":3},{"damage":2,"enemies":"The Guardian","floor":16,"turns":9},{"damage":0,"enemies":"3 Byrds","floor":18,"turns":4},{"damage":10,"enemies":"Slavers","floor":24,"turns":6},{"damage":1,"enemies":"Shell Parasite","floor":28,"turns":5},{"damage":32,"enemies":"Shelled Parasite and Fungi","floor":30,"turns":4}],"seed_played":"-600671454241721637","potions_obtained":[{"floor":3,"key":"AttackPotion"},{"floor":13,"key":"SpeedPotion"},{"floor":16,"key":"Swift Potion"},{"floor":28,"key":"SpeedPotion"}],"is_trial":false,"path_per_floor":["M","?","M","?","M","R","E","R","T","R","?","R","M","M","R","B",null,"M","?","?","$","?","R","E","R","T","$","M","R","M"],"character_chosen":"THE_SILENT","items_purchased":["Underhanded Strike","Cloak And Dagger","Escape Plan"],"campfire_rested":3,"item_purchase_floors":[21,21,21],"current_hp_per_floor":[59,54,54,54,54,54,30,30,30,30,30,30,30,30,49,47,61,61,43,35,35,14,24,14,14,14,14,13,23,0],"gold":42,"neow_bonus":"THREE_ENEMY_KILL","is_prod":false,"is_daily":false,"chose_seed":false,"campfire_upgraded":5,"win_rate":0,"timestamp":1560019718,"path_taken":["M","?","M","?","?","R","E","R","T","R","?","R","?","M","R","BOSS","M","?","?","?","?","R","E","R","T","$","M","R","M"],"build_version":"2019-01-23","purchased_purges":2,"victory":false,"max_hp_per_floor":[66,66,66,66,66,66,66,66,66,66,66,66,66,66,66,66,66,66,71,35,35,35,35,35,35,35,35,35,35,35],"card_choices":[{"not_picked":["Dagger Throw","Prepared"],"picked":"Deadly Poison","floor":1},{"not_picked":["Well Laid Plans","Infinite Blades"],"picked":"Dash","floor":3},{"not_picked":["Accuracy","Setup"],"picked":"Crippling Poison","floor":5},{"not_picked":["Caltrops","Bane"],"picked":"Deadly Poison","floor":7},{"not_picked":["Sucker Punch","Poisoned Stab"],"picked":"Venomology","floor":13},{"not_picked":["Eviscerate","Quick Slash"],"picked":"Flying Knee","floor":13},{"not_picked":["Dagger Throw","Slice"],"picked":"Deadly Poison","floor":14},{"not_picked":["Deflect","Blade Dance"],"picked":"Acrobatics","floor":14},{"not_picked":["After Image","Doppelganger"],"picked":"Wraith Form v2","floor":16},{"not_picked":["Acrobatics","Blade Dance"],"picked":"Finisher","floor":18},{"not_picked":["Dagger Spray","Quick Slash"],"picked":"Slice+1","floor":18},{"not_picked":["Infinite Blades","Acrobatics"],"picked":"A Thousand Cuts","floor":24},{"not_picked":["Dagger Throw","Terror+1"],"picked":"Deadly Poison+1","floor":28},{"not_picked":["Bane","Poisoned Stab"],"picked":"Reflex+1","floor":28}],"player_experience":1234585,"relics_obtained":[{"floor":7,"key":"FossilizedHelix"},{"floor":9,"key":"Prayer Wheel"},{"floor":22,"key":"Enchiridion"},{"floor":24,"key":"Vajra"},{"floor":26,"key":"Toxic Egg 2"}],"event_choices":[{"damage_healed":0,"gold_gain":0,"player_choice":"Success","damage_taken":5,"relics_obtained":["Tingsha"],"max_hp_gain":0,"max_hp_loss":0,"event_name":"Scrap Ooze","floor":2,"gold_loss":0},{"damage_healed":0,"gold_gain":0,"player_choice":"Forge","damage_taken":0,"max_hp_gain":0,"max_hp_loss":0,"event_name":"Accursed Blacksmith","floor":4,"gold_loss":0,"cards_upgraded":["Neutralize"]},{"cards_removed":["Strike_G"],"damage_healed":0,"gold_gain":0,"player_choice":"Purged","damage_taken":0,"max_hp_gain":0,"max_hp_loss":0,"event_name":"Purifier","floor":11,"gold_loss":0},{"damage_healed":0,"gold_gain":0,"player_choice":"Shed Blood","damage_taken":23,"max_hp_gain":5,"max_hp_loss":0,"event_name":"Forgotten Altar","floor":19,"gold_loss":0},{"damage_healed":0,"gold_gain":0,"player_choice":"Became a Ghost","damage_taken":0,"max_hp_gain":0,"max_hp_loss":36,"event_name":"Ghosts","floor":20,"gold_loss":0,"cards_obtained":["Ghostly","Ghostly","Ghostly"]},{"damage_healed":0,"gold_gain":0,"player_choice":"Obtained Book","damage_taken":21,"max_hp_gain":0,"max_hp_loss":0,"event_name":"Cursed Tome","floor":22,"gold_loss":0}],"is_beta":false,"boss_relics":[{"not_picked":["Empty Cage","Ring of the Serpent"],"picked":"Astrolabe"}],"items_purged_floors":[21,27],"is_endless":false,"potions_floor_spawned":[3,13,16,18,24,28],"killed_by":"Shelled Parasite and Fungi","ascension_level":16}