{"gold_per_floor":[112,125,200,200,1,1,31,31,54,72,22,22,5,19,19,19],"floor_reached":16,"playtime":366,"items_purged":[],"score":118,"play_id":"b8f9c8ba-ec1b-4a30-8143-ea87d8fea578","local_time":"20190330230641","is_ascension_mode":true,"campfire_choices":[{"data":"Zap","floor":6.0,"key":"SMITH"},{"data":"Sunder","floor":8.0,"key":"SMITH"},{"floor":12.0,"key":"REST"},{"data":"Turbo","floor":15,"key":"SMITH"}],"neow_cost":"TEN_PERCENT_HP_LOSS","seed_source_timestamp":391800082049703,"circlet_count":0,"master_deck":["Strike_B","Defend_B","Defend_B","Defend_B","Defend_B","Zap+1","Dualcast","Genetic Algorithm","Sunder+1","Turbo+1","Chill","Self Repair"],"special_seed":0,"relics":["Cracked Core","Mercury Hourglass","Membership Card","PreservedInsect","Oddly Smooth Stone"],"potions_floor_usage":[16],"damage_taken":[{"damage":1.0,"enemies":"Cultist","floor":1.0,"turns":3.0},{"damage":4.0,"enemies":"2 Louse","floor":2.0,"turns":2.0},{"damage":46.0,"enemies":"Lagavulin","floor":7.0,"turns":6.0},{"damage":0.0,"enemies":"Jaw Worm","floor":10.0,"turns":2.0},{"damage":0.0,"enemies":"Exordium Wildlife","floor":14.0,"turns":2.0},{"damage":32,"enemies":"Slime Boss","floor":16,"turns":7}],"seed_played":"-4783835715531453971","potions_obtained":[{"floor":1.0,"key":"LiquidBronze"},{"floor":2.0,"key":"Energy Potion"},{"floor":10.0,"key":"SneckoOil"}],"is_trial":false,"path_per_floor":["M","M","T","?","$","R","E","R","T","M","?","R","$","M","R","B"],"character_chosen":"DEFECT","items_purchased":["Membership Card","Chill"],"campfire_rested":1,"item_purchase_floors":[5,13],"current_hp_per_floor":[67,63,63,56,56,56,10,10,10,10,10,30,30,30,30,0],"gold":19,"neow_bonus":"REMOVE_TWO","is_prod":false,"is_daily":false,"chose_seed":false,"campfire_upgraded":3,"win_rate":0,"timestamp":1554012401,"path_taken":["M","M","?","?","$","R","E","R","T","M","?","R","$","M","R","BOSS"],"build_version":"2019-01-23","purchased_purges":0,"victory":false,"max_hp_per_floor":[68,68,68,68,68,68,68,68,68,68,68,68,68,68,68,68],"card_choices":[{"not_picked":["Consume","Conserve Battery","Stack"],"picked":"SKIP","floor":1.0},{"not_picked":["Recycle","Go for the Eyes"],"picked":"Genetic Algorithm","floor":2.0},{"not_picked":["Gash","Go for the Eyes"],"picked":"Sunder","floor":7.0},{"not_picked":["Rip and Tear","Sweeping Beam"],"picked":"Turbo","floor":10.0},{"not_picked":["Reinforced Body","Ball Lightning"],"picked":"Self Repair","floor":14}],"player_experience":81827,"relics_obtained":[{"floor":3.0,"key":"Mercury Hourglass"},{"floor":7.0,"key":"PreservedInsect"},{"floor":9.0,"key":"Oddly Smooth Stone"}],"event_choices":[{"cards_removed":["Strike_B"],"damage_healed":0.0,"max_hp_gain":0.0,"max_hp_loss":0.0,"gold_gain":0.0,"event_name":"Golden Wing","player_choice":"Card Removal","floor":4.0,"gold_loss":0.0,"damage_taken":7.0},{"damage_healed":0.0,"max_hp_gain":0.0,"max_hp_loss":0.0,"gold_gain":0.0,"event_name":"World of Goop","player_choice":"Left Gold","floor":11.0,"gold_loss":50.0,"damage_taken":0.0}],"is_beta":false,"boss_relics":[],"items_purged_floors":[],"is_endless":false,"potions_floor_spawned":[1,2,10],"killed_by":"Slime Boss","ascension_level":4}