{"gold_per_floor":[113,131,96,96,39,39,73,73,73,89,108,122,155,168,168,247,247,260,270,94,94],"floor_reached":21,"playtime":1084,"items_purged":["Strike_B"],"score":363,"play_id":"83bd2bbc-a957-4dc2-811c-c9d0385b59a5","local_time":"20190519223945","is_ascension_mode":true,"campfire_choices":[{"data":"Zap","floor":6,"key":"SMITH"},{"data":"Beam Cell","floor":8,"key":"SMITH"},{"floor":15,"key":"REST"}],"neow_cost":"NONE","seed_source_timestamp":78616682264789,"circlet_count":0,"master_deck":["AscendersBane","Strike_B","Strike_B","Strike_B","Defend_B","Defend_B","Defend_B","Defend_B","Zap+1","Dualcast","Meteor Strike","Conserve Battery","Coolheaded","Thunder Strike","Beam Cell+1","Echo Form","Static Discharge","Electrodynamics","Defragment","Consume","Capacitor","Amplify","Streamline","Conserve Battery","Defragment"],"relics":["Cracked Core","Question Card","Centennial Puzzle","Shuriken","Snecko Eye"],"potions_floor_usage":[7,16,16,18],"damage_taken":[{"damage":2,"enemies":"Small Slimes","floor":1,"turns":3},{"damage":2,"enemies":"2 Louse","floor":2,"turns":3},{"damage":28,"enemies":"Gremlin Nob","floor":7,"turns":4},{"damage":0,"enemies":"Cultist","floor":10,"turns":3},{"damage":0,"enemies":"Large Slime","floor":11,"turns":3},{"damage":5,"enemies":"Looter","floor":12,"turns":3},{"damage":8,"enemies":"3 Sentries","floor":13,"turns":3},{"damage":16,"enemies":"Exordium Thugs","floor":14,"turns":3},{"damage":10,"enemies":"The Guardian","floor":16,"turns":7},{"damage":20,"enemies":"Shell Parasite","floor":18,"turns":3},{"damage":0,"enemies":"Chosen","floor":19,"turns":3},{"damage":28,"enemies":"Colosseum Slavers","floor":21,"turns":3},{"damage":14,"enemies":"Colosseum Nobs","floor":21,"turns":2}],"seed_played":"-8518551394912609726","potions_obtained":[{"floor":1,"key":"Explosive Potion"},{"floor":10,"key":"Energy Potion"},{"floor":11,"key":"FocusPotion"},{"floor":16,"key":"Swift Potion"}],"is_trial":false,"path_per_floor":["M","M","?","?","$","R","E","R","T","M","M","M","E","M","R","B",null,"M","M","$","?"],"character_chosen":"DEFECT","items_purchased":["Beam Cell","Defragment","Fire Potion"],"campfire_rested":1,"item_purchase_floors":[5,20,20],"current_hp_per_floor":[62,60,71,71,71,71,43,43,43,43,43,38,30,14,35,25,60,40,40,40,0],"gold":94,"neow_bonus":"ONE_RANDOM_RARE_CARD","is_prod":false,"is_daily":false,"chose_seed":false,"campfire_upgraded":2,"win_rate":0,"timestamp":1558301985,"path_taken":["M","M","?","?","$","R","E","R","T","?","M","M","E","M","R","BOSS","M","M","$","?"],"build_version":"2019-01-23","purchased_purges":1,"victory":false,"max_hp_per_floor":[71,71,71,71,71,71,71,71,71,71,71,71,71,71,71,71,71,71,71,71,71],"card_choices":[{"not_picked":["Reprogram","Hologram"],"picked":"Conserve Battery","floor":1},{"not_picked":["Heatsinks","Storm"],"picked":"Coolheaded","floor":2},{"not_picked":["Coolheaded","Double Energy"],"picked":"Echo Form","floor":7},{"not_picked":["Conserve Battery","Steam","Melter"],"picked":"Static Discharge","floor":10},{"not_picked":["Conserve Battery","Redo","Barrage"],"picked":"Electrodynamics","floor":11},{"not_picked":["Sweeping Beam","Sunder","Steam"],"picked":"Defragment","floor":12},{"not_picked":["Blizzard","Recycle","Beam Cell"],"picked":"Consume","floor":13},{"not_picked":["Fusion","Streamline","Rip and Tear"],"picked":"Capacitor","floor":14},{"not_picked":["Reboot","Meteor Strike","Core Surge"],"picked":"Amplify","floor":16},{"not_picked":["Heatsinks","Turbo","Reinforced Body"],"picked":"Streamline","floor":18},{"not_picked":["Stack","BootSequence","Beam Cell"],"picked":"Conserve Battery","floor":19}],"player_experience":1024264,"relics_obtained":[{"floor":7,"key":"Question Card"},{"floor":9,"key":"Centennial Puzzle"},{"floor":13,"key":"Shuriken"}],"event_choices":[{"damage_healed":17,"gold_gain":0,"player_choice":"Healed","damage_taken":0,"max_hp_gain":0,"max_hp_loss":0,"event_name":"The Cleric","floor":3,"gold_loss":35},{"damage_healed":0,"gold_gain":0,"player_choice":"1 cards matched","damage_taken":0,"max_hp_gain":0,"max_hp_loss":0,"event_name":"Match and Keep!","floor":4,"gold_loss":0,"cards_obtained":["Thunder Strike"]},{"damage_healed":0,"gold_gain":0,"player_choice":"Fight","damage_taken":0,"max_hp_gain":0,"max_hp_loss":0,"event_name":"Colosseum","floor":21,"gold_loss":0},{"damage_healed":0,"gold_gain":0,"player_choice":"Fought Nobs","damage_taken":0,"max_hp_gain":0,"max_hp_loss":0,"event_name":"Colosseum","floor":21,"gold_loss":0}],"is_beta":false,"boss_relics":[{"not_picked":["Black Star","White Beast Statue"],"picked":"Snecko Eye"}],"items_purged_floors":[20],"is_endless":false,"potions_floor_spawned":[1,10,11,13,16,21],"killed_by":"Colosseum Nobs","ascension_level":18}