{"gold_per_floor":[116,116,132,148,148,177,177,212,236,236,291,316,336,349,349,422,422,436,453,191,191,209,209,228,228,276,303,353,5,5,25,25,99,99,109,123,142,165,165,165],"floor_reached":40,"playtime":1932,"items_purged":["Strike_R","Strike_R"],"score":873,"play_id":"b6562ca3-70ae-4409-b4f3-79eb23e56e96","local_time":"20190121225201","is_ascension_mode":true,"campfire_choices":[{"data":"Discovery","floor":7.0,"key":"SMITH"},{"data":"Flame Barrier","floor":10.0,"key":"SMITH"},{"data":"Clothesline","floor":15.0,"key":"SMITH"},{"floor":23.0,"key":"RECALL"},{"floor":25.0,"key":"REST"},{"floor":30.0,"key":"REST"},{"floor":32.0,"key":"REST"}],"neow_cost":"TEN_PERCENT_HP_LOSS","seed_source_timestamp":1050289478552799,"circlet_count":0,"master_deck":["AscendersBane","Strike_R","Strike_R","Strike_R","Defend_R","Defend_R","Defend_R","Defend_R","Bash","Discovery+1","Madness","Blood for Blood+1","Shrug It Off","Evolve","Headbutt","Flame Barrier+1","Shrug It Off","Clothesline+1","Demon Form","Anger+1","Shrug It Off","Disarm","Flame Barrier","Mayhem","Impervious","Spot Weakness"],"special_seed":0,"relics":["Burning Blood","Happy Flower","Potion Belt","Strawberry","Lantern","Singing Bowl","Odd Mushroom","Fusion Hammer","Tiny Chest","Omamori","Pear","Runic Dome","Anchor"],"potions_floor_usage":[40],"damage_taken":[{"damage":15.0,"enemies":"Small Slimes","floor":1.0,"turns":4.0},{"damage":6.0,"enemies":"2 Louse","floor":3.0,"turns":2.0},{"damage":4.0,"enemies":"Jaw Worm","floor":4.0,"turns":3.0},{"damage":8.0,"enemies":"Gremlin Nob","floor":6.0,"turns":3.0},{"damage":35.0,"enemies":"Lagavulin","floor":8.0,"turns":5.0},{"damage":17.0,"enemies":"3 Sentries","floor":12.0,"turns":5.0},{"damage":3.0,"enemies":"The Mushroom Lair","floor":13.0,"turns":4.0},{"damage":0.0,"enemies":"2 Fungi Beasts","floor":14.0,"turns":3.0},{"damage":39.0,"enemies":"Hexaghost","floor":16.0,"turns":10.0},{"damage":7.0,"enemies":"Shell Parasite","floor":18.0,"turns":4.0},{"damage":4.0,"enemies":"Chosen","floor":19.0,"turns":6.0},{"damage":6.0,"enemies":"Snecko","floor":22.0,"turns":6.0},{"damage":29.0,"enemies":"Centurion and Healer","floor":24.0,"turns":7.0},{"damage":58.0,"enemies":"Gremlin Leader","floor":27.0,"turns":8.0},{"damage":9.0,"enemies":"Snake Plant","floor":31.0,"turns":4.0},{"damage":57.0,"enemies":"Collector","floor":33.0,"turns":10.0},{"damage":10.0,"enemies":"Orb Walker","floor":35.0,"turns":4.0},{"damage":38.0,"enemies":"3 Shapes","floor":36.0,"turns":7.0},{"damage":20.0,"enemies":"3 Darklings","floor":37.0,"turns":8.0},{"damage":26,"enemies":"Giant Head","floor":40,"turns":7}],"seed_played":"1193682095939885656","potions_obtained":[{"floor":3.0,"key":"GamblersBrew"},{"floor":4.0,"key":"AttackPotion"},{"floor":6.0,"key":"EssenceOfSteel"},{"floor":8.0,"key":"SpeedPotion"},{"floor":12.0,"key":"PowerPotion"},{"floor":18.0,"key":"Weak Potion"},{"floor":22.0,"key":"AttackPotion"},{"floor":27.0,"key":"Ancient Potion"},{"floor":37.0,"key":"PowerPotion"}],"is_trial":false,"path_per_floor":["M","?","M","M","?","E","R","E","T","R","T","E","?","M","R","B",null,"M","M","$","?","M","R","M","R","T","E","?","$","R","M","R","B",null,"M","M","M","T","?","E"],"character_chosen":"IRONCLAD","items_purchased":["Tiny Chest","Disarm","Mayhem","Block Potion"],"campfire_rested":3,"item_purchase_floors":[20,20,29,29],"current_hp_per_floor":[59,64,64,66,66,64,64,35,42,42,42,33,36,42,42,9,64,63,65,65,65,65,65,44,69,69,29,29,29,57,56,85,34,82,78,48,36,36,38,12],"gold":165,"neow_bonus":"RANDOM_COLORLESS_2","is_prod":false,"is_daily":false,"chose_seed":false,"campfire_upgraded":3,"win_rate":0,"timestamp":1548107521,"path_taken":["M","?","M","M","?","E","R","E","T","R","?","E","?","M","R","BOSS","M","M","$","?","M","R","M","R","T","E","?","?","R","M","R","BOSS","M","M","M","?","?","E"],"build_version":"2019-01-17v2","purchased_purges":2,"victory":false,"max_hp_per_floor":[68,73,73,73,73,73,73,73,80,80,80,82,82,82,82,82,82,82,82,82,82,82,82,84,84,84,96,96,96,96,98,98,98,98,98,100,102,102,104,104],"card_choices":[{"not_picked":["Sever Soul","Thunderclap"],"picked":"Blood for Blood","floor":1.0},{"not_picked":["Cleave","Battle Trance"],"picked":"Shrug It Off","floor":3.0},{"not_picked":["Clash","Sentinel"],"picked":"Evolve","floor":4.0},{"not_picked":["Pummel","Wild Strike"],"picked":"Headbutt","floor":6.0},{"not_picked":["Thunderclap","Headbutt"],"picked":"Flame Barrier","floor":8.0},{"not_picked":["Heavy Blade","Intimidate","Burning Pact"],"picked":"Singing Bowl","floor":12.0},{"not_picked":["Evolve","Infernal Blade"],"picked":"Shrug It Off","floor":13.0},{"not_picked":["Inflame","Thunderclap"],"picked":"Clothesline","floor":14.0},{"not_picked":["Limit Break","Dark Embrace"],"picked":"Demon Form","floor":16.0},{"not_picked":["Twin Strike+1","Hemokinesis+1"],"picked":"Anger+1","floor":18.0},{"not_picked":["Shockwave","Anger"],"picked":"Shrug It Off","floor":19.0},{"not_picked":["Brutality","Second Wind+1"],"picked":"Flame Barrier","floor":22.0},{"not_picked":["Bloodletting+1","Clothesline","Entrench"],"picked":"Singing Bowl","floor":24.0},{"not_picked":["Thunderclap+1","Twin Strike","Headbutt"],"picked":"Singing Bowl","floor":27.0},{"not_picked":["True Grit","Warcry","Cleave"],"picked":"Singing Bowl","floor":31.0},{"not_picked":["Immolate","Brutality"],"picked":"Impervious","floor":33.0},{"not_picked":["Warcry","Pommel Strike"],"picked":"Spot Weakness","floor":35.0},{"not_picked":["Body Slam","Second Wind","Fire Breathing"],"picked":"Singing Bowl","floor":36.0},{"not_picked":["Warcry","Headbutt","Clash"],"picked":"Singing Bowl","floor":37.0},{"not_picked":["Flash of Steel","Trip","Madness"],"picked":"Singing Bowl","floor":39.0}],"player_experience":611462,"relics_obtained":[{"floor":6.0,"key":"Happy Flower"},{"floor":8.0,"key":"Potion Belt"},{"floor":9.0,"key":"Strawberry"},{"floor":11.0,"key":"Lantern"},{"floor":12.0,"key":"Singing Bowl"},{"floor":13.0,"key":"Odd Mushroom"},{"floor":26.0,"key":"Omamori"},{"floor":27.0,"key":"Pear"},{"floor":38.0,"key":"Anchor"}],"event_choices":[{"damage_healed":0.0,"max_hp_gain":5.0,"max_hp_loss":0.0,"gold_gain":0.0,"event_name":"Big Fish","player_choice":"Donut","floor":2.0,"gold_loss":0.0,"damage_taken":0.0},{"damage_healed":0.0,"max_hp_gain":0.0,"max_hp_loss":0.0,"gold_gain":0.0,"event_name":"Living Wall","player_choice":"Grow","floor":5.0,"gold_loss":0.0,"damage_taken":0.0,"cards_upgraded":["Blood for Blood"]},{"damage_healed":0.0,"max_hp_gain":0.0,"max_hp_loss":0.0,"gold_gain":0.0,"event_name":"Mushrooms","player_choice":"Fought Mushrooms","floor":13.0,"gold_loss":0.0,"damage_taken":0.0},{"damage_healed":0.0,"max_hp_gain":0.0,"max_hp_loss":0.0,"gold_gain":0.0,"event_name":"Cursed Tome","player_choice":"Ignored","floor":21.0,"gold_loss":0.0,"damage_taken":0.0},{"damage_healed":0.0,"max_hp_gain":0.0,"max_hp_loss":0.0,"gold_gain":50.0,"event_name":"Nest","player_choice":"Stole From Cult","floor":28.0,"gold_loss":0.0,"damage_taken":0.0},{"damage_healed":0.0,"max_hp_gain":0.0,"max_hp_loss":0.0,"gold_gain":0.0,"event_name":"SensoryStone","player_choice":"Memory 1","floor":39.0,"gold_loss":0.0,"damage_taken":0.0}],"is_beta":false,"boss_relics":[{"not_picked":["Runic Cube","Philosopher\u0027s Stone"],"picked":"Fusion Hammer"},{"not_picked":["Black Blood","Black Star"],"picked":"Runic Dome"}],"items_purged_floors":[20,29],"is_endless":false,"potions_floor_spawned":[3,4,6,8,12,18,22,27,37],"killed_by":"Giant Head","ascension_level":20}