{"gold_per_floor":[114,134,151,163,113,141,154,154,154,167,167,197,147,20,20,118,118,137,17,17,27,44,44,44,44],"floor_reached":25,"playtime":905,"items_purged":["Strike_R"],"score":341,"play_id":"7d1bd150-615f-449d-9d74-976505642105","local_time":"20190923174118","is_ascension_mode":true,"campfire_choices":[{"floor":8,"key":"REST"},{"floor":11,"key":"REST"},{"data":"Demon Form","floor":15,"key":"SMITH"},{"floor":23,"key":"REST"}],"neow_cost":"NONE","seed_source_timestamp":1067367637697938,"circlet_count":0,"master_deck":["AscendersBane","Strike_R","Strike_R","Strike_R","Defend_R","Defend_R","Defend_R","Defend_R","Bash","Ghostly Armor","Combust","Barricade","Carnage","Demon Form+1","Pummel","Anger","Fiend Fire","Clothesline","Carnage","Corruption","Shrug It Off","True Grit+1","Spot Weakness","Juggernaut","Necronomicurse"],"relics":["Burning Blood","NeowsBlessing","Letter Opener","Prayer Wheel","Magic Flower","SlaversCollar","Necronomicon"],"potions_floor_usage":[6,10,12,16,18,20,21,22],"damage_taken":[{"damage":0,"enemies":"Cultist","floor":1,"turns":1},{"damage":0,"enemies":"2 Louse","floor":2,"turns":1},{"damage":0,"enemies":"Jaw Worm","floor":3,"turns":1},{"damage":19,"enemies":"Looter","floor":4,"turns":4},{"damage":50,"enemies":"Lagavulin","floor":6,"turns":9},{"damage":14,"enemies":"Lots of Slimes","floor":7,"turns":3},{"damage":1,"enemies":"3 Louse","floor":10,"turns":2},{"damage":43,"enemies":"Gremlin Nob","floor":12,"turns":5},{"damage":19,"enemies":"Hexaghost","floor":16,"turns":7},{"damage":8,"enemies":"Spheric Guardian","floor":18,"turns":3},{"damage":36,"enemies":"2 Thieves","floor":21,"turns":4},{"damage":40,"enemies":"Centurion and Healer","floor":22,"turns":7},{"damage":24,"enemies":"Cultist and Chosen","floor":25,"turns":6}],"seed_played":"-5845100865898252668","potions_obtained":[{"floor":3,"key":"DuplicationPotion"},{"floor":7,"key":"Explosive Potion"},{"floor":10,"key":"EssenceOfSteel"},{"floor":12,"key":"Swift Potion"},{"floor":16,"key":"Energy Potion"},{"floor":20,"key":"Fruit Juice"},{"floor":20,"key":"DuplicationPotion"},{"floor":20,"key":"DuplicationPotion"},{"floor":21,"key":"Explosive Potion"}],"is_trial":false,"path_per_floor":["M","M","M","M","?","E","M","R","T","M","R","E","?","$","R","B",null,"M","$","?","M","M","R","?","M"],"character_chosen":"IRONCLAD","items_purchased":["Anger","Corruption","Shrug It Off"],"campfire_rested":3,"item_purchase_floors":[14,19,19],"current_hp_per_floor":[78,80,80,67,67,23,15,39,39,44,68,31,31,31,31,21,65,66,66,71,44,13,38,22,0],"gold":44,"neow_bonus":"THREE_ENEMY_KILL","is_prod":false,"is_daily":false,"chose_seed":false,"campfire_upgraded":1,"win_rate":0,"timestamp":1569274878,"path_taken":["M","M","M","M","?","E","M","R","T","M","R","E","?","?","R","BOSS","M","$","?","M","?","R","?","M"],"build_version":"2019-09-23","purchased_purges":1,"victory":false,"max_hp_per_floor":[80,80,80,80,80,80,80,80,80,80,80,80,80,80,80,80,80,80,80,85,85,85,85,85,85],"card_choices":[{"not_picked":["Perfected Strike","Twin Strike"],"picked":"Ghostly Armor","floor":1},{"not_picked":["Twin Strike","Sentinel","Havoc"],"picked":"SKIP","floor":2},{"not_picked":["Anger","Twin Strike"],"picked":"Combust","floor":3},{"not_picked":["Armaments","Clash"],"picked":"Barricade","floor":4},{"not_picked":["Rupture","Pommel Strike"],"picked":"Carnage","floor":6},{"not_picked":["Armaments","Inflame"],"picked":"Demon Form","floor":7},{"not_picked":["Clothesline","Pommel Strike"],"picked":"Pummel","floor":10},{"not_picked":["Infernal Blade","Wild Strike","Hemokinesis"],"picked":"SKIP","floor":10},{"not_picked":["Dropkick","Barricade","Havoc"],"picked":"SKIP","floor":12},{"not_picked":["Exhume","Dark Embrace"],"picked":"Fiend Fire","floor":16},{"not_picked":["Clash+1","Pommel Strike"],"picked":"Clothesline","floor":18},{"not_picked":["Clothesline","Power Through"],"picked":"Carnage","floor":18},{"not_picked":["Clash","Twin Strike"],"picked":"True Grit+1","floor":21},{"not_picked":["Headbutt","Flex"],"picked":"Spot Weakness","floor":21},{"not_picked":["Armaments","Carnage"],"picked":"Juggernaut","floor":22},{"not_picked":["Thunderclap+1","True Grit","Rampage"],"picked":"SKIP","floor":22}],"player_experience":425841,"relics_obtained":[{"floor":6,"key":"Letter Opener"},{"floor":9,"key":"Prayer Wheel"},{"floor":12,"key":"Magic Flower"},{"floor":24,"key":"Necronomicon"}],"event_choices":[{"damage_healed":0,"gold_gain":0,"player_choice":"Left Gold","damage_taken":0,"max_hp_gain":0,"max_hp_loss":0,"event_name":"World of Goop","floor":5,"gold_loss":50},{"cards_removed":["Strike_R"],"damage_healed":0,"gold_gain":0,"player_choice":"Card Removal","damage_taken":0,"max_hp_gain":0,"max_hp_loss":0,"event_name":"The Cleric","floor":13,"gold_loss":50},{"damage_healed":0,"gold_gain":0,"player_choice":"Got Potions","damage_taken":0,"max_hp_gain":0,"max_hp_loss":0,"event_name":"Lab","floor":20,"gold_loss":0},{"damage_healed":0,"gold_gain":0,"player_choice":"Obtained Book","damage_taken":16,"max_hp_gain":0,"max_hp_loss":0,"event_name":"Cursed Tome","floor":24,"gold_loss":0}],"is_beta":true,"boss_relics":[{"not_picked":["Busted Crown","Runic Cube"],"picked":"SlaversCollar"}],"items_purged_floors":[14],"is_endless":false,"potions_floor_spawned":[3,7,10,12,16,21],"killed_by":"Cultist and Chosen","ascension_level":12}