{"gold_per_floor":[10,10,10,27,41,41,41,41,41,41,41,58,78,98,98,172,172,192,210,5,23,23],"floor_reached":22,"playtime":768,"items_purged":["Strike_G"],"score":347,"play_id":"a38675e1-173b-4613-859e-9ae2f1c4bb1d","local_time":"20190822003133","is_ascension_mode":true,"campfire_choices":[{"data":"Noxious Fumes","floor":6,"key":"SMITH"},{"data":"Infinite Blades","floor":8,"key":"SMITH"},{"data":"Phantasmal Killer","floor":11,"key":"SMITH"},{"data":"A Thousand Cuts","floor":15,"key":"SMITH"}],"neow_cost":"NO_GOLD","seed_source_timestamp":674737523526100,"circlet_count":0,"master_deck":["AscendersBane","Strike_G","Strike_G","Strike_G","Defend_G","Defend_G","Defend_G","Defend_G","Survivor","Neutralize+1","Phantasmal Killer+1","Infinite Blades+1","Flying Knee","Escape Plan","Noxious Fumes+1","Deadly Poison","A Thousand Cuts+1","Dash","Corpse Explosion","Flechettes","Deflect","Caltrops","Slice","Blade Dance","Crippling Poison","Envenom"],"relics":["Ring of the Snake","Singing Bowl","Orrery"],"potions_floor_usage":[16,18,21,21],"damage_taken":[{"damage":3,"enemies":"2 Louse","floor":1,"turns":4},{"damage":0,"enemies":"Cultist","floor":4,"turns":4},{"damage":0,"enemies":"Small Slimes","floor":5,"turns":4},{"damage":2,"enemies":"Exordium Wildlife","floor":12,"turns":4},{"damage":9,"enemies":"Looter","floor":13,"turns":4},{"damage":9,"enemies":"Red Slaver","floor":14,"turns":3},{"damage":23,"enemies":"Hexaghost","floor":16,"turns":9},{"damage":19,"enemies":"Chosen","floor":18,"turns":5},{"damage":9,"enemies":"3 Byrds","floor":19,"turns":4},{"damage":16,"enemies":"Snecko","floor":21,"turns":4},{"damage":18,"enemies":"Cultist and Chosen","floor":22,"turns":3}],"seed_played":"3322498269734656750","potions_obtained":[{"floor":5,"key":"Ancient Potion"},{"floor":13,"key":"Swift Potion"},{"floor":19,"key":"GamblersBrew"}],"is_trial":false,"path_per_floor":["M","?","$","M","M","R","$","R","T","$","R","M","M","M","R","B",null,"M","M","$","M","M"],"character_chosen":"THE_SILENT","items_purchased":["Envenom","Energy Potion"],"campfire_rested":0,"item_purchase_floors":[20,20],"current_hp_per_floor":[56,56,56,56,56,56,56,56,56,56,56,54,45,36,36,13,53,34,27,27,13,0],"gold":23,"neow_bonus":"TRANSFORM_TWO_CARDS","is_prod":false,"is_daily":false,"chose_seed":false,"campfire_upgraded":4,"win_rate":0,"timestamp":1566426693,"path_taken":["M","?","?","M","M","R","$","R","T","$","R","?","M","M","R","BOSS","M","M","$","M","M"],"build_version":"2019-07-17","purchased_purges":1,"victory":false,"max_hp_per_floor":[66,66,66,66,66,66,66,66,66,66,66,66,66,66,66,66,66,66,68,68,70,70],"card_choices":[{"not_picked":["Prepared","Dodge and Roll"],"picked":"Flying Knee","floor":1},{"not_picked":["Blade Dance","Underhanded Strike"],"picked":"Escape Plan","floor":4},{"not_picked":["Tactician","Finisher"],"picked":"Noxious Fumes","floor":5},{"not_picked":["Sucker Punch","Bane"],"picked":"Deadly Poison","floor":12},{"not_picked":["Quick Slash","Escape Plan"],"picked":"A Thousand Cuts","floor":13},{"not_picked":["Outmaneuver","Quick Slash"],"picked":"Dash","floor":14},{"not_picked":["Wraith Form v2","Grand Finale"],"picked":"Corpse Explosion","floor":16},{"not_picked":["Deflect","Slice"],"picked":"Flechettes","floor":17},{"not_picked":["Quick Slash","Flechettes"],"picked":"Deflect","floor":17},{"not_picked":["Bane","Backstab"],"picked":"Caltrops","floor":17},{"not_picked":["Dash","Dagger Spray"],"picked":"Slice","floor":17},{"not_picked":["Blur","Heel Hook"],"picked":"Blade Dance","floor":17},{"not_picked":["Eviscerate","Predator"],"picked":"Crippling Poison","floor":18},{"not_picked":["Riddle With Holes+1","Dodge and Roll","Poisoned Stab"],"picked":"Singing Bowl","floor":19},{"not_picked":["Masterful Stab","Slice","Dagger Throw"],"picked":"Singing Bowl","floor":21}],"player_experience":1939189,"relics_obtained":[{"floor":9,"key":"Singing Bowl"}],"event_choices":[{"damage_healed":0,"gold_gain":0,"player_choice":"Upgraded","damage_taken":0,"max_hp_gain":0,"max_hp_loss":0,"event_name":"Upgrade Shrine","floor":2,"gold_loss":0,"cards_upgraded":["Neutralize"]}],"is_beta":false,"boss_relics":[{"not_picked":["Velvet Choker","Tiny House"],"picked":"Orrery"}],"items_purged_floors":[20],"is_endless":false,"potions_floor_spawned":[5,13,14,19],"killed_by":"Cultist and Chosen","ascension_level":19}