{"gold_per_floor":[117,117,127,142,142,171,171,184,237,254,254,45,63,63,63,63],"floor_reached":16,"playtime":474,"items_purged":["Strike_G"],"score":194,"play_id":"9b5f8d55-fc87-4ded-8623-426b2f2d5882","local_time":"20190719234047","is_ascension_mode":true,"campfire_choices":[{"floor":7,"key":"REST"},{"data":"Skewer","floor":11,"key":"SMITH"},{"data":"Neutralize","floor":15,"key":"SMITH"}],"neow_cost":"NONE","seed_source_timestamp":615608644165500,"circlet_count":0,"master_deck":["AscendersBane","Strike_G","Strike_G","Strike_G","Defend_G","Defend_G","Defend_G","Defend_G","Defend_G","Survivor","Neutralize+1","Poisoned Stab","Acrobatics","Dagger Spray","Skewer+1","Die Die Die","Backflip","Predator","Footwork","Deflect","Deflect"],"relics":["Ring of the Snake","NeowsBlessing","Art of War","Tiny Chest"],"potions_floor_usage":[6,6],"damage_taken":[{"damage":0,"enemies":"Cultist","floor":1,"turns":1},{"damage":0,"enemies":"Small Slimes","floor":3,"turns":1},{"damage":0,"enemies":"Jaw Worm","floor":4,"turns":1},{"damage":39,"enemies":"Lagavulin","floor":6,"turns":6},{"damage":0,"enemies":"Looter","floor":8,"turns":2},{"damage":2,"enemies":"Red Slaver","floor":10,"turns":5},{"damage":0,"enemies":"Blue Slaver","floor":13,"turns":4},{"damage":39,"enemies":"Hexaghost","floor":16,"turns":14}],"seed_played":"8811671113567576259","potions_obtained":[{"floor":1,"key":"Poison Potion"},{"floor":4,"key":"Swift Potion"}],"is_trial":false,"path_per_floor":["M","?","M","M","?","E","R","M","T","M","R","$","M","$","R","B"],"character_chosen":"THE_SILENT","items_purchased":["Footwork","Deflect"],"campfire_rested":1,"item_purchase_floors":[12,12],"current_hp_per_floor":[59,59,59,59,55,16,35,35,35,33,33,33,33,33,33,0],"gold":63,"neow_bonus":"THREE_ENEMY_KILL","is_prod":false,"is_daily":false,"chose_seed":false,"campfire_upgraded":2,"win_rate":0,"timestamp":1563572447,"path_taken":["M","?","?","?","?","E","R","?","T","M","R","$","M","?","R","BOSS"],"build_version":"2019-07-17","purchased_purges":1,"victory":false,"max_hp_per_floor":[66,66,66,66,66,66,66,66,66,66,66,66,66,66,66,66],"card_choices":[{"not_picked":["Quick Slash","Well Laid Plans"],"picked":"Poisoned Stab","floor":1},{"not_picked":["Underhanded Strike","Dagger Throw"],"picked":"Dagger Spray","floor":3},{"not_picked":["Dagger Spray","Dagger Throw"],"picked":"Skewer","floor":4},{"not_picked":["Outmaneuver","Underhanded Strike"],"picked":"Die Die Die","floor":6},{"not_picked":["Infinite Blades","Dagger Spray"],"picked":"Backflip","floor":8},{"not_picked":["Terror","Deflect"],"picked":"Predator","floor":10},{"not_picked":["Prepared","Slice"],"picked":"Deflect","floor":13}],"player_experience":1696652,"relics_obtained":[{"floor":6,"key":"Art of War"},{"floor":9,"key":"Tiny Chest"}],"event_choices":[{"damage_healed":0,"gold_gain":0,"cards_transformed":["Strike_G"],"player_choice":"Transformed","damage_taken":0,"max_hp_gain":0,"max_hp_loss":0,"event_name":"Transmorgrifier","floor":2,"gold_loss":0,"cards_obtained":["Acrobatics"]},{"damage_healed":0,"gold_gain":0,"player_choice":"Bought 0 Potions","damage_taken":0,"max_hp_gain":0,"max_hp_loss":0,"event_name":"The Woman in Blue","floor":5,"gold_loss":0}],"is_beta":false,"boss_relics":[],"items_purged_floors":[12],"is_endless":false,"potions_floor_spawned":[1,4],"killed_by":"Hexaghost","ascension_level":18}