{"gold_per_floor":[112,92,106,119,134,134,193,213,281,295,295,312,21,33,33,111,111,124,124,135,153,153,153,170,170,194,194,194,208,222,237,237,310,310,322,397,417,435,449,465,465,141,141,151,166,185,185,18,18,18],"floor_reached":50,"playtime":3976,"items_purged":["Strike_G","Strike_G+1"],"score":875,"play_id":"16141f2f-c1ee-41ae-b2e6-2382c0300aa1","local_time":"20190325155055","is_ascension_mode":true,"campfire_choices":[{"floor":6,"key":"REST"},{"floor":11,"key":"REST"},{"data":"Panache","floor":15,"key":"SMITH"},{"floor":23,"key":"REST"},{"data":"Catalyst","floor":25,"key":"SMITH"},{"data":"Crippling Poison","floor":27,"key":"SMITH"},{"data":"After Image","floor":32,"key":"SMITH"},{"floor":41,"key":"REST"},{"floor":47,"key":"REST"},{"floor":49,"key":"REST"}],"neow_cost":"PERCENT_DAMAGE","seed_source_timestamp":1080671287417999,"circlet_count":0,"master_deck":["AscendersBane","Defend_G+1","Defend_G+1","Defend_G+1","Defend_G+1","Strike_G+1","Survivor","Neutralize","Footwork","Dagger Spray","Endless Agony","Backflip","Dodge and Roll","After Image+1","Deflect","Flying Knee","Slice","Endless Agony","Dash","Cloak And Dagger","Corpse Explosion","Catalyst+1","Endless Agony","Panache+1","Blade Dance","Poisoned Stab","Backflip","Wraith Form v2","Poisoned Stab+1","Masterful Stab+1","Unload+1","Well Laid Plans","Expertise","Acrobatics","Flying Knee+1","Crippling Poison+1","Endless Agony","Leg Sweep","Deflect","Deflect","Blade Dance","Setup","Endless Agony","Endless Agony","Adrenaline","Deflect","Cloak And Dagger+1","Catalyst","Bouncing Flask+1","Noxious Fumes","Burst","Underhanded Strike+1","Footwork","Flying Knee+1","Poisoned Stab+1","Parasite","Catalyst","Backstab","Dagger Spray+1","Magnetism"],"relics":["Ring of the Snake","Prayer Wheel","Tiny Chest","Mummified Hand","Astrolabe","Enchiridion","Bag of Marbles","Sozu","Bronze Scales","Bird Faced Urn"],"potions_floor_usage":[7,12,16,18,21,30,33],"damage_taken":[{"damage":6,"enemies":"Jaw Worm","floor":1,"turns":6},{"damage":3,"enemies":"Cultist","floor":3,"turns":5},{"damage":1,"enemies":"Small Slimes","floor":4,"turns":5},{"damage":0,"enemies":"Blue Slaver","floor":5,"turns":6},{"damage":23,"enemies":"3 Sentries","floor":7,"turns":16},{"damage":13,"enemies":"3 Louse","floor":8,"turns":4},{"damage":0,"enemies":"Gremlin Gang","floor":10,"turns":5},{"damage":3,"enemies":"Large Slime","floor":12,"turns":6},{"damage":0,"enemies":"Looter","floor":14,"turns":4},{"damage":19,"enemies":"Slime Boss","floor":16,"turns":5},{"damage":0,"enemies":"Chosen","floor":18,"turns":5},{"damage":0,"enemies":"Spheric Guardian","floor":20,"turns":1},{"damage":7,"enemies":"Snake Plant","floor":21,"turns":3},{"damage":0,"enemies":"Centurion and Healer","floor":24,"turns":5},{"damage":4,"enemies":"Sentry and Sphere","floor":29,"turns":5},{"damage":0,"enemies":"Cultist and Chosen","floor":30,"turns":4},{"damage":0,"enemies":"Snecko","floor":31,"turns":3},{"damage":55,"enemies":"Automaton","floor":33,"turns":9},{"damage":0,"enemies":"Orb Walker","floor":35,"turns":3},{"damage":0,"enemies":"3 Shapes","floor":37,"turns":2},{"damage":17,"enemies":"Maw","floor":38,"turns":7},{"damage":17,"enemies":"Jaw Worm Horde","floor":39,"turns":3},{"damage":0,"enemies":"3 Darklings","floor":40,"turns":3},{"damage":28,"enemies":"Maw","floor":44,"turns":6},{"damage":9,"enemies":"Writhing Mass","floor":45,"turns":4},{"damage":13,"enemies":"3 Darklings","floor":46,"turns":3},{"damage":64,"enemies":"Donu and Deca","floor":50,"turns":5}],"seed_played":"3391764371660276827","potions_obtained":[{"floor":2,"key":"Swift Potion"},{"floor":5,"key":"FearPotion"},{"floor":7,"key":"Fire Potion"},{"floor":8,"key":"SkillPotion"},{"floor":18,"key":"Fruit Juice"},{"floor":20,"key":"Poison Potion"},{"floor":28,"key":"FairyPotion"},{"floor":28,"key":"Explosive Potion"},{"floor":31,"key":"Weak Potion"}],"is_trial":false,"path_per_floor":["M","?","M","M","M","R","E","M","T","M","R","M","$","M","R","B",null,"M","?","M","M","?","R","M","R","T","R","?","M","M","M","R","B",null,"M","?","M","M","M","M","R","$","T","M","M","M","R","$","R","B"],"character_chosen":"THE_SILENT","items_purchased":["Panache","Blade Dance","Footwork","Bronze Scales","Magnetism"],"campfire_rested":6,"item_purchase_floors":[13,13,42,42,48],"current_hp_per_floor":[38,38,35,34,34,53,30,17,17,17,36,33,33,33,33,14,53,58,58,58,51,35,56,56,56,56,56,56,52,52,52,52,7,55,55,48,48,31,14,14,35,35,35,15,16,11,32,32,53,0],"gold":18,"neow_bonus":"ONE_RARE_RELIC","is_prod":false,"is_daily":false,"chose_seed":false,"campfire_upgraded":4,"win_rate":0,"timestamp":1553525455,"path_taken":["M","?","M","M","M","R","E","M","T","?","R","?","$","M","R","BOSS","M","?","M","M","?","R","M","R","T","R","?","?","M","M","R","BOSS","M","?","M","?","M","M","R","$","T","M","M","M","R","$","R","BOSS"],"build_version":"2019-01-23","purchased_purges":2,"victory":false,"max_hp_per_floor":[66,66,66,66,66,66,66,66,66,66,66,66,66,66,66,66,66,71,71,71,71,71,71,71,71,71,71,71,71,71,71,71,71,71,71,71,71,71,71,71,71,71,71,71,71,71,71,71,71,71],"card_choices":[{"not_picked":["Quick Slash","Bane"],"picked":"Footwork","floor":1},{"not_picked":["Dodge and Roll","Slice"],"picked":"Dagger Spray","floor":1},{"not_picked":["Bane","Dagger Spray"],"picked":"Endless Agony","floor":3},{"not_picked":["Flechettes","Quick Slash"],"picked":"Backflip","floor":3},{"not_picked":["Dagger Throw","Backflip"],"picked":"Dodge and Roll","floor":4},{"not_picked":["Backflip","Dagger Throw"],"picked":"After Image","floor":4},{"not_picked":["Outmaneuver","Blade Dance"],"picked":"Deflect","floor":5},{"not_picked":["Distraction","Calculated Gamble"],"picked":"Flying Knee","floor":5},{"not_picked":["Venomology","Flechettes"],"picked":"Slice","floor":7},{"not_picked":["All Out Attack","Reflex"],"picked":"Endless Agony","floor":8},{"not_picked":["Sucker Punch","Bane"],"picked":"Dash","floor":8},{"not_picked":["Prepared","Poisoned Stab"],"picked":"Cloak And Dagger","floor":10},{"not_picked":["Outmaneuver","Backstab"],"picked":"Corpse Explosion","floor":10},{"not_picked":["All Out Attack","Masterful Stab"],"picked":"Catalyst","floor":12},{"not_picked":["Accuracy","Quick Slash"],"picked":"Endless Agony","floor":12},{"not_picked":["Deadly Poison","Acrobatics"],"picked":"Poisoned Stab","floor":14},{"not_picked":["Bane","Dodge and Roll"],"picked":"Backflip","floor":14},{"not_picked":["Venomology","Storm of Steel"],"picked":"Wraith Form v2","floor":16},{"not_picked":["Dagger Throw","Accuracy"],"picked":"Well Laid Plans","floor":18},{"not_picked":["Cloak And Dagger","Flying Knee"],"picked":"Expertise","floor":18},{"not_picked":["Predator","Blade Dance"],"picked":"Acrobatics","floor":20},{"not_picked":["Prepared","Dodge and Roll"],"picked":"Flying Knee+1","floor":20},{"not_picked":["Bane+1","Acrobatics"],"picked":"Crippling Poison","floor":21},{"not_picked":["Dagger Throw","All Out Attack"],"picked":"Endless Agony","floor":21},{"not_picked":["Bane","Outmaneuver"],"picked":"Leg Sweep","floor":24},{"not_picked":["Prepared","All Out Attack","Tools of the Trade"],"picked":"SKIP","floor":24},{"not_picked":["Prepared","Quick Slash"],"picked":"Deflect","floor":29},{"not_picked":["Flying Knee","Dagger Throw"],"picked":"Deflect","floor":29},{"not_picked":["Dodge and Roll","Crippling Poison"],"picked":"Blade Dance","floor":30},{"not_picked":["Outmaneuver","Deadly Poison"],"picked":"Setup","floor":30},{"not_picked":["Heel Hook+1","Masterful Stab"],"picked":"Endless Agony","floor":31},{"not_picked":["Well Laid Plans","Outmaneuver"],"picked":"Endless Agony","floor":31},{"not_picked":["Corpse Explosion","Night Terror"],"picked":"Adrenaline","floor":33},{"not_picked":["Expertise","Terror"],"picked":"Deflect","floor":35},{"not_picked":["Eviscerate","Slice","Bane"],"picked":"SKIP","floor":35},{"not_picked":["Bouncing Flask","Backflip"],"picked":"Cloak And Dagger+1","floor":37},{"not_picked":["Flying Knee","Slice+1"],"picked":"Catalyst","floor":37},{"not_picked":["Caltrops","Setup+1"],"picked":"Bouncing Flask+1","floor":38},{"not_picked":["Blade Dance","Die Die Die","Quick Slash"],"picked":"SKIP","floor":38},{"not_picked":["Acrobatics+1","PiercingWail"],"picked":"Noxious Fumes","floor":39},{"not_picked":["Outmaneuver","Setup","Poisoned Stab"],"picked":"SKIP","floor":39},{"not_picked":["Outmaneuver","Prepared"],"picked":"Burst","floor":40},{"not_picked":["Bouncing Flask","Masterful Stab"],"picked":"Underhanded Strike+1","floor":40},{"not_picked":["Prepared","Outmaneuver"],"picked":"Flying Knee+1","floor":44},{"not_picked":["Outmaneuver","Dodge and Roll"],"picked":"Poisoned Stab+1","floor":44},{"not_picked":["Caltrops","Poisoned Stab+1"],"picked":"Catalyst","floor":45},{"not_picked":["Predator","Bane","Outmaneuver"],"picked":"SKIP","floor":45},{"not_picked":["Quick Slash","Well Laid Plans"],"picked":"Backstab","floor":46},{"not_picked":["Predator","Bane"],"picked":"Dagger Spray+1","floor":46}],"player_experience":998730,"relics_obtained":[{"floor":7,"key":"Tiny Chest"},{"floor":9,"key":"Mummified Hand"},{"floor":22,"key":"Enchiridion"},{"floor":26,"key":"Bag of Marbles"},{"floor":43,"key":"Bird Faced Urn"}],"event_choices":[{"damage_healed":0,"gold_gain":0,"player_choice":"Bought 1 Potion","damage_taken":0,"max_hp_gain":0,"max_hp_loss":0,"event_name":"The Woman in Blue","floor":2,"gold_loss":0},{"damage_healed":0,"gold_gain":0,"player_choice":"Simplicity","damage_taken":0,"max_hp_gain":0,"max_hp_loss":0,"event_name":"Back to Basics","floor":19,"gold_loss":0,"cards_upgraded":["Defend_G","Defend_G","Defend_G","Defend_G","Strike_G","Strike_G"]},{"damage_healed":0,"gold_gain":0,"player_choice":"Obtained Book","damage_taken":16,"max_hp_gain":0,"max_hp_loss":0,"event_name":"Cursed Tome","floor":22,"gold_loss":0},{"damage_healed":0,"gold_gain":0,"player_choice":"Got Potions","damage_taken":0,"max_hp_gain":0,"max_hp_loss":0,"event_name":"Lab","floor":28,"gold_loss":0},{"damage_healed":0,"gold_gain":75,"player_choice":"Touch","damage_taken":7,"max_hp_gain":0,"max_hp_loss":0,"event_name":"FaceTrader","floor":36,"gold_loss":0}],"is_beta":false,"boss_relics":[{"not_picked":["Empty Cage","Fusion Hammer"],"picked":"Astrolabe"},{"not_picked":["Runic Dome","Snecko Eye"],"picked":"Sozu"}],"items_purged_floors":[13,42],"is_endless":false,"potions_floor_spawned":[5,7,8,10,18,20,31,40,44,45,46],"killed_by":"Donu and Deca","ascension_level":14}