{"gold_per_floor":[111,111,186,205,53,85,85,120,169,14,39,189,464,484,484,484],"floor_reached":16,"playtime":396,"items_purged":["Strike_G","Strike_G"],"score":254,"play_id":"f06efa82-5cfa-4134-a807-97f7203068f8","local_time":"20190610135926","is_ascension_mode":true,"campfire_choices":[{"data":"Neutralize","floor":7,"key":"SMITH"},{"floor":15,"key":"REST"}],"neow_cost":"NONE","seed_source_timestamp":293057748412600,"circlet_count":0,"master_deck":["AscendersBane","Defend_G","Defend_G","Defend_G","Defend_G","Defend_G","Strike_G","Strike_G","Survivor","Neutralize+1","Dagger Spray","All Out Attack","Backstab","Footwork","Deadly Poison","Flying Knee","Bullet Time","Doubt","Regret","Dodge and Roll"],"relics":["Ring of the Snake","NeowsBlessing","Bronze Scales","Juzu Bracelet","Boot","Blue Candle"],"potions_floor_usage":[8,11,11],"damage_taken":[{"damage":0,"enemies":"Jaw Worm","floor":1,"turns":1},{"damage":0,"enemies":"Small Slimes","floor":4,"turns":1},{"damage":0,"enemies":"Lagavulin","floor":6,"turns":1},{"damage":16,"enemies":"3 Sentries","floor":8,"turns":5},{"damage":8,"enemies":"Gremlin Nob","floor":11,"turns":4},{"damage":0,"enemies":"Cultist","floor":14,"turns":3},{"damage":45,"enemies":"The Guardian","floor":16,"turns":9}],"seed_played":"-5473158970976792068","potions_obtained":[{"floor":1,"key":"Swift Potion"},{"floor":8,"key":"Swift Potion"}],"is_trial":false,"path_per_floor":["M","?","?","M","$","E","R","E","T","$","E","?","?","M","R","B"],"character_chosen":"THE_SILENT","items_purchased":["Footwork","Strength Potion"],"campfire_rested":1,"item_purchase_floors":[5,10],"current_hp_per_floor":[59,59,48,48,48,48,48,32,32,32,24,24,24,24,43,0],"gold":484,"neow_bonus":"THREE_ENEMY_KILL","is_prod":false,"is_daily":false,"chose_seed":false,"campfire_upgraded":1,"win_rate":0,"timestamp":1560167966,"path_taken":["M","?","?","M","$","E","R","E","T","$","E","?","?","M","R","BOSS"],"build_version":"2019-01-23","purchased_purges":2,"victory":false,"max_hp_per_floor":[66,66,66,66,66,66,66,66,66,66,66,66,66,66,66,66],"card_choices":[{"not_picked":["All Out Attack","Bane"],"picked":"Dagger Spray","floor":1},{"not_picked":["Flechettes","Choke"],"picked":"Backstab","floor":4},{"not_picked":["Underhanded Strike","Die Die Die"],"picked":"Deadly Poison","floor":6},{"not_picked":["Distraction","Backflip"],"picked":"Flying Knee","floor":8},{"not_picked":["Calculated Gamble","Footwork"],"picked":"Bullet Time","floor":11},{"not_picked":["Heel Hook","Bouncing Flask"],"picked":"Dodge and Roll","floor":14}],"player_experience":1283249,"relics_obtained":[{"floor":6,"key":"Bronze Scales"},{"floor":8,"key":"Juzu Bracelet"},{"floor":9,"key":"Boot"},{"floor":11,"key":"Blue Candle"}],"event_choices":[{"damage_healed":0,"gold_gain":0,"cards_transformed":["Strike_G"],"player_choice":"Change","damage_taken":0,"max_hp_gain":0,"max_hp_loss":0,"event_name":"Living Wall","floor":2,"gold_loss":0,"cards_obtained":["All Out Attack"]},{"damage_healed":0,"gold_gain":75,"player_choice":"Gather Gold","damage_taken":11,"max_hp_gain":0,"max_hp_loss":0,"event_name":"World of Goop","floor":3,"gold_loss":0},{"damage_healed":0,"gold_gain":150,"player_choice":"AGREE","damage_taken":0,"max_hp_gain":0,"max_hp_loss":0,"event_name":"Liars Game","floor":12,"gold_loss":0,"cards_obtained":["Doubt"]},{"damage_healed":0,"gold_gain":275,"player_choice":"Desecrate","damage_taken":0,"max_hp_gain":0,"max_hp_loss":0,"event_name":"Golden Shrine","floor":13,"gold_loss":0,"cards_obtained":["Regret"]}],"is_beta":false,"boss_relics":[],"items_purged_floors":[5,10],"is_endless":false,"potions_floor_spawned":[1,8],"killed_by":"The Guardian","ascension_level":16}