{"gold_per_floor":[18,18,38,52,119,119,146,158,205,219,219,253,275,240,240,312,312,324,324,239,251,251,251,262,277,277,289,138,152,165,175,175,175],"floor_reached":33,"playtime":1673,"items_purged":["Defend_B"],"score":457,"play_id":"302c14ed-b18d-418e-adbe-1733ace45d00","local_time":"20180926201601","is_ascension_mode":true,"campfire_choices":[{"floor":6,"key":"REST"},{"floor":11,"key":"REST"},{"floor":15,"key":"REST"},{"floor":23,"key":"REST"},{"floor":32,"key":"REST"}],"neow_cost":"NO_GOLD","seed_source_timestamp":233722598746331,"circlet_count":0,"master_deck":["Strike_B+1","Strike_B+1","Strike_B+1","Defend_B","Defend_B","Defend_B","Zap","Dualcast","AscendersBane","Electrodynamics","Chill","Streamline+1","Static Discharge","Consume","Biased Cognition","Core Surge","Coolheaded","Stack","Coolheaded+1","Fusion+1"],"relics":["Cracked Core","Singing Bowl","Whetstone","Omamori","Odd Mushroom","Busted Crown","Regal Pillow","Symbiotic Virus"],"potions_floor_usage":[12,16,16,27,29,33],"damage_taken":[{"damage":0,"enemies":"2 Louse","floor":1,"turns":1},{"damage":0,"enemies":"Cultist","floor":3,"turns":3},{"damage":4,"enemies":"Jaw Worm","floor":4,"turns":3},{"damage":28,"enemies":"Lagavulin","floor":7,"turns":5},{"damage":0,"enemies":"Large Slime","floor":8,"turns":4},{"damage":14,"enemies":"Red Slaver","floor":10,"turns":3},{"damage":20,"enemies":"3 Sentries","floor":12,"turns":3},{"damage":13,"enemies":"The Mushroom Lair","floor":13,"turns":3},{"damage":38,"enemies":"Hexaghost","floor":16,"turns":8},{"damage":7,"enemies":"3 Byrds","floor":18,"turns":2},{"damage":10,"enemies":"2 Thieves","floor":21,"turns":2},{"damage":7,"enemies":"Chosen and Byrds","floor":24,"turns":4},{"damage":6,"enemies":"3 Cultists","floor":25,"turns":5},{"damage":12,"enemies":"Centurion and Healer","floor":27,"turns":6},{"damage":34,"enemies":"Snake Plant","floor":29,"turns":4},{"damage":10,"enemies":"3 Cultists","floor":30,"turns":4},{"damage":2,"enemies":"Snecko","floor":31,"turns":6},{"damage":69,"enemies":"Automaton","floor":33,"turns":10}],"seed_played":"8656206946246536630","potions_obtained":[{"floor":3,"key":"Dexterity Potion"},{"floor":4,"key":"Ancient Potion"},{"floor":13,"key":"Block Potion"},{"floor":21,"key":"GamblersBrew"},{"floor":25,"key":"SkillPotion"},{"floor":30,"key":"SmokeBomb"}],"is_trial":false,"path_per_floor":["M","?","M","M","?","R","E","M","T","M","R","E","?","?","R","B",null,"M","?","?","M","?","R","M","M","T","M","$","M","M","M","R"],"character_chosen":"DEFECT","items_purchased":["Ancient Potion"],"campfire_rested":5,"item_purchase_floors":[28],"current_hp_per_floor":[64,43,43,39,39,60,32,34,34,20,41,23,12,31,54,16,62,55,55,55,47,47,79,74,68,68,56,56,22,14,14,54,0],"gold":175,"neow_bonus":"THREE_RARE_CARDS","is_prod":false,"is_daily":false,"chose_seed":false,"campfire_upgraded":0,"win_rate":0,"timestamp":1537989361,"path_taken":["M","?","?","M","?","R","E","M","T","M","R","E","?","?","R","BOSS","M","?","?","M","?","R","M","M","T","M","$","M","?","M","R","BOSS"],"build_version":"2018-09-20","purchased_purges":1,"victory":false,"max_hp_per_floor":[71,71,71,71,71,71,71,73,73,73,73,75,77,77,77,77,77,77,77,77,79,79,79,81,81,81,81,81,81,83,85,85,85],"card_choices":[{"not_picked":["Meteor Strike","Biased Cognition"],"picked":"Electrodynamics","floor":0},{"not_picked":["Barrage","Turbo"],"picked":"Chill","floor":1},{"not_picked":["Cold Snap","Redo"],"picked":"Streamline","floor":3},{"not_picked":["Go for the Eyes","Gash"],"picked":"Static Discharge","floor":4},{"not_picked":["Rip and Tear","Fusion"],"picked":"Consume","floor":7},{"not_picked":["Ball Lightning","Coolheaded","Rebound"],"picked":"Singing Bowl","floor":8},{"not_picked":["Compile Driver","Go for the Eyes"],"picked":"Biased Cognition","floor":10},{"not_picked":["Stack","Beam Cell","Steam"],"picked":"Singing Bowl","floor":12},{"not_picked":["Force Field","Consume","Stack"],"picked":"Singing Bowl","floor":13},{"not_picked":["Echo Form","Creative AI"],"picked":"Core Surge","floor":16},{"not_picked":[],"picked":"Coolheaded","floor":18},{"not_picked":["Fusion"],"picked":"Singing Bowl","floor":21},{"not_picked":["Doom and Gloom"],"picked":"Singing Bowl","floor":24},{"not_picked":[],"picked":"Stack","floor":25},{"not_picked":[],"picked":"Coolheaded+1","floor":27},{"not_picked":[],"picked":"Fusion+1","floor":29},{"not_picked":["Go for the Eyes"],"picked":"Singing Bowl","floor":30},{"not_picked":["Hello World+1"],"picked":"Singing Bowl","floor":31}],"player_experience":776387,"relics_obtained":[{"floor":7,"key":"Singing Bowl"},{"floor":9,"key":"Whetstone"},{"floor":12,"key":"Omamori"},{"floor":13,"key":"Odd Mushroom"},{"floor":26,"key":"Symbiotic Virus"}],"event_choices":[{"event_name":"Shining Light","player_choice":"Entered Light","floor":2,"damage_taken":0},{"event_name":"Golden Wing","player_choice":"Gained Gold","floor":5,"damage_taken":0},{"event_name":"Mushrooms","player_choice":"Fought Mushrooms","floor":13,"damage_taken":0},{"event_name":"The Cleric","player_choice":"Healed","floor":14,"damage_taken":0},{"event_name":"Cursed Tome","player_choice":"Ignored","floor":19,"damage_taken":0},{"event_name":"Addict","player_choice":"Obtained Relic","floor":20,"damage_taken":0},{"event_name":"Purifier","player_choice":"One Purge","floor":22,"damage_taken":0}],"is_beta":false,"boss_relics":[{"not_picked":["Eternal Feather","Coffee Dripper"],"picked":"Busted Crown"}],"items_purged_floors":[28],"is_endless":false,"potions_floor_spawned":[3,4,7,13,21,25,30],"killed_by":"Automaton","ascension_level":15}