{"gold_per_floor":[115,40,50,50,50,61,61,74,74,74,91,111,111,141,141,217,217,237,6,25,41,41,41,41,41,87,97,97,117,117,24,24,99,99,118,47,47,7,22,22,22],"floor_reached":41,"playtime":1677,"items_purged":["Defend_G","Defend_G"],"score":728,"play_id":"f7119f5f-28e0-4f59-b9ee-212b119248f1","local_time":"20190423162605","is_ascension_mode":true,"campfire_choices":[{"data":"Neutralize","floor":7,"key":"SMITH"},{"data":"Crippling Poison","floor":10,"key":"SMITH"},{"floor":13,"key":"REST"},{"floor":15,"key":"REST"},{"data":"Catalyst","floor":23,"key":"SMITH"},{"data":"Burst","floor":24,"key":"SMITH"},{"data":"After Image","floor":28,"key":"SMITH"},{"floor":30,"key":"REST"},{"floor":32,"key":"REST"},{"data":"Adrenaline","floor":40,"key":"SMITH"}],"neow_cost":"PERCENT_DAMAGE","seed_source_timestamp":64252693664300,"circlet_count":0,"master_deck":["AscendersBane","Defend_G","Defend_G","Survivor","Neutralize+1","Crippling Poison+1","Poisoned Stab","Cloak And Dagger","Dodge and Roll","Backflip","Catalyst+1","Bouncing Flask","Burst+1","Predator+1","Tools of the Trade+1","Venomology+1","Sucker Punch+1","Endless Agony+1","Cloak And Dagger","Skewer+1","Underhanded Strike+1","After Image+1","Reflex","Caltrops","PiercingWail","Adrenaline+1","Heel Hook+1","Footwork","Accuracy","Flying Knee+1"],"relics":["Ring of the Serpent","Molten Egg 2","Ornamental Fan","Astrolabe","WingedGreaves","Orichalcum"],"potions_floor_usage":[16,18,18,20,20,21,21,27,29,39,39],"damage_taken":[{"damage":0,"enemies":"2 Louse","floor":1,"turns":2},{"damage":1,"enemies":"Jaw Worm","floor":3,"turns":4},{"damage":0,"enemies":"Cultist","floor":6,"turns":3},{"damage":0,"enemies":"Looter","floor":8,"turns":3},{"damage":15,"enemies":"Lots of Slimes","floor":11,"turns":3},{"damage":1,"enemies":"Red Slaver","floor":12,"turns":5},{"damage":15,"enemies":"3 Sentries","floor":14,"turns":10},{"damage":8,"enemies":"The Guardian","floor":16,"turns":7},{"damage":8,"enemies":"Spheric Guardian","floor":18,"turns":5},{"damage":15,"enemies":"3 Byrds","floor":20,"turns":4},{"damage":22,"enemies":"Snake Plant","floor":21,"turns":5},{"damage":8,"enemies":"Cultist and Chosen","floor":27,"turns":5},{"damage":7,"enemies":"Shelled Parasite and Fungi","floor":29,"turns":4},{"damage":14,"enemies":"Champ","floor":33,"turns":10},{"damage":2,"enemies":"Orb Walker","floor":35,"turns":4},{"damage":39,"enemies":"3 Darklings","floor":39,"turns":7},{"damage":26,"enemies":"4 Shapes","floor":41,"turns":2}],"seed_played":"-3371298167471480385","potions_obtained":[{"floor":1,"key":"Strength Potion"},{"floor":3,"key":"GamblersBrew"},{"floor":18,"key":"Poison Potion"},{"floor":27,"key":"GamblersBrew"}],"is_trial":false,"path_per_floor":["M","$","M","?","?","M","R","M","T","R","M","M","R","E","R","B",null,"M","$","M","M","?","R","R","$","T","M","R","M","R","$","R","B",null,"M","$","?","$","M","R","M"],"character_chosen":"THE_SILENT","items_purchased":["Endless Agony+1","Cloak And Dagger","Caltrops","PiercingWail","Footwork","Accuracy"],"campfire_rested":4,"item_purchase_floors":[19,19,31,31,36,38],"current_hp_per_floor":[44,44,43,36,41,41,41,41,41,41,26,25,46,31,52,44,64,56,56,41,19,19,19,19,19,19,20,20,13,34,34,55,41,64,62,62,62,62,23,23,0],"gold":22,"neow_bonus":"REMOVE_TWO","is_prod":false,"is_daily":false,"chose_seed":false,"campfire_upgraded":6,"win_rate":0,"timestamp":1556029565,"path_taken":["M","$","M","?","?","M","R","M","T","R","?","M","R","E","R","BOSS","M","$","M","?","?","R","R","$","T","M","R","?","R","?","R","BOSS","M","$","?","?","?","R","?"],"build_version":"2019-01-23","purchased_purges":2,"victory":false,"max_hp_per_floor":[66,66,66,66,71,71,71,71,71,71,71,71,71,71,71,71,71,71,71,71,71,71,71,71,71,71,71,71,71,71,71,71,71,71,71,71,71,71,71,71,71],"card_choices":[{"not_picked":["Dagger Spray","Sucker Punch"],"picked":"Crippling Poison","floor":1},{"not_picked":["Deadly Poison","Cloak And Dagger"],"picked":"Poisoned Stab","floor":3},{"not_picked":["Poisoned Stab","Outmaneuver"],"picked":"Cloak And Dagger","floor":6},{"not_picked":["Dagger Throw","Quick Slash"],"picked":"Dodge and Roll","floor":8},{"not_picked":["Doppelganger","PiercingWail"],"picked":"Backflip","floor":11},{"not_picked":["Accuracy","Quick Slash+1"],"picked":"Catalyst","floor":12},{"not_picked":["Crippling Poison","Acrobatics"],"picked":"Bouncing Flask","floor":14},{"not_picked":["Glass Knife+1","Venomology"],"picked":"Burst","floor":16},{"not_picked":["Deadly Poison","Cloak And Dagger"],"picked":"Sucker Punch+1","floor":18},{"not_picked":["Blade Dance","Dagger Spray+1"],"picked":"Skewer+1","floor":20},{"not_picked":["Crippling Poison","Leg Sweep"],"picked":"Underhanded Strike+1","floor":21},{"not_picked":["Poisoned Stab+1","Terror"],"picked":"After Image","floor":27},{"not_picked":["Outmaneuver+1","Quick Slash+1"],"picked":"Reflex","floor":29},{"not_picked":["Storm of Steel","Doppelganger"],"picked":"Adrenaline","floor":33},{"not_picked":["Prepared","Poisoned Stab+1"],"picked":"Heel Hook+1","floor":35},{"not_picked":["Dodge and Roll","Adrenaline"],"picked":"Flying Knee+1","floor":39}],"player_experience":1056769,"relics_obtained":[{"floor":9,"key":"Molten Egg 2"},{"floor":14,"key":"Ornamental Fan"},{"floor":26,"key":"Orichalcum"}],"event_choices":[{"cards_removed":["Strike_G"],"damage_healed":0,"gold_gain":0,"player_choice":"Card Removal","damage_taken":7,"max_hp_gain":0,"max_hp_loss":0,"event_name":"Golden Wing","floor":4,"gold_loss":0},{"damage_healed":0,"gold_gain":0,"player_choice":"Donut","damage_taken":0,"max_hp_gain":5,"max_hp_loss":0,"event_name":"Big Fish","floor":5,"gold_loss":0},{"damage_healed":0,"gold_gain":0,"player_choice":"Gave Potion","damage_taken":0,"relics_obtained":["WingedGreaves"],"max_hp_gain":0,"max_hp_loss":0,"event_name":"WeMeetAgain","floor":22,"gold_loss":0},{"damage_healed":0,"gold_gain":0,"player_choice":"Ignored","damage_taken":0,"max_hp_gain":0,"max_hp_loss":0,"event_name":"SecretPortal","floor":37,"gold_loss":0}],"is_beta":false,"boss_relics":[{"not_picked":["Runic Pyramid","WristBlade"],"picked":"Astrolabe"},{"not_picked":["HoveringKite","Coffee Dripper"],"picked":"Ring of the Serpent"}],"items_purged_floors":[2,19],"is_endless":false,"potions_floor_spawned":[1,3,8,18,27,33],"killed_by":"4 Shapes","ascension_level":15}