{"gold_per_floor":[110,120,120,139,215,226,245,245,291,20,20,37,37,55,55,133,133,143,143,143,11,23,23,23],"floor_reached":24,"playtime":782,"items_purged":["Strike_B"],"score":348,"play_id":"35275b03-6f5b-47e1-a9fa-8b075721a86b","local_time":"20190808155110","is_ascension_mode":true,"campfire_choices":[{"data":"Magnetism","floor":11,"key":"SMITH"},{"data":"Zap","floor":13,"key":"SMITH"},{"data":"Gash","floor":15,"key":"SMITH"},{"data":"Rainbow","floor":23,"key":"SMITH"}],"neow_cost":"NONE","seed_source_timestamp":514246427788600,"circlet_count":0,"master_deck":["AscendersBane","Defend_B+1","Defend_B+1","Defend_B+1","Defend_B+1","Zap+1","Dualcast","Conserve Battery","Core Surge","Beam Cell","Cold Snap","Compile Driver","Magnetism+1","Gash+1","Hologram","Rainbow+1","Darkness+1","Recycle+1","Chill+1","Redo+1","Necronomicurse","Defragment","Conserve Battery"],"relics":["Cracked Core","Orichalcum","Matryoshka","Pear","Cables","Bronze Scales","Strawberry","Astrolabe","Necronomicon"],"potions_floor_usage":[16,18,22,22],"damage_taken":[{"damage":1,"enemies":"Cultist","floor":1,"turns":3},{"damage":14,"enemies":"Jaw Worm","floor":2,"turns":4},{"damage":0,"enemies":"2 Louse","floor":4,"turns":2},{"damage":23,"enemies":"Exordium Thugs","floor":6,"turns":6},{"damage":13,"enemies":"3 Louse","floor":7,"turns":3},{"damage":1,"enemies":"Blue Slaver","floor":12,"turns":3},{"damage":4,"enemies":"Looter","floor":14,"turns":2},{"damage":18,"enemies":"Hexaghost","floor":16,"turns":10},{"damage":7,"enemies":"Shell Parasite","floor":18,"turns":4},{"damage":3,"enemies":"3 Byrds","floor":22,"turns":3},{"damage":42,"enemies":"3 Cultists","floor":24,"turns":6}],"seed_played":"-4103518593293514288","potions_obtained":[{"floor":6,"key":"Ancient Potion"},{"floor":7,"key":"Weak Potion"},{"floor":14,"key":"Explosive Potion"},{"floor":16,"key":"EssenceOfSteel"}],"is_trial":false,"path_per_floor":["M","M","T","M","T","M","M","?","T","$","R","M","R","M","R","B",null,"M","?","?","$","M","R","M"],"character_chosen":"DEFECT","items_purchased":["Magnetism","Defragment","PowerPotion"],"campfire_rested":0,"item_purchase_floors":[10,21,21],"current_hp_per_floor":[63,49,49,49,59,36,23,23,30,30,30,29,29,25,25,7,68,61,40,40,40,37,37,0],"gold":23,"neow_bonus":"RANDOM_COMMON_RELIC","is_prod":false,"is_daily":false,"chose_seed":false,"campfire_upgraded":4,"win_rate":0,"timestamp":1565272270,"path_taken":["M","M","?","M","?","M","?","?","T","?","R","M","R","M","R","BOSS","M","?","?","$","M","R","M"],"build_version":"2019-07-17","purchased_purges":1,"victory":false,"max_hp_per_floor":[71,71,71,71,81,81,81,81,88,88,88,88,88,88,88,88,88,88,88,88,88,88,88,88],"card_choices":[{"not_picked":["Rebound","Coolheaded"],"picked":"Conserve Battery","floor":1},{"not_picked":["Redo","Compile Driver"],"picked":"Core Surge","floor":2},{"not_picked":["Streamline","Force Field"],"picked":"Beam Cell","floor":4},{"not_picked":["Redo","Multi-Cast"],"picked":"Cold Snap","floor":6},{"not_picked":["Ball Lightning","BootSequence"],"picked":"Compile Driver","floor":7},{"not_picked":["Ball Lightning","Conserve Battery"],"picked":"Gash","floor":12},{"not_picked":["Consume","Double Energy"],"picked":"Hologram","floor":14},{"not_picked":["Seek","Multi-Cast"],"picked":"Rainbow","floor":16},{"not_picked":["Chill","Barrage"],"picked":"Redo+1","floor":18},{"not_picked":["Barrage","Redo"],"picked":"Conserve Battery","floor":22}],"player_experience":1818693,"relics_obtained":[{"floor":3,"key":"Matryoshka"},{"floor":5,"key":"Pear"},{"floor":5,"key":"Cables"},{"floor":9,"key":"Bronze Scales"},{"floor":9,"key":"Strawberry"},{"floor":19,"key":"Necronomicon"}],"event_choices":[{"damage_healed":0,"gold_gain":0,"player_choice":"Got Potions","damage_taken":0,"max_hp_gain":0,"max_hp_loss":0,"event_name":"Lab","floor":8,"gold_loss":0},{"damage_healed":0,"gold_gain":0,"player_choice":"Obtained Book","damage_taken":21,"max_hp_gain":0,"max_hp_loss":0,"event_name":"Cursed Tome","floor":19,"gold_loss":0},{"damage_healed":0,"gold_gain":0,"player_choice":"Simplicity","damage_taken":0,"max_hp_gain":0,"max_hp_loss":0,"event_name":"Back to Basics","floor":20,"gold_loss":0,"cards_upgraded":["Defend_B","Defend_B","Defend_B","Defend_B"]}],"is_beta":false,"boss_relics":[{"not_picked":["Tiny House","Empty Cage"],"picked":"Astrolabe"}],"items_purged_floors":[10],"is_endless":false,"potions_floor_spawned":[6,7,14,16],"killed_by":"3 Cultists","ascension_level":17}