{"gold_per_floor":[115,128,278,297,311,28,53,53,76,76,96,125,125,142,142,142],"floor_reached":16,"playtime":608,"items_purged":["Doubt"],"score":243,"play_id":"7d6bb9a9-2983-4a79-a371-cc2088dda979","local_time":"20190520014240","is_ascension_mode":true,"campfire_choices":[{"data":"A Thousand Cuts","floor":8,"key":"SMITH"},{"data":"Neutralize","floor":10,"key":"SMITH"},{"data":"Finisher","floor":13,"key":"SMITH"},{"floor":15,"key":"REST"}],"neow_cost":"NONE","seed_source_timestamp":527369346544000,"circlet_count":0,"master_deck":["AscendersBane","Defend_G","Defend_G","Defend_G","Defend_G","Defend_G","Strike_G","Strike_G","Strike_G","Strike_G","Strike_G","Survivor","Neutralize+1","Quick Slash","Blur","Flying Knee","Finisher+1","Predator","Caltrops","Dodge and Roll","A Thousand Cuts+1","Deflect","Deadly Poison","Dagger Spray"],"relics":["Ring of the Snake","Strawberry","Vajra","Odd Mushroom","Snake Skull"],"potions_floor_usage":[7,7,14,16],"damage_taken":[{"damage":3,"enemies":"2 Louse","floor":1,"turns":3},{"damage":0,"enemies":"Jaw Worm","floor":2,"turns":6},{"damage":4,"enemies":"Small Slimes","floor":4,"turns":6},{"damage":1,"enemies":"2 Fungi Beasts","floor":5,"turns":5},{"damage":0,"enemies":"Lagavulin","floor":7,"turns":5},{"damage":19,"enemies":"The Mushroom Lair","floor":11,"turns":4},{"damage":21,"enemies":"3 Sentries","floor":12,"turns":6},{"damage":20,"enemies":"Gremlin Gang","floor":14,"turns":4},{"damage":27,"enemies":"The Guardian","floor":16,"turns":9}],"seed_played":"-3960212018891759701","potions_obtained":[{"floor":1,"key":"PowerPotion"},{"floor":5,"key":"SteroidPotion"},{"floor":7,"key":"LiquidBronze"},{"floor":12,"key":"FearPotion"}],"is_trial":false,"path_per_floor":["M","M","?","M","M","$","E","R","T","R","?","E","R","M","R","B"],"character_chosen":"THE_SILENT","items_purchased":["Predator","Caltrops","Dodge and Roll"],"campfire_rested":1,"item_purchase_floors":[6,6,6],"current_hp_per_floor":[62,62,62,58,57,57,64,64,64,64,45,24,24,4,27,0],"gold":142,"neow_bonus":"TEN_PERCENT_HP_BONUS","is_prod":false,"is_daily":false,"chose_seed":false,"campfire_upgraded":3,"win_rate":0,"timestamp":1558309360,"path_taken":["M","M","?","M","M","$","E","R","T","R","?","E","R","M","R","BOSS"],"build_version":"2019-01-23","purchased_purges":1,"victory":false,"max_hp_per_floor":[72,72,72,72,72,72,79,79,79,79,79,79,79,79,79,79],"card_choices":[{"not_picked":["Tactician","Flechettes"],"picked":"Quick Slash","floor":1},{"not_picked":["Dagger Throw","PiercingWail"],"picked":"Blur","floor":2},{"not_picked":["Endless Agony","Blade Dance"],"picked":"Flying Knee","floor":4},{"not_picked":["Poisoned Stab","Flying Knee"],"picked":"Finisher","floor":5},{"not_picked":["Backstab","Choke"],"picked":"A Thousand Cuts","floor":7},{"not_picked":["Prepared","Outmaneuver"],"picked":"Deflect","floor":11},{"not_picked":["Slice","Infinite Blades"],"picked":"Deadly Poison","floor":12},{"not_picked":["Deflect","Slice"],"picked":"Dagger Spray","floor":14}],"player_experience":1162895,"relics_obtained":[{"floor":7,"key":"Strawberry"},{"floor":9,"key":"Vajra"},{"floor":11,"key":"Odd Mushroom"},{"floor":12,"key":"Snake Skull"}],"event_choices":[{"damage_healed":0,"gold_gain":150,"player_choice":"AGREE","damage_taken":0,"max_hp_gain":0,"max_hp_loss":0,"event_name":"Liars Game","floor":3,"gold_loss":0,"cards_obtained":["Doubt"]},{"damage_healed":0,"gold_gain":0,"player_choice":"Fought Mushrooms","damage_taken":0,"max_hp_gain":0,"max_hp_loss":0,"event_name":"Mushrooms","floor":11,"gold_loss":0}],"is_beta":false,"boss_relics":[],"items_purged_floors":[6],"is_endless":false,"potions_floor_spawned":[1,5,7,12],"killed_by":"The Guardian","ascension_level":16}