{"gold_per_floor":[111,111,36,48,48,74,90,106,154,154,186,186,196,196,196,271,271,288,288,318,299,15,15,35,35,114,114,130,146,146,164,164,241,241,252,262,362,362,378,378,378],"floor_reached":41,"playtime":2057,"items_purged":["Strike_G","Defend_G"],"score":706,"play_id":"de90af69-3b96-4ee6-9e20-d1aef5578088","local_time":"20190312115223","is_ascension_mode":true,"campfire_choices":[{"data":"Neutralize","floor":10,"key":"SMITH"},{"data":"Footwork","floor":15,"key":"SMITH"},{"data":"Adrenaline","floor":23,"key":"SMITH"},{"floor":32,"key":"REST"},{"data":"Footwork","floor":40,"key":"SMITH"}],"neow_cost":"NONE","seed_source_timestamp":7144366499700,"circlet_count":0,"master_deck":["AscendersBane","Defend_G","Defend_G","Defend_G","Strike_G+1","Survivor+1","Neutralize+1","Dagger Spray","Footwork+1","Footwork+1","Backflip","Riddle With Holes","Quick Slash","Adrenaline+1","Deflect","Noxious Fumes","Footwork","Escape Plan","Predator","Metamorphosis","RitualDagger","Night Terror","Dodge and Roll","Sucker Punch+1","Corpse Explosion","Flechettes","Flying Knee","Crippling Poison","Concentrate"],"relics":["Ring of the Snake","NeowsBlessing","Bottled Tornado","Happy Flower","Vajra","Sozu","Red Mask","Ornamental Fan","Nunchaku","Runic Pyramid","Turnip"],"potions_floor_usage":[8,11],"damage_taken":[{"damage":0,"enemies":"2 Louse","floor":1,"turns":1},{"damage":0,"enemies":"Cultist","floor":4,"turns":1},{"damage":0,"enemies":"Gremlin Nob","floor":6,"turns":1},{"damage":0,"enemies":"Jaw Worm","floor":7,"turns":5},{"damage":0,"enemies":"Lots of Slimes","floor":8,"turns":3},{"damage":13,"enemies":"3 Sentries","floor":11,"turns":9},{"damage":1,"enemies":"3 Louse","floor":13,"turns":3},{"damage":28,"enemies":"Slime Boss","floor":16,"turns":14},{"damage":0,"enemies":"3 Byrds","floor":18,"turns":5},{"damage":13,"enemies":"Masked Bandits","floor":20,"turns":7},{"damage":0,"enemies":"2 Thieves","floor":21,"turns":4},{"damage":0,"enemies":"Centurion and Healer","floor":24,"turns":5},{"damage":13,"enemies":"Sentry and Sphere","floor":28,"turns":6},{"damage":0,"enemies":"Snecko","floor":29,"turns":4},{"damage":0,"enemies":"3 Cultists","floor":31,"turns":5},{"damage":13,"enemies":"Collector","floor":33,"turns":14},{"damage":0,"enemies":"3 Shapes","floor":35,"turns":4},{"damage":5,"enemies":"Orb Walker","floor":36,"turns":4},{"damage":0,"enemies":"Mind Bloom Boss Battle","floor":37,"turns":6},{"damage":6,"enemies":"Spire Growth","floor":39,"turns":7},{"damage":57,"enemies":"Transient","floor":41,"turns":5}],"seed_played":"7167595010011031390","potions_obtained":[{"floor":1,"key":"LiquidBronze"},{"floor":4,"key":"Energy Potion"}],"is_trial":false,"path_per_floor":["M","?","$","M","?","E","M","M","T","R","E","?","M","?","R","B",null,"M","?","?","M","$","R","M","$","T","?","M","M","T","M","R","B",null,"M","M","?","?","M","R","M"],"character_chosen":"THE_SILENT","items_purchased":["Metamorphosis"],"campfire_rested":1,"item_purchase_floors":[22],"current_hp_per_floor":[63,56,56,56,42,42,42,42,42,42,29,29,28,51,51,23,58,58,58,45,45,45,45,45,45,45,39,26,26,26,26,47,34,61,61,56,56,56,50,50,0],"gold":378,"neow_bonus":"THREE_ENEMY_KILL","is_prod":false,"is_daily":false,"chose_seed":false,"campfire_upgraded":4,"win_rate":0,"timestamp":1552387943,"path_taken":["M","?","$","?","?","E","M","M","T","R","E","?","?","?","R","BOSS","M","?","?","M","$","R","M","$","T","?","M","?","?","M","R","BOSS","M","M","?","?","M","R","?"],"build_version":"2019-01-23","purchased_purges":2,"victory":false,"max_hp_per_floor":[70,70,70,70,70,70,70,70,70,70,70,70,70,70,70,70,70,70,70,70,70,70,70,70,70,70,70,70,70,70,70,70,70,70,70,70,70,70,70,70,70],"card_choices":[{"not_picked":["Bouncing Flask","Accuracy"],"picked":"Dagger Spray","floor":1},{"not_picked":["Predator","Blade Dance"],"picked":"Footwork","floor":4},{"not_picked":["Quick Slash","Acrobatics"],"picked":"Footwork","floor":6},{"not_picked":["Blur","Prepared"],"picked":"Backflip","floor":7},{"not_picked":["Unload","Prepared","Outmaneuver"],"picked":"SKIP","floor":8},{"not_picked":["Poisoned Stab","Acrobatics"],"picked":"Riddle With Holes","floor":11},{"not_picked":["Noxious Fumes","PiercingWail"],"picked":"Quick Slash","floor":13},{"not_picked":["Unload","Tools of the Trade"],"picked":"Adrenaline","floor":16},{"not_picked":["Cloak And Dagger","Prepared"],"picked":"Deflect","floor":18},{"not_picked":["Poisoned Stab","Masterful Stab"],"picked":"Escape Plan","floor":20},{"not_picked":["Sucker Punch","Dagger Spray"],"picked":"Predator","floor":21},{"not_picked":["Blade Dance","Catalyst","Calculated Gamble"],"picked":"SKIP","floor":24},{"not_picked":["Slice","Setup"],"picked":"Night Terror","floor":28},{"not_picked":["Concentrate","Slice"],"picked":"Dodge and Roll","floor":29},{"not_picked":["Footwork","Backstab"],"picked":"Sucker Punch+1","floor":31},{"not_picked":["Burst","Phantasmal Killer"],"picked":"Corpse Explosion","floor":33},{"not_picked":["PiercingWail","Escape Plan"],"picked":"Flechettes","floor":35},{"not_picked":["Bane","Cloak And Dagger"],"picked":"Flying Knee","floor":36},{"not_picked":["Bane","Underhanded Strike"],"picked":"Crippling Poison","floor":37},{"not_picked":["Blade Dance","Bane+1"],"picked":"Concentrate","floor":39}],"player_experience":980364,"relics_obtained":[{"floor":6,"key":"Bottled Tornado"},{"floor":9,"key":"Happy Flower"},{"floor":11,"key":"Vajra"},{"floor":20,"key":"Red Mask"},{"floor":26,"key":"Ornamental Fan"},{"floor":30,"key":"Nunchaku"},{"floor":37,"key":"Turnip"}],"event_choices":[{"damage_healed":0,"gold_gain":0,"player_choice":"Damaged","damage_taken":7,"max_hp_gain":0,"max_hp_loss":0,"event_name":"Wheel of Change","floor":2,"gold_loss":0},{"damage_healed":0,"gold_gain":0,"player_choice":"Entered Light","damage_taken":14,"max_hp_gain":0,"max_hp_loss":0,"event_name":"Shining Light","floor":5,"gold_loss":0,"cards_upgraded":["Strike_G","Survivor"]},{"cards_removed":["Strike_G"],"damage_healed":0,"gold_gain":0,"player_choice":"Purged","damage_taken":0,"max_hp_gain":0,"max_hp_loss":0,"event_name":"Purifier","floor":12,"gold_loss":0},{"damage_healed":23,"gold_gain":0,"player_choice":"Banana","damage_taken":0,"max_hp_gain":0,"max_hp_loss":0,"event_name":"Big Fish","floor":14,"gold_loss":0},{"damage_healed":0,"gold_gain":0,"cards_transformed":["Strike_G","Strike_G"],"player_choice":"Became Test Subject","damage_taken":0,"max_hp_gain":0,"max_hp_loss":0,"event_name":"Drug Dealer","floor":19,"gold_loss":0,"cards_obtained":["Noxious Fumes","Footwork"]},{"damage_healed":0,"gold_gain":0,"player_choice":"Fought Bandits","damage_taken":0,"max_hp_gain":0,"max_hp_loss":0,"event_name":"Masked Bandits","floor":20,"gold_loss":0},{"damage_healed":0,"gold_gain":0,"player_choice":"Joined the Cult","damage_taken":6,"max_hp_gain":0,"max_hp_loss":0,"event_name":"Nest","floor":27,"gold_loss":0,"cards_obtained":["RitualDagger"]},{"damage_healed":0,"gold_gain":0,"player_choice":"Fight","damage_taken":0,"max_hp_gain":0,"max_hp_loss":0,"event_name":"MindBloom","floor":37,"gold_loss":0},{"cards_removed":["Defend_G"],"damage_healed":0,"gold_gain":0,"player_choice":"Purged","damage_taken":0,"max_hp_gain":0,"max_hp_loss":0,"event_name":"Purifier","floor":38,"gold_loss":0}],"is_beta":false,"boss_relics":[{"not_picked":["Fusion Hammer","Cursed Key"],"picked":"Sozu"},{"not_picked":["HoveringKite","WristBlade"],"picked":"Runic Pyramid"}],"items_purged_floors":[3,22],"is_endless":false,"potions_floor_spawned":[1,4,20,28,31,37],"killed_by":"Transient","ascension_level":13}