{"gold_per_floor":[119,129,142,157,137,137,166,166,246,246,262,277,309,319,319,319],"floor_reached":16,"playtime":676,"items_purged":[],"score":205,"play_id":"a9ac3404-8b76-4083-a55d-3cbc68020c9f","local_time":"20190616064407","is_ascension_mode":true,"campfire_choices":[{"data":"Neutralize","floor":6,"key":"SMITH"},{"floor":8,"key":"REST"},{"data":"Night Terror","floor":10,"key":"SMITH"},{"floor":15,"key":"REST"}],"neow_cost":"PERCENT_DAMAGE","seed_source_timestamp":368597611492600,"circlet_count":0,"master_deck":["AscendersBane","Defend_G","Defend_G","Defend_G","Defend_G","Defend_G","Strike_G","Strike_G","Strike_G","Strike_G","Strike_G","Survivor","Neutralize+1","Flying Knee","Night Terror+1","Deflect","Caltrops","Quick Slash","Leg Sweep","Endless Agony","Catalyst","Crippling Poison"],"relics":["Ring of the Snake","Nunchaku","Bird Faced Urn","Singing Bowl","Potion Belt"],"potions_floor_usage":[13,13,16],"damage_taken":[{"damage":3,"enemies":"Cultist","floor":1,"turns":6},{"damage":0,"enemies":"2 Louse","floor":2,"turns":3},{"damage":7,"enemies":"Small Slimes","floor":3,"turns":6},{"damage":5,"enemies":"2 Fungi Beasts","floor":4,"turns":5},{"damage":33,"enemies":"3 Sentries","floor":7,"turns":13},{"damage":10,"enemies":"3 Louse","floor":11,"turns":4},{"damage":0,"enemies":"Looter","floor":12,"turns":4},{"damage":6,"enemies":"Lagavulin","floor":13,"turns":10},{"damage":6,"enemies":"Red Slaver","floor":14,"turns":4},{"damage":39,"enemies":"Slime Boss","floor":16,"turns":7}],"seed_played":"8079447731352679583","potions_obtained":[{"floor":2,"key":"FairyPotion"},{"floor":5,"key":"SteroidPotion"},{"floor":7,"key":"Block Potion"},{"floor":11,"key":"Swift Potion"},{"floor":12,"key":"Ancient Potion"},{"floor":14,"key":"Swift Potion"}],"is_trial":false,"path_per_floor":["M","M","M","M","?","R","E","R","T","R","M","M","E","M","R","B"],"character_chosen":"THE_SILENT","items_purchased":[],"campfire_rested":2,"item_purchase_floors":[],"current_hp_per_floor":[41,41,34,29,29,29,3,22,22,22,14,14,16,12,31,0],"gold":319,"neow_bonus":"ONE_RARE_RELIC","is_prod":false,"is_daily":false,"chose_seed":false,"campfire_upgraded":2,"win_rate":0,"timestamp":1560660247,"path_taken":["M","?","M","M","?","R","E","R","T","R","?","M","E","M","R","BOSS"],"build_version":"2019-01-23","purchased_purges":0,"victory":false,"max_hp_per_floor":[66,66,66,66,66,66,66,66,66,66,66,66,66,66,66,66],"card_choices":[{"not_picked":["Slice","Acrobatics"],"picked":"Flying Knee","floor":1},{"not_picked":["Bane","Outmaneuver"],"picked":"Night Terror","floor":2},{"not_picked":["Deadly Poison","Quick Slash"],"picked":"Deflect","floor":3},{"not_picked":["Quick Slash","Outmaneuver"],"picked":"Caltrops","floor":4},{"not_picked":["Concentrate","Deflect"],"picked":"Quick Slash","floor":7},{"not_picked":["Deadly Poison","Blur"],"picked":"Leg Sweep","floor":11},{"not_picked":["Riddle With Holes","Dagger Spray"],"picked":"Endless Agony","floor":12},{"not_picked":["Sucker Punch","Bouncing Flask"],"picked":"Catalyst","floor":13},{"not_picked":["Dagger Throw","Concentrate"],"picked":"Crippling Poison","floor":14}],"player_experience":1366908,"relics_obtained":[{"floor":7,"key":"Bird Faced Urn"},{"floor":9,"key":"Singing Bowl"},{"floor":13,"key":"Potion Belt"}],"event_choices":[{"damage_healed":0,"gold_gain":0,"player_choice":"Bought 1 Potion","damage_taken":0,"max_hp_gain":0,"max_hp_loss":0,"event_name":"The Woman in Blue","floor":5,"gold_loss":0}],"is_beta":false,"boss_relics":[],"items_purged_floors":[],"is_endless":false,"potions_floor_spawned":[2,7,11,12,14],"killed_by":"Slime Boss","ascension_level":16}