{"gold_per_floor":[109,126,141,159,171,171,199,171,171,187,187,203,203],"floor_reached":13,"playtime":757,"items_purged":[],"score":89,"play_id":"842ca05f-65b7-4fb4-a1d0-f3eba096efed","local_time":"20190723180113","is_ascension_mode":false,"campfire_choices":[{"data":"Hologram","floor":6,"key":"SMITH"},{"floor":11,"key":"REST"}],"neow_cost":"NONE","seed_source_timestamp":1190111443177777,"circlet_count":0,"master_deck":["Strike_B","Strike_B","Strike_B","Defend_B","Defend_B","Defend_B","Defend_B","Zap","Dualcast","Blizzard","Conserve Battery","Hologram+1","Genetic Algorithm","Defragment","Genetic Algorithm","Loop","Fission"],"relics":["Cracked Core","Gremlin Horn","DataDisk"],"potions_floor_usage":[4,12],"damage_taken":[{"damage":5,"enemies":"Small Slimes","floor":1,"turns":3},{"damage":6,"enemies":"Jaw Worm","floor":2,"turns":4},{"damage":0,"enemies":"2 Louse","floor":3,"turns":2},{"damage":0,"enemies":"Blue Slaver","floor":4,"turns":5},{"damage":13,"enemies":"Looter","floor":5,"turns":3},{"damage":36,"enemies":"3 Sentries","floor":7,"turns":12},{"damage":9,"enemies":"Red Slaver","floor":10,"turns":5},{"damage":0,"enemies":"Lots of Slimes","floor":12,"turns":6},{"damage":43,"enemies":"Gremlin Nob","floor":13,"turns":5}],"seed_played":"-8716130555773256158","potions_obtained":[{"floor":2,"key":"Regen Potion"},{"floor":7,"key":"GamblersBrew"},{"floor":10,"key":"Energy Potion"},{"floor":12,"key":"Explosive Potion"}],"is_trial":false,"path_per_floor":["M","M","M","M","M","R","E","?","T","M","R","M","E"],"character_chosen":"DEFECT","items_purchased":[],"campfire_rested":1,"item_purchase_floors":[],"current_hp_per_floor":[70,64,64,75,62,62,26,26,26,17,39,39,0],"gold":203,"neow_bonus":"TRANSFORM_CARD","is_prod":false,"is_daily":false,"chose_seed":false,"campfire_upgraded":1,"win_rate":0,"timestamp":1563919273,"path_taken":["M","M","M","M","M","R","E","?","T","M","R","M","E"],"build_version":"2019-07-17","purchased_purges":0,"victory":false,"max_hp_per_floor":[75,75,75,75,75,75,75,75,75,75,75,75,75],"card_choices":[{"not_picked":["Leap","Loop"],"picked":"Conserve Battery","floor":1},{"not_picked":["Leap","Conserve Battery"],"picked":"Hologram","floor":2},{"not_picked":["Steam Power","Stack"],"picked":"Genetic Algorithm","floor":3},{"not_picked":["Leap","Barrage"],"picked":"Defragment","floor":4},{"not_picked":["Static Discharge","Beam Cell"],"picked":"Genetic Algorithm","floor":5},{"not_picked":["Force Field","Scrape"],"picked":"Loop","floor":7},{"not_picked":["Force Field","Sweeping Beam","Turbo"],"picked":"SKIP","floor":10},{"not_picked":["Reinforced Body","Beam Cell"],"picked":"Fission","floor":12}],"player_experience":293461,"relics_obtained":[{"floor":7,"key":"Gremlin Horn"},{"floor":9,"key":"DataDisk"}],"event_choices":[{"damage_healed":0,"gold_gain":0,"player_choice":"Left Gold","damage_taken":0,"max_hp_gain":0,"max_hp_loss":0,"event_name":"World of Goop","floor":8,"gold_loss":28}],"is_beta":false,"boss_relics":[],"items_purged_floors":[],"is_endless":false,"potions_floor_spawned":[2,7,10,12],"killed_by":"Gremlin Nob","ascension_level":0}