{"gold_per_floor":[216,17,17,36,36,36,36,50,124,124,165,165,181,201,201,329,329,345,359,138,138,63,78,78,78,131,170,16,16,40,40,40,40],"floor_reached":33,"playtime":1672,"items_purged":["Strike_R"],"score":446,"play_id":"ed969e68-fddf-4065-9f91-022f15320ca7","local_time":"20180902201103","is_ascension_mode":true,"campfire_choices":[{"data":"Disarm","floor":6,"key":"SMITH"},{"data":"Armaments","floor":10,"key":"SMITH"},{"data":"Metallicize","floor":12,"key":"SMITH"},{"data":"Bash","floor":15,"key":"SMITH"},{"data":"Immolate","floor":25,"key":"SMITH"},{"data":"Panacea","floor":32,"key":"SMITH"}],"neow_cost":"NONE","seed_source_timestamp":1328464672837039,"circlet_count":0,"master_deck":["Defend_R","Defend_R","Defend_R+1","Bash+1","AscendersBane","Disarm+1","Shrug It Off","Cleave","Armaments+1","Metallicize+1","Anger","Reaper","Immolate+1","Rupture","Pommel Strike","Havoc","Hemokinesis","Bloodletting","Shrug It Off","Pummel","Spot Weakness+1","Bite","Bite","Bite","Bite","Bite","Panacea+1","Flame Barrier","Thunderclap","Writhe"],"relics":["Burning Blood","Lantern","Golden Idol","Happy Flower","Ornamental Fan","Shuriken","Orrery","Juzu Bracelet","Pen Nib","Anchor","War Paint"],"potions_floor_usage":[16,18,33],"damage_taken":[{"damage":5,"enemies":"Small Slimes","floor":1,"turns":4},{"damage":7,"enemies":"Jaw Worm","floor":4,"turns":5},{"damage":0,"enemies":"2 Louse","floor":8,"turns":3},{"damage":24,"enemies":"Lagavulin","floor":11,"turns":8},{"damage":1,"enemies":"Red Slaver","floor":13,"turns":4},{"damage":0,"enemies":"Blue Slaver","floor":14,"turns":4},{"damage":15,"enemies":"Hexaghost","floor":16,"turns":11},{"damage":11,"enemies":"3 Byrds","floor":18,"turns":6},{"damage":32,"enemies":"2 Thieves","floor":19,"turns":4},{"damage":12,"enemies":"Cultist and Chosen","floor":23,"turns":7},{"damage":41,"enemies":"Book of Stabbing","floor":27,"turns":6},{"damage":9,"enemies":"Sentry and Sphere","floor":30,"turns":5},{"damage":87,"enemies":"Collector","floor":33,"turns":11}],"seed_played":"-4186979082930936560","potions_obtained":[{"floor":1,"key":"SkillPotion"},{"floor":11,"key":"Fire Potion"},{"floor":13,"key":"PowerPotion"},{"floor":16,"key":"SteroidPotion"},{"floor":19,"key":"SmokeBomb"}],"is_trial":false,"path_per_floor":["M","$","?","M","?","R","?","M","T","R","E","R","M","M","R","B",null,"M","M","$","?","?","M","?","R","T","E","$","?","M","?","R"],"character_chosen":"IRONCLAD","items_purchased":["Lantern","Shrug It Off","Pummel","Spot Weakness","Anchor"],"campfire_rested":0,"item_purchase_floors":[2,2,20,20,28],"current_hp_per_floor":[73,73,53,52,78,78,66,72,72,72,54,54,59,65,65,56,74,69,43,43,43,43,56,56,56,56,29,29,47,54,54,54,0],"gold":40,"neow_bonus":"HUNDRED_GOLD","is_prod":false,"is_daily":false,"chose_seed":false,"campfire_upgraded":6,"win_rate":0,"timestamp":1535915463,"path_taken":["M","$","?","M","?","R","?","?","T","R","E","R","M","M","R","BOSS","M","M","$","?","?","M","?","R","T","E","$","?","M","?","R","BOSS"],"build_version":"2018-08-30","purchased_purges":1,"victory":false,"max_hp_per_floor":[80,80,80,80,80,80,80,80,80,80,80,80,80,80,80,80,80,80,80,80,56,56,56,56,56,56,56,56,56,56,56,56,56],"card_choices":[{"not_picked":["Armaments","Clash"],"picked":"Disarm","floor":1},{"not_picked":["Perfected Strike","Combust"],"picked":"Cleave","floor":4},{"not_picked":["Twin Strike","Dropkick"],"picked":"Armaments","floor":8},{"not_picked":["Blood for Blood","Inflame"],"picked":"Metallicize","floor":11},{"not_picked":["Bloodletting","Sever Soul"],"picked":"Anger","floor":13},{"not_picked":["Searing Blow","Cleave","Armaments"],"picked":"SKIP","floor":14},{"not_picked":["Barricade","Immolate"],"picked":"Reaper","floor":16},{"not_picked":["Second Wind","Clothesline"],"picked":"Immolate","floor":17},{"not_picked":["Corruption","Body Slam"],"picked":"Rupture","floor":17},{"not_picked":["Heavy Blade","Inflame"],"picked":"Pommel Strike","floor":17},{"not_picked":["Flex","Warcry"],"picked":"Havoc","floor":17},{"not_picked":["Headbutt","Seeing Red"],"picked":"Hemokinesis","floor":17},{"not_picked":["Flex","Combust"],"picked":"Bloodletting","floor":18},{"not_picked":["Iron Wave","Havoc+1"],"picked":"Shrug It Off","floor":19},{"not_picked":["Heavy Blade","Body Slam","Perfected Strike+1"],"picked":"SKIP","floor":23},{"not_picked":["Pummel","Cleave"],"picked":"Flame Barrier","floor":27},{"not_picked":["Headbutt","Cleave"],"picked":"Thunderclap","floor":30}],"player_experience":617069,"relics_obtained":[{"floor":9,"key":"Ornamental Fan"},{"floor":11,"key":"Shuriken"},{"floor":26,"key":"Juzu Bracelet"},{"floor":27,"key":"Pen Nib"}],"event_choices":[{"event_name":"Golden Idol","player_choice":"Take Damage","floor":3,"damage_taken":0},{"event_name":"Big Fish","player_choice":"Banana","floor":5,"damage_taken":0},{"event_name":"Scrap Ooze","player_choice":"success","floor":7,"damage_taken":12},{"event_name":"Vampires","player_choice":"Became a vampire","floor":21,"damage_taken":0},{"event_name":"Beggar","player_choice":"Gave Gold","floor":22,"damage_taken":0},{"event_name":"Match and Keep!","player_choice":"1 cards matched","floor":24,"damage_taken":0},{"event_name":"The Library","player_choice":"Heal","floor":29,"damage_taken":0},{"event_name":"The Mausoleum","player_choice":"Yes","floor":31,"damage_taken":0}],"is_beta":false,"boss_relics":[{"not_picked":["Empty Cage","Calling Bell"],"picked":"Orrery"}],"items_purged_floors":[20],"is_endless":false,"potions_floor_spawned":[1,11,13,16,19,27],"killed_by":"Collector","ascension_level":12}