{"gold_per_floor":[119,134,148,5,5,40,52,78,104,104,69,83,83,12,12,86,86,97,97,108,108,118,118,153,153,179,179,179,189,11,11,11,11],"floor_reached":33,"playtime":1369,"items_purged":["Strike_G","Strike_G"],"score":478,"play_id":"95b903b3-d26d-46f5-a504-7dab999754a4","local_time":"20190705202938","is_ascension_mode":true,"campfire_choices":[{"floor":10,"key":"REST"},{"data":"Bouncing Flask","floor":13,"key":"SMITH"},{"data":"Strike_G","floor":15,"key":"PURGE"},{"data":"Neutralize","floor":23,"key":"SMITH"},{"floor":25,"key":"REST"},{"data":"Noxious Fumes","floor":28,"key":"SMITH"},{"data":"Malaise","floor":32,"key":"SMITH"}],"neow_cost":"NONE","seed_source_timestamp":696284258238041,"circlet_count":0,"master_deck":["AscendersBane","Strike_G","Strike_G","Defend_G","Defend_G","Defend_G","Defend_G","Defend_G","Survivor","Neutralize+1","Poisoned Stab","Cloak And Dagger","Bouncing Flask+1","Venomology","Dagger Spray","Night Terror","Calculated Gamble","PiercingWail","Noxious Fumes+1","Unload","Well Laid Plans+1","Poisoned Stab","Backflip","Backflip","Malaise+1"],"relics":["Ring of the Snake","NeowsBlessing","Peace Pipe","Ancient Tea Set","Snake Skull","Omamori","Eternal Feather","Prayer Wheel","Dream Catcher","Anchor"],"potions_floor_usage":[3,7,8,8,8,12,18,18,22,24,24,29,33,33],"damage_taken":[{"damage":0,"enemies":"Cultist","floor":1,"turns":1},{"damage":0,"enemies":"Small Slimes","floor":2,"turns":1},{"damage":0,"enemies":"Jaw Worm","floor":3,"turns":1},{"damage":47,"enemies":"Gremlin Nob","floor":6,"turns":5},{"damage":5,"enemies":"Exordium Wildlife","floor":7,"turns":5},{"damage":10,"enemies":"Lagavulin","floor":8,"turns":6},{"damage":1,"enemies":"Large Slime","floor":12,"turns":6},{"damage":37,"enemies":"Slime Boss","floor":16,"turns":8},{"damage":13,"enemies":"Chosen","floor":18,"turns":5},{"damage":3,"enemies":"Spheric Guardian","floor":20,"turns":3},{"damage":9,"enemies":"Snecko","floor":22,"turns":6},{"damage":41,"enemies":"Book of Stabbing","floor":24,"turns":6},{"damage":20,"enemies":"Snake Plant","floor":29,"turns":4},{"damage":68,"enemies":"Collector","floor":33,"turns":6}],"seed_played":"-1373789081039492909","potions_obtained":[{"floor":2,"key":"Fruit Juice"},{"floor":3,"key":"Weak Potion"},{"floor":7,"key":"PowerPotion"},{"floor":20,"key":"FairyPotion"},{"floor":29,"key":"Strength Potion"}],"is_trial":false,"path_per_floor":["M","M","M","$","?","E","M","E","T","R","?","M","R","$","R","B",null,"M","?","M","?","M","R","E","R","T","?","R","M","$","?","R","B"],"character_chosen":"THE_SILENT","items_purchased":["Venomology","Noxious Fumes","Malaise"],"campfire_rested":2,"item_purchase_floors":[4,14,30],"current_hp_per_floor":[59,59,64,64,64,17,12,2,2,23,40,39,39,39,39,2,54,41,55,52,52,43,55,14,47,47,47,59,39,39,39,54,0],"gold":11,"neow_bonus":"THREE_ENEMY_KILL","is_prod":false,"is_daily":false,"chose_seed":false,"campfire_upgraded":4,"win_rate":0,"timestamp":1562354978,"path_taken":["M","M","M","?","?","E","?","E","T","R","?","M","R","?","R","BOSS","M","?","M","?","M","R","E","R","T","?","R","M","$","?","R","BOSS"],"build_version":"2019-07-01","purchased_purges":2,"victory":false,"max_hp_per_floor":[66,66,71,71,71,71,71,71,71,71,71,71,71,71,71,71,71,71,71,71,71,71,71,71,71,71,71,71,71,71,71,71,71],"card_choices":[{"not_picked":["Underhanded Strike","Quick Slash"],"picked":"Poisoned Stab","floor":1},{"not_picked":["Deflect","Skewer"],"picked":"Cloak And Dagger","floor":2},{"not_picked":["Backstab","Outmaneuver"],"picked":"Bouncing Flask","floor":3},{"not_picked":["Underhanded Strike","Slice"],"picked":"Dagger Spray","floor":6},{"not_picked":["Poisoned Stab","Blade Dance"],"picked":"Night Terror","floor":7},{"not_picked":["Choke","Deadly Poison"],"picked":"Calculated Gamble","floor":8},{"not_picked":["Dodge and Roll","Prepared"],"picked":"PiercingWail","floor":12},{"not_picked":["Grand Finale","Storm of Steel"],"picked":"Unload","floor":16},{"not_picked":["Backstab","Quick Slash"],"picked":"Well Laid Plans+1","floor":18},{"not_picked":["Quick Slash","Bane"],"picked":"Poisoned Stab","floor":20},{"not_picked":["Dagger Throw","Outmaneuver+1","Skewer"],"picked":"SKIP","floor":22},{"not_picked":["Underhanded Strike+1","Caltrops","Expertise"],"picked":"SKIP","floor":24},{"not_picked":["Dagger Throw","Riddle With Holes"],"picked":"Backflip","floor":29},{"not_picked":["Reflex","Slice"],"picked":"Backflip","floor":29}],"player_experience":1132871,"relics_obtained":[{"floor":6,"key":"Ancient Tea Set"},{"floor":8,"key":"Snake Skull"},{"floor":9,"key":"Omamori"},{"floor":24,"key":"Prayer Wheel"},{"floor":26,"key":"Dream Catcher"}],"event_choices":[{"damage_healed":0,"gold_gain":0,"player_choice":"Gave Potion","damage_taken":0,"relics_obtained":["Peace Pipe"],"max_hp_gain":0,"max_hp_loss":0,"event_name":"WeMeetAgain","floor":5,"gold_loss":0},{"damage_healed":17,"gold_gain":0,"player_choice":"Healed","damage_taken":0,"max_hp_gain":0,"max_hp_loss":0,"event_name":"The Cleric","floor":11,"gold_loss":35},{"damage_healed":14,"gold_gain":0,"player_choice":"Heal","damage_taken":0,"max_hp_gain":0,"max_hp_loss":0,"event_name":"The Library","floor":19,"gold_loss":0},{"damage_healed":0,"gold_gain":0,"player_choice":"Ignored","damage_taken":0,"max_hp_gain":0,"max_hp_loss":0,"event_name":"Vampires","floor":21,"gold_loss":0},{"damage_healed":0,"gold_gain":0,"player_choice":"Ignored","damage_taken":0,"max_hp_gain":0,"max_hp_loss":0,"event_name":"Cursed Tome","floor":27,"gold_loss":0},{"damage_healed":0,"gold_gain":0,"player_choice":"Stole Relic","damage_taken":0,"relics_obtained":["Anchor"],"max_hp_gain":0,"max_hp_loss":0,"event_name":"Addict","floor":31,"gold_loss":0,"cards_obtained":["Shame"]}],"is_beta":false,"boss_relics":[{"not_picked":["Tiny House","Ring of the Serpent"],"picked":"Eternal Feather"}],"items_purged_floors":[4,30],"is_endless":false,"potions_floor_spawned":[2,3,7,20,29],"killed_by":"Collector","ascension_level":15}