{"gold_per_floor":[115,115,130,150,5,5,5,5,5,36,56,56,67,67,67,138,138,150,165,165,42,42,42,56,56,108,125,125,139,14,45,45,45],"floor_reached":33,"playtime":1101,"items_purged":["Strike_R","Strike_R","Defend_R"],"score":451,"play_id":"745d68b3-c7e9-448e-8cd9-65a7ba74f9bb","local_time":"20190330165209","is_ascension_mode":true,"campfire_choices":[{"data":"True Grit","floor":6,"key":"SMITH"},{"data":"Spot Weakness","floor":8,"key":"SMITH"},{"data":"Bludgeon","floor":15,"key":"SMITH"},{"data":"True Grit","floor":23,"key":"SMITH"},{"data":"Offering","floor":25,"key":"SMITH"},{"data":"Body Slam","floor":28,"key":"SMITH"},{"floor":32,"key":"REST"}],"neow_cost":"NONE","seed_source_timestamp":382852019866100,"circlet_count":0,"master_deck":["AscendersBane","Defend_R","Defend_R","Defend_R","Bash+1","Shrug It Off","True Grit+1","Cleave+1","Spot Weakness+1","Clothesline+1","Bludgeon+1","Body Slam+1","Offering+1","Power Through","Metallicize","True Grit+1","Headbutt+1","Power Through+1","Thunderclap","Anger+1"],"relics":["Burning Blood","Orichalcum","Happy Flower","Eternal Feather","Nloth\u0027s Gift","Whetstone","Peace Pipe"],"potions_floor_usage":[13,16,18,19,31],"damage_taken":[{"damage":0,"enemies":"Jaw Worm","floor":1,"turns":1},{"damage":0,"enemies":"Cultist","floor":3,"turns":1},{"damage":0,"enemies":"Small Slimes","floor":4,"turns":1},{"damage":22,"enemies":"Gremlin Nob","floor":10,"turns":4},{"damage":14,"enemies":"Exordium Thugs","floor":11,"turns":5},{"damage":7,"enemies":"Large Slime","floor":13,"turns":3},{"damage":32,"enemies":"Slime Boss","floor":16,"turns":10},{"damage":6,"enemies":"Chosen","floor":18,"turns":4},{"damage":12,"enemies":"Spheric Guardian","floor":19,"turns":3},{"damage":21,"enemies":"Centurion and Healer","floor":24,"turns":8},{"damage":15,"enemies":"3 Cultists","floor":27,"turns":6},{"damage":24,"enemies":"Shelled Parasite and Fungi","floor":29,"turns":6},{"damage":35,"enemies":"Slavers","floor":31,"turns":4},{"damage":58,"enemies":"Champ","floor":33,"turns":10}],"seed_played":"1482100730772394439","potions_obtained":[{"floor":1,"key":"Swift Potion"},{"floor":10,"key":"Regen Potion"},{"floor":16,"key":"Block Potion"},{"floor":19,"key":"Fruit Juice"},{"floor":29,"key":"SteroidPotion"}],"is_trial":false,"path_per_floor":["M","?","M","M","$","R","$","R","T","E","M","?","M","?","R","B",null,"M","M","?","$","?","R","M","R","T","M","R","M","$","E","R","B"],"character_chosen":"IRONCLAD","items_purchased":["Spot Weakness","True Grit"],"campfire_rested":1,"item_purchase_floors":[5,21],"current_hp_per_floor":[74,74,75,75,75,75,75,75,75,59,51,51,59,59,59,33,65,65,64,64,64,64,73,58,67,67,58,67,49,49,20,56,0],"gold":45,"neow_bonus":"THREE_ENEMY_KILL","is_prod":false,"is_daily":false,"chose_seed":false,"campfire_upgraded":6,"win_rate":0,"timestamp":1553961129,"path_taken":["M","?","M","?","$","R","?","R","T","E","M","?","?","?","R","BOSS","M","?","?","$","?","R","M","R","T","M","R","M","$","E","R","BOSS"],"build_version":"2019-01-23","purchased_purges":3,"victory":false,"max_hp_per_floor":[75,75,75,75,75,75,75,75,75,75,75,75,75,75,75,75,75,75,80,80,80,80,80,80,80,80,80,80,80,80,80,80,80],"card_choices":[{"not_picked":["Blood for Blood","Disarm"],"picked":"Shrug It Off","floor":1},{"not_picked":["Combust","Ghostly Armor"],"picked":"True Grit","floor":3},{"not_picked":["Rage","Pummel"],"picked":"Cleave","floor":4},{"not_picked":["Spot Weakness","Sword Boomerang"],"picked":"Clothesline","floor":10},{"not_picked":["Sword Boomerang","Rampage"],"picked":"Bludgeon","floor":11},{"not_picked":["Warcry","Metallicize"],"picked":"Body Slam","floor":13},{"not_picked":["Limit Break","Juggernaut"],"picked":"Offering","floor":16},{"not_picked":["Clash","Havoc"],"picked":"Power Through","floor":18},{"not_picked":["Clash","Perfected Strike"],"picked":"Metallicize","floor":19},{"not_picked":["Disarm","Uppercut"],"picked":"Headbutt+1","floor":24},{"not_picked":["True Grit","Searing Blow"],"picked":"Power Through+1","floor":27},{"not_picked":["Blood for Blood","Offering"],"picked":"Thunderclap","floor":29},{"not_picked":["Cleave","Headbutt+1"],"picked":"Anger+1","floor":31}],"player_experience":1009712,"relics_obtained":[{"floor":9,"key":"Orichalcum"},{"floor":10,"key":"Happy Flower"},{"floor":26,"key":"Whetstone"},{"floor":31,"key":"Peace Pipe"}],"event_choices":[{"damage_healed":0,"gold_gain":0,"player_choice":"Upgraded","damage_taken":0,"max_hp_gain":0,"max_hp_loss":0,"event_name":"Upgrade Shrine","floor":2,"gold_loss":0,"cards_upgraded":["Bash"]},{"cards_removed":["Strike_R"],"damage_healed":0,"gold_gain":0,"player_choice":"Offered Basic","damage_taken":0,"max_hp_gain":0,"max_hp_loss":0,"event_name":"Bonfire Elementals","floor":12,"gold_loss":0},{"cards_removed":["Strike_R"],"damage_healed":0,"gold_gain":0,"player_choice":"Purged","damage_taken":0,"max_hp_gain":0,"max_hp_loss":0,"event_name":"Purifier","floor":14,"gold_loss":0},{"cards_removed":["Strike_R"],"damage_healed":0,"gold_gain":0,"player_choice":"Elegance","damage_taken":0,"max_hp_gain":0,"max_hp_loss":0,"event_name":"Back to Basics","floor":20,"gold_loss":0},{"damage_healed":0,"gold_gain":0,"player_choice":"Traded Relic","damage_taken":0,"relics_obtained":["Nloth\u0027s Gift"],"max_hp_gain":0,"max_hp_loss":0,"event_name":"N\u0027loth","floor":22,"relics_lost":["NeowsBlessing"],"gold_loss":0}],"is_beta":false,"boss_relics":[{"not_picked":["White Beast Statue","Black Blood"],"picked":"Eternal Feather"}],"items_purged_floors":[5,21,30],"is_endless":false,"potions_floor_spawned":[1,10,11,16,19,29],"killed_by":"Champ","ascension_level":14}