{"gold_per_floor":[117,117,133,58,58,92,106,120,120,163,163,163,163,194,194,283,283,307,322,346,366,35,35,76,76,76,76,76,76,76,97,97,97],"floor_reached":33,"playtime":1464,"items_purged":["Dualcast"],"score":616,"play_id":"5613d14f-35b2-43b2-bf8e-136b6f5d0350","local_time":"20190508123326","is_ascension_mode":true,"campfire_choices":[{"data":"Chaos","floor":11.0,"key":"SMITH"},{"data":"Zap","floor":15.0,"key":"SMITH"},{"floor":23.0,"key":"REST"},{"floor":29.0,"key":"REST"},{"floor":32.0,"key":"REST"}],"neow_cost":"NONE","seed_source_timestamp":0,"circlet_count":0,"master_deck":["AscendersBane","Zap+1","Gash+1","Beam Cell","All For One","Cold Snap","Chaos+1","FTL","Ball Lightning","Leap","Machine Learning+1","Reprogram","Glacier","Darkness","Conserve Battery","Steam Power","Glacier","Beam Cell","Coolheaded","Go for the Eyes+1","Flash of Steel","Chill"],"special_seed":0,"relics":["Cracked Core","Golden Idol","Whetstone","Art of War","Pear","Frozen Egg 2","Pen Nib","Pandora\u0027s Box","DataDisk","Potion Belt","Shovel","Ancient Tea Set","Nloth\u0027s Gift"],"potions_floor_usage":[33,33],"damage_taken":[{"damage":0.0,"enemies":"Jaw Worm","floor":1.0,"turns":1.0},{"damage":0.0,"enemies":"Cultist","floor":3.0,"turns":1.0},{"damage":0.0,"enemies":"Gremlin Nob","floor":6.0,"turns":1.0},{"damage":0.0,"enemies":"Small Slimes","floor":7.0,"turns":2.0},{"damage":1.0,"enemies":"Blue Slaver","floor":8.0,"turns":2.0},{"damage":16.0,"enemies":"3 Sentries","floor":10.0,"turns":5.0},{"damage":4.0,"enemies":"Gremlin Nob","floor":14.0,"turns":3.0},{"damage":22.0,"enemies":"Slime Boss","floor":16.0,"turns":7.0},{"damage":0.0,"enemies":"3 Byrds","floor":18.0,"turns":6.0},{"damage":5.0,"enemies":"Spheric Guardian","floor":19.0,"turns":4.0},{"damage":7.0,"enemies":"Snake Plant","floor":20.0,"turns":3.0},{"damage":40.0,"enemies":"Cultist and Chosen","floor":21.0,"turns":6.0},{"damage":17.0,"enemies":"Book of Stabbing","floor":24.0,"turns":4.0},{"damage":6.0,"enemies":"Shelled Parasite and Fungi","floor":31.0,"turns":3.0},{"damage":56,"enemies":"Automaton","floor":33,"turns":10}],"seed_played":"-6592177484147062306","potions_obtained":[{"floor":6.0,"key":"Poison Potion"},{"floor":8.0,"key":"Poison Potion"},{"floor":10.0,"key":"Strength Potion"},{"floor":21.0,"key":"Block Potion"},{"floor":24.0,"key":"Energy Potion"}],"is_trial":false,"path_per_floor":["M","?","M","$","?","E","M","M","T","E","R","?","T","E","R","B",null,"M","M","M","M","$","R","E","?","T","?","?","R","?","M","R","B"],"character_chosen":"DEFECT","items_purchased":["All For One","DataDisk","Flash of Steel"],"campfire_rested":3,"item_purchase_floors":[4,22,22],"current_hp_per_floor":[64,64,64,64,64,64,64,63,63,57,57,57,57,53,53,31,63,63,58,51,11,11,33,16,16,16,16,16,38,38,32,54,0],"gold":97,"neow_bonus":"THREE_ENEMY_KILL","is_prod":false,"is_daily":false,"chose_seed":false,"campfire_upgraded":2,"win_rate":0,"timestamp":1557311606,"path_taken":["M","?","?","$","?","E","M","M","T","E","R","?","?","E","R","BOSS","M","M","M","M","$","R","E","?","T","?","?","R","?","?","R","BOSS"],"build_version":"2019-01-23","purchased_purges":1,"victory":false,"max_hp_per_floor":[71,71,71,71,64,64,64,64,64,74,74,74,74,74,74,74,74,74,74,74,74,74,74,74,74,74,74,74,74,74,74,74,74],"card_choices":[{"not_picked":["Barrage","Conserve Battery"],"picked":"Gash","floor":1.0},{"not_picked":["Compile Driver","Steam"],"picked":"Beam Cell","floor":3.0},{"not_picked":["Creative AI","Sweeping Beam"],"picked":"Cold Snap","floor":6.0},{"not_picked":["Coolheaded","Sunder"],"picked":"Chaos","floor":7.0},{"not_picked":["Melter","Cold Snap"],"picked":"FTL","floor":8.0},{"not_picked":["Redo","Stack"],"picked":"Ball Lightning","floor":10.0},{"not_picked":["Redo","Multi-Cast"],"picked":"Leap","floor":14.0},{"not_picked":["Core Surge","Thunder Strike"],"picked":"Machine Learning+1","floor":16.0},{"not_picked":["Redo","Force Field","Stack"],"picked":"SKIP","floor":18.0},{"not_picked":["Conserve Battery","Hologram"],"picked":"Beam Cell","floor":19.0},{"not_picked":["Rebound","White Noise"],"picked":"Coolheaded","floor":20.0},{"not_picked":["Coolheaded","Consume"],"picked":"Go for the Eyes+1","floor":21.0},{"not_picked":["Scrape","Beam Cell"],"picked":"Chill","floor":24.0},{"not_picked":["Streamline+1","Force Field","Recycle"],"picked":"SKIP","floor":31.0}],"player_experience":781879,"relics_obtained":[{"floor":6.0,"key":"Whetstone"},{"floor":9.0,"key":"Art of War"},{"floor":10.0,"key":"Pear"},{"floor":13.0,"key":"Frozen Egg 2"},{"floor":14.0,"key":"Pen Nib"},{"floor":24.0,"key":"Potion Belt"},{"floor":26.0,"key":"Ancient Tea Set"}],"event_choices":[{"cards_removed":["Strike_B"],"damage_healed":0.0,"max_hp_gain":0.0,"max_hp_loss":0.0,"gold_gain":0.0,"event_name":"Purifier","player_choice":"Purged","floor":2.0,"gold_loss":0.0,"damage_taken":0.0},{"damage_healed":0.0,"max_hp_gain":0.0,"max_hp_loss":7.0,"gold_gain":0.0,"event_name":"Golden Idol","player_choice":"Lose Max HP","floor":5.0,"gold_loss":0.0,"damage_taken":0.0,"relics_obtained":["Golden Idol"]},{"cards_removed":["Strike_B"],"damage_healed":0.0,"max_hp_gain":0.0,"max_hp_loss":0.0,"gold_gain":0.0,"event_name":"Living Wall","player_choice":"Forget","floor":12.0,"gold_loss":0.0,"damage_taken":0.0},{"damage_healed":0.0,"max_hp_gain":0.0,"max_hp_loss":0.0,"gold_gain":0.0,"event_name":"Addict","player_choice":"Stole Relic","floor":25.0,"gold_loss":0.0,"damage_taken":0.0,"relics_obtained":["Shovel"],"cards_obtained":["Shame"]},{"cards_removed":["Shame"],"damage_healed":0.0,"max_hp_gain":0.0,"max_hp_loss":0.0,"gold_gain":0.0,"event_name":"Back to Basics","player_choice":"Elegance","floor":27.0,"gold_loss":0.0,"damage_taken":0.0},{"damage_healed":0.0,"max_hp_gain":0.0,"max_hp_loss":0.0,"gold_gain":0.0,"event_name":"Vampires","player_choice":"Ignored","floor":28.0,"gold_loss":0.0,"damage_taken":0.0},{"damage_healed":0.0,"max_hp_gain":0.0,"max_hp_loss":0.0,"gold_gain":0.0,"event_name":"N\u0027loth","player_choice":"Traded Relic","floor":30.0,"relics_lost":["NeowsBlessing"],"gold_loss":0.0,"damage_taken":0.0,"relics_obtained":["Nloth\u0027s Gift"]}],"is_beta":false,"boss_relics":[{"not_picked":["Runic Pyramid","Calling Bell"],"picked":"Pandora\u0027s Box"}],"items_purged_floors":[22],"is_endless":false,"potions_floor_spawned":[6,8,10,21,24],"killed_by":"Automaton","ascension_level":20}