{"gold_per_floor":[109,109,59,59,78,78,116,116,116,116,154,173,173,173,173,173],"floor_reached":16,"playtime":416,"items_purged":[],"score":175,"play_id":"402879f9-3df3-40c6-9d57-42d2016a2303","local_time":"20190316111014","is_ascension_mode":true,"campfire_choices":[{"data":"Zap","floor":6,"key":"SMITH"},{"data":"Barrage","floor":8,"key":"SMITH"},{"data":"Conserve Battery","floor":10,"key":"SMITH"},{"floor":15,"key":"REST"}],"neow_cost":"NONE","seed_source_timestamp":289770997553000,"circlet_count":0,"master_deck":["AscendersBane","Strike_B","Strike_B","Strike_B","Strike_B","Defend_B","Defend_B","Defend_B","Defend_B","Zap+1","Dualcast","Conserve Battery+1","Barrage+1","Glacier","Reinforced Body","Chill"],"relics":["Cracked Core","Vajra","Golden Idol","Blue Candle","Calipers","Pen Nib","Strawberry"],"potions_floor_usage":[7,16],"damage_taken":[{"damage":4,"enemies":"2 Louse","floor":1,"turns":3},{"damage":0,"enemies":"Small Slimes","floor":5,"turns":3},{"damage":33,"enemies":"3 Sentries","floor":7,"turns":8},{"damage":12,"enemies":"Lagavulin","floor":11,"turns":6},{"damage":2,"enemies":"Jaw Worm","floor":12,"turns":3},{"damage":52,"enemies":"Slime Boss","floor":16,"turns":14}],"seed_played":"-254938343492536016","potions_obtained":[{"floor":1,"key":"Regen Potion"},{"floor":11,"key":"FearPotion"}],"is_trial":false,"path_per_floor":["M","?","?","$","M","R","E","R","T","R","E","M","?","?","R","B"],"character_chosen":"DEFECT","items_purchased":[],"campfire_rested":1,"item_purchase_floors":[],"current_hp_per_floor":[64,64,64,64,64,64,46,46,46,46,34,32,37,26,52,0],"gold":173,"neow_bonus":"RANDOM_COMMON_RELIC","is_prod":false,"is_daily":false,"chose_seed":false,"campfire_upgraded":3,"win_rate":0,"timestamp":1552731014,"path_taken":["M","?","?","$","M","R","E","R","T","R","E","M","?","?","R","BOSS"],"build_version":"2019-01-23","purchased_purges":0,"victory":false,"max_hp_per_floor":[75,75,75,75,75,75,75,75,75,75,75,75,80,87,87,87],"card_choices":[{"not_picked":["Glacier","Gash"],"picked":"Conserve Battery","floor":1},{"not_picked":["Sweeping Beam","Fusion"],"picked":"Barrage","floor":5},{"not_picked":["Stack","Chill"],"picked":"Glacier","floor":7},{"not_picked":["Auto Shields","Blizzard"],"picked":"Reinforced Body","floor":11},{"not_picked":["Darkness","Cold Snap"],"picked":"Chill","floor":12}],"player_experience":988763,"relics_obtained":[{"floor":7,"key":"Blue Candle"},{"floor":9,"key":"Calipers"},{"floor":11,"key":"Pen Nib"}],"event_choices":[{"damage_healed":0,"gold_gain":0,"player_choice":"Take Wound","damage_taken":0,"relics_obtained":["Golden Idol"],"max_hp_gain":0,"max_hp_loss":0,"event_name":"Golden Idol","floor":2,"gold_loss":0,"cards_obtained":["Injury"]},{"cards_removed":["Injury"],"damage_healed":0,"gold_gain":0,"player_choice":"Card Removal","damage_taken":0,"max_hp_gain":0,"max_hp_loss":0,"event_name":"The Cleric","floor":3,"gold_loss":50},{"damage_healed":0,"gold_gain":0,"player_choice":"Donut","damage_taken":0,"max_hp_gain":5,"max_hp_loss":0,"event_name":"Big Fish","floor":13,"gold_loss":0},{"damage_healed":0,"gold_gain":0,"player_choice":"Success","damage_taken":18,"relics_obtained":["Strawberry"],"max_hp_gain":0,"max_hp_loss":0,"event_name":"Scrap Ooze","floor":14,"gold_loss":0}],"is_beta":false,"boss_relics":[],"items_purged_floors":[],"is_endless":false,"potions_floor_spawned":[1,11],"killed_by":"Slime Boss","ascension_level":13}