{"gold_per_floor":[118,168,188,23,46,46,46,76,103,103,138,150,174,206,218,301,313,338,44,44],"floor_reached":20,"playtime":715,"items_purged":["Strike_B"],"score":333,"play_id":"41e2ae7a-ef0c-4bd2-993d-bfcff90f6473","local_time":"20190808161137","is_ascension_mode":true,"campfire_choices":[{"data":"Zap","floor":7,"key":"SMITH"},{"floor":10,"key":"REST"},{"floor":15,"key":"REST"}],"neow_cost":"NONE","seed_source_timestamp":515540503225300,"circlet_count":0,"master_deck":["AscendersBane","Strike_B+1","Strike_B+1","Defend_B","Defend_B","Zap+1","Dualcast","Defragment","Genetic Algorithm","White Noise","Self Repair","Redo","Zap","Rainbow","Compile Driver","Sweeping Beam","Consume","Multi-Cast","Leap","Fusion"],"relics":["Cracked Core","Regal Pillow","Blood Vial","Whetstone","MawBank","Empty Cage","Bottled Lightning"],"potions_floor_usage":[8],"damage_taken":[{"damage":7,"enemies":"2 Louse","floor":1,"turns":3},{"damage":0,"enemies":"Cultist","floor":3,"turns":3},{"damage":42,"enemies":"3 Sentries","floor":8,"turns":7},{"damage":33,"enemies":"Gremlin Nob","floor":11,"turns":5},{"damage":0,"enemies":"Jaw Worm","floor":13,"turns":3},{"damage":12,"enemies":"Looter","floor":14,"turns":3},{"damage":23,"enemies":"Slime Boss","floor":16,"turns":9},{"damage":59,"enemies":"Shell Parasite","floor":18,"turns":7}],"seed_played":"-5334643667421219140","potions_obtained":[{"floor":3,"key":"Swift Potion"},{"floor":8,"key":"FearPotion"}],"is_trial":false,"path_per_floor":["M","?","M","$","T","?","R","E","T","R","E","$","M","M","R","B",null,"M","$","?"],"character_chosen":"DEFECT","items_purchased":["Self Repair","Redo","Bottled Lightning","Fusion"],"campfire_rested":2,"item_purchase_floors":[4,4,19,19],"current_hp_per_floor":[57,50,50,50,50,50,50,8,8,44,20,20,29,26,62,48,65,15,15,0],"gold":44,"neow_bonus":"TRANSFORM_CARD","is_prod":false,"is_daily":false,"chose_seed":false,"campfire_upgraded":1,"win_rate":0,"timestamp":1565273497,"path_taken":["M","?","M","?","?","?","R","E","T","R","E","$","M","M","R","BOSS","M","$","?"],"build_version":"2019-07-17","purchased_purges":1,"victory":false,"max_hp_per_floor":[71,71,71,71,71,71,71,71,71,71,71,71,71,71,71,71,71,71,71,76],"card_choices":[{"not_picked":["Leap","Streamline"],"picked":"Genetic Algorithm","floor":1},{"not_picked":["Go for the Eyes","Turbo"],"picked":"White Noise","floor":3},{"not_picked":["Cold Snap","Coolheaded"],"picked":"Rainbow","floor":8},{"not_picked":["Rebound","Skim"],"picked":"Compile Driver","floor":11},{"not_picked":["Reprogram","Rebound"],"picked":"Sweeping Beam","floor":13},{"not_picked":["Rip and Tear","Chill"],"picked":"Consume","floor":14},{"not_picked":["Reboot","Rainbow"],"picked":"Multi-Cast","floor":16},{"not_picked":["Streamline","Hello World"],"picked":"Leap","floor":18}],"player_experience":1819906,"relics_obtained":[{"floor":5,"key":"Regal Pillow"},{"floor":8,"key":"Blood Vial"},{"floor":9,"key":"Whetstone"},{"floor":11,"key":"MawBank"}],"event_choices":[{"damage_healed":0,"gold_gain":50,"player_choice":"Touch","damage_taken":7,"max_hp_gain":0,"max_hp_loss":0,"event_name":"FaceTrader","floor":2,"gold_loss":0},{"damage_healed":0,"gold_gain":0,"player_choice":"1 cards matched","damage_taken":0,"max_hp_gain":0,"max_hp_loss":0,"event_name":"Match and Keep!","floor":6,"gold_loss":0,"cards_obtained":["Zap"]}],"is_beta":false,"boss_relics":[{"not_picked":["Pandora\u0027s Box","FrozenCore"],"picked":"Empty Cage"}],"items_purged_floors":[4],"is_endless":false,"potions_floor_spawned":[3,8],"ascension_level":17}