{"gold_per_floor":[116,134,66,84,9,9,22,47,47,47,47,65,65,82,82,155,155,165,175,28,28,28,28,44,76,100,100,100],"floor_reached":28,"playtime":1075,"items_purged":["Strike_B"],"score":405,"play_id":"b1838f59-c5b2-4f29-b839-e437d5cba643","local_time":"20180914115651","is_ascension_mode":true,"campfire_choices":[{"data":"Static Discharge","floor":6,"key":"SMITH"},{"floor":10,"key":"REST"},{"floor":15,"key":"REST"},{"floor":23,"key":"REST"},{"floor":27,"key":"REST"}],"neow_cost":"NONE","seed_source_timestamp":126213957469061,"circlet_count":0,"master_deck":["Strike_B","Strike_B","Defend_B","Defend_B","Defend_B","Defend_B","Zap","Dualcast","AscendersBane","Force Field","Compile Driver","Beam Cell","Static Discharge+1","Cold Snap","Genetic Algorithm","Doom and Gloom","Lockon","Steam","Echo Form","Skim+1","Shame"],"relics":["Cracked Core","Bottled Tornado","Mummified Hand","Nuclear Battery","Anchor","Lantern","Mango","Pen Nib"],"potions_floor_usage":[8,8,16],"damage_taken":[{"damage":1,"enemies":"Cultist","floor":1,"turns":4},{"damage":3,"enemies":"2 Louse","floor":2,"turns":2},{"damage":7,"enemies":"Jaw Worm","floor":4,"turns":3},{"damage":16,"enemies":"Exordium Wildlife","floor":7,"turns":3},{"damage":30,"enemies":"Gremlin Nob","floor":8,"turns":4},{"damage":13,"enemies":"Lots of Slimes","floor":12,"turns":2},{"damage":11,"enemies":"Blue Slaver","floor":14,"turns":2},{"damage":4,"enemies":"Slime Boss","floor":16,"turns":8},{"damage":3,"enemies":"3 Byrds","floor":18,"turns":2},{"damage":22,"enemies":"2 Thieves","floor":19,"turns":3},{"damage":22,"enemies":"Snake Plant","floor":24,"turns":2},{"damage":21,"enemies":"Slavers","floor":25,"turns":4},{"damage":58,"enemies":"Gremlin Leader","floor":28,"turns":4}],"seed_played":"698105628940859157","potions_obtained":[{"floor":1,"key":"Strength Potion"},{"floor":2,"key":"Regen Potion"},{"floor":8,"key":"SteroidPotion"},{"floor":14,"key":"AttackPotion"},{"floor":16,"key":"Strength Potion"}],"is_trial":false,"path_per_floor":["M","M","$","M","$","R","M","E","T","R","$","M","?","M","R","B",null,"M","M","$","?","$","R","M","E","T","R"],"character_chosen":"DEFECT","items_purchased":["Static Discharge","Anchor"],"campfire_rested":4,"item_purchase_floors":[3,20],"current_hp_per_floor":[63,60,60,53,53,53,37,19,19,40,40,27,27,16,37,33,62,59,37,37,37,37,58,36,29,29,54,0],"gold":100,"neow_bonus":"TRANSFORM_CARD","is_prod":false,"is_daily":false,"chose_seed":false,"campfire_upgraded":1,"win_rate":0,"timestamp":1536922611,"path_taken":["M","?","$","M","$","R","M","E","T","R","$","M","?","M","R","BOSS","M","?","$","?","?","R","M","E","T","R","E"],"build_version":"2018-09-06","purchased_purges":1,"victory":false,"max_hp_per_floor":[71,71,71,71,71,71,71,71,71,71,71,71,71,71,71,71,71,71,71,71,71,71,71,71,85,85,85,85],"card_choices":[{"not_picked":["Heatsinks","Darkness"],"picked":"Compile Driver","floor":1},{"not_picked":["Rebound","Hello World"],"picked":"Beam Cell","floor":2},{"not_picked":["Turbo","Beam Cell"],"picked":"Cold Snap","floor":4},{"not_picked":["Tempest","Double Energy"],"picked":"Genetic Algorithm","floor":7},{"not_picked":["Redo","Consume"],"picked":"Doom and Gloom","floor":8},{"not_picked":["Genetic Algorithm","Compile Driver"],"picked":"Lockon","floor":12},{"not_picked":["Go for the Eyes","Gash"],"picked":"Steam","floor":14},{"not_picked":["Reboot","All For One"],"picked":"Echo Form","floor":16},{"not_picked":["Sweeping Beam+1","Turbo"],"picked":"Skim+1","floor":18},{"not_picked":["Doom and Gloom","Redo","Coolheaded"],"picked":"SKIP","floor":19},{"not_picked":["Streamline","Barrage+1","Gash"],"picked":"SKIP","floor":24},{"not_picked":["Darkness","Steam Power","Rebound"],"picked":"SKIP","floor":25}],"player_experience":739763,"relics_obtained":[{"floor":8,"key":"Bottled Tornado"},{"floor":9,"key":"Mummified Hand"},{"floor":25,"key":"Mango"},{"floor":26,"key":"Pen Nib"}],"event_choices":[{"event_name":"Golden Idol","player_choice":"Ignored","floor":13,"damage_taken":0},{"event_name":"Addict","player_choice":"Stole Relic","floor":21,"damage_taken":0}],"is_beta":false,"boss_relics":[{"not_picked":["Cursed Key","Orrery"],"picked":"Nuclear Battery"}],"items_purged_floors":[5],"is_endless":false,"potions_floor_spawned":[1,2,8,14,16,18],"killed_by":"Gremlin Leader","ascension_level":14}