{"gold_per_floor":[113,113,124,137,156,156,156,176,176,48,64,64,96,7,7,78,78,95,108,28,28,47,47,373,389,389,389,422,435,435,463,463,534,534,553,553,453,37,37,37,51,64,64,64,90,100,151,167,167,167],"floor_reached":51,"playtime":2610,"items_purged":["Strike_G","Strike_G","Strike_G+1","Dagger Throw+1"],"score":1357,"play_id":"d6359e95-57b9-434d-86c7-d4bb47621690","local_time":"20191001162205","is_ascension_mode":true,"campfire_choices":[{"data":"Neutralize","floor":6.0,"key":"SMITH"},{"data":"Sucker Punch","floor":12.0,"key":"SMITH"},{"floor":15.0,"key":"REST"},{"data":"Noxious Fumes","floor":23.0,"key":"SMITH"},{"data":"Backflip","floor":27.0,"key":"SMITH"},{"data":"1","floor":30.0,"key":"LIFT"},{"data":"Leg Sweep","floor":32.0,"key":"SMITH"},{"data":"Burst","floor":40.0,"key":"SMITH"},{"data":"Malaise","floor":44.0,"key":"SMITH"},{"data":"Catalyst","floor":49,"key":"SMITH"}],"neow_cost":"TEN_PERCENT_HP_LOSS","seed_source_timestamp":0,"circlet_count":0,"master_deck":["AscendersBane","Defend_G","Defend_G","Defend_G","Defend_G","Survivor","Neutralize+1","Bouncing Flask+1","Sucker Punch+1","Poisoned Stab+1","Glass Knife+1","Dash+1","Noxious Fumes+1","Leg Sweep+1","Ghostly","Ghostly","Ghostly","Ghostly","Ghostly","Backflip+1","Well Laid Plans","Burst+1","Catalyst+1","Malaise+1","Backflip+1","Die Die Die+1","Backflip","Backflip"],"special_seed":0,"relics":["Ring of the Snake","Dodecahedron","Molten Egg 2","The Courier","Black Star","Pantograph","Old Coin","Whetstone","Girya","Happy Flower","Blood Vial","Centennial Puzzle","Coffee Dripper","DollysMirror","Ornamental Fan","Sundial","Boot","Tough Bandages"],"potions_floor_usage":[50,50],"damage_taken":[{"damage":16.0,"enemies":"Small Slimes","floor":1.0,"turns":5.0},{"damage":0.0,"enemies":"2 Louse","floor":3.0,"turns":4.0},{"damage":0.0,"enemies":"Cultist","floor":4.0,"turns":4.0},{"damage":0.0,"enemies":"Red Slaver","floor":5.0,"turns":7.0},{"damage":5.0,"enemies":"2 Fungi Beasts","floor":8.0,"turns":5.0},{"damage":3.0,"enemies":"Exordium Thugs","floor":11.0,"turns":5.0},{"damage":7.0,"enemies":"Lagavulin","floor":13.0,"turns":4.0},{"damage":3.0,"enemies":"Hexaghost","floor":16.0,"turns":9.0},{"damage":6.0,"enemies":"Spheric Guardian","floor":18.0,"turns":5.0},{"damage":7.0,"enemies":"Shell Parasite","floor":19.0,"turns":7.0},{"damage":4.0,"enemies":"Shelled Parasite and Fungi","floor":22.0,"turns":5.0},{"damage":6.0,"enemies":"Slavers","floor":24.0,"turns":6.0},{"damage":1.0,"enemies":"Snecko","floor":25.0,"turns":5.0},{"damage":4.0,"enemies":"Gremlin Leader","floor":28.0,"turns":6.0},{"damage":2.0,"enemies":"Chosen and Byrds","floor":29.0,"turns":7.0},{"damage":0.0,"enemies":"Book of Stabbing","floor":31.0,"turns":6.0},{"damage":22.0,"enemies":"Champ","floor":33.0,"turns":13.0},{"damage":0.0,"enemies":"3 Shapes","floor":35.0,"turns":4.0},{"damage":0.0,"enemies":"Orb Walker","floor":41.0,"turns":4.0},{"damage":2.0,"enemies":"Writhing Mass","floor":42.0,"turns":5.0},{"damage":0.0,"enemies":"Nemesis","floor":45.0,"turns":7.0},{"damage":2.0,"enemies":"Spire Growth","floor":46.0,"turns":7.0},{"damage":4.0,"enemies":"2 Orb Walkers","floor":47.0,"turns":5.0},{"damage":2,"enemies":"Sphere and 2 Shapes","floor":48,"turns":4},{"damage":11,"enemies":"Awakened One","floor":50,"turns":14}],"seed_played":"7478554922554813706","potions_obtained":[{"floor":5.0,"key":"SteroidPotion"},{"floor":11.0,"key":"Poison Potion"},{"floor":13.0,"key":"GhostInAJar"},{"floor":25.0,"key":"Block Potion"},{"floor":29.0,"key":"SkillPotion"},{"floor":35.0,"key":"SkillPotion"},{"floor":45.0,"key":"Poison Potion"},{"floor":48,"key":"GhostInAJar"}],"is_trial":false,"path_per_floor":["M","?","M","M","M","R","?","M","T","$","M","R","E","$","R","B",null,"M","M","$","?","M","R","E","M","T","R","E","M","R","E","R","B",null,"M","?","$","$","?","R","M","M","T","R","E","M","?","M","R","B",null],"character_chosen":"THE_SILENT","items_purchased":["Poisoned Stab+1","Noxious Fumes","Leg Sweep","Catalyst","Malaise","DollysMirror"],"campfire_rested":1,"item_purchase_floors":[10,14,14,38,38,38],"current_hp_per_floor":[47,22,22,22,22,22,22,17,17,17,14,14,7,7,25,22,53,47,40,40,31,27,27,21,20,20,20,16,14,14,14,14,9,26,28,28,28,28,28,28,29,27,27,27,29,27,25,25,25,18],"gold":167,"neow_bonus":"REMOVE_TWO","is_prod":false,"is_daily":false,"chose_seed":false,"campfire_upgraded":8,"win_rate":0,"timestamp":1569972125,"path_taken":["M","?","M","M","M","R","?","?","T","?","M","R","E","$","R","BOSS","M","M","$","?","M","R","E","M","T","R","E","M","R","E","R","BOSS","M","?","?","$","?","R","?","M","T","R","E","?","?","M","R","BOSS"],"build_version":"2019-07-17","purchased_purges":4,"victory":true,"max_hp_per_floor":[63,63,63,63,63,63,63,63,63,63,63,63,63,63,63,63,63,63,63,63,31,31,31,31,31,31,31,31,31,31,31,31,31,31,31,31,31,31,29,29,29,29,29,29,29,29,29,29,29,29],"card_choices":[{"not_picked":["Deadly Poison","PiercingWail"],"picked":"Dagger Throw","floor":1.0},{"not_picked":["Calculated Gamble","Poisoned Stab","Blade Dance"],"picked":"SKIP","floor":3.0},{"not_picked":["Deflect","Poisoned Stab","Crippling Poison"],"picked":"SKIP","floor":4.0},{"not_picked":["Bane","Catalyst"],"picked":"Bouncing Flask","floor":5.0},{"not_picked":["Blade Dance","Distraction"],"picked":"Sucker Punch","floor":8.0},{"not_picked":["Backflip","Quick Slash+1"],"picked":"Glass Knife+1","floor":11.0},{"not_picked":["Flying Knee+1","Dagger Throw+1"],"picked":"Dash+1","floor":13.0},{"not_picked":["Tactician","Flying Knee+1","Flechettes+1"],"picked":"SKIP","floor":18.0},{"not_picked":["Dagger Throw+1","Deadly Poison","Blade Dance"],"picked":"SKIP","floor":19.0},{"not_picked":["Prepared","Reflex"],"picked":"Backflip","floor":22.0},{"not_picked":["Outmaneuver+1","Blade Dance","Slice+1"],"picked":"SKIP","floor":24.0},{"not_picked":["Dagger Spray+1","Quick Slash+1"],"picked":"Well Laid Plans","floor":25.0},{"not_picked":["Reflex","Bane+1","Outmaneuver+1"],"picked":"SKIP","floor":28.0},{"not_picked":["Deflect","Acrobatics","Escape Plan"],"picked":"SKIP","floor":29.0},{"not_picked":["Flying Knee+1","Prepared","Underhanded Strike+1"],"picked":"SKIP","floor":31.0},{"not_picked":["Malaise","Unload+1"],"picked":"Burst","floor":33.0},{"not_picked":["Dagger Throw+1","Expertise","Dodge and Roll"],"picked":"SKIP","floor":35.0},{"not_picked":["Bane+1","Outmaneuver+1","Acrobatics"],"picked":"SKIP","floor":41.0},{"not_picked":["Bane+1","Outmaneuver+1","Acrobatics"],"picked":"SKIP","floor":41.0},{"not_picked":["Flying Knee+1","Calculated Gamble"],"picked":"Die Die Die+1","floor":42.0},{"not_picked":["Bane+1","Masterful Stab+1"],"picked":"Backflip","floor":45.0},{"not_picked":["Deadly Poison+1","Cloak And Dagger"],"picked":"Backflip","floor":46.0},{"not_picked":["Dagger Throw+1","Deadly Poison","Slice+1"],"picked":"SKIP","floor":48}],"player_experience":289016,"relics_obtained":[{"floor":9.0,"key":"Molten Egg 2"},{"floor":13.0,"key":"The Courier"},{"floor":24.0,"key":"Pantograph"},{"floor":24.0,"key":"Old Coin"},{"floor":26.0,"key":"Whetstone"},{"floor":28.0,"key":"Girya"},{"floor":28.0,"key":"Happy Flower"},{"floor":31.0,"key":"Blood Vial"},{"floor":31.0,"key":"Centennial Puzzle"},{"floor":43.0,"key":"Ornamental Fan"},{"floor":45.0,"key":"Sundial"},{"floor":45.0,"key":"Boot"},{"floor":47.0,"key":"Tough Bandages"}],"event_choices":[{"damage_healed":0.0,"max_hp_gain":0.0,"max_hp_loss":0.0,"gold_gain":0.0,"event_name":"Scrap Ooze","player_choice":"Success","floor":2.0,"gold_loss":0.0,"damage_taken":25.0,"relics_obtained":["Dodecahedron"]},{"damage_healed":0.0,"max_hp_gain":0.0,"max_hp_loss":0.0,"gold_gain":0.0,"event_name":"Accursed Blacksmith","player_choice":"Forge","floor":7.0,"gold_loss":0.0,"damage_taken":0.0,"cards_upgraded":["Bouncing Flask"]},{"damage_healed":0.0,"max_hp_gain":0.0,"max_hp_loss":32.0,"gold_gain":0.0,"event_name":"Ghosts","player_choice":"Became a Ghost","floor":21.0,"gold_loss":0.0,"damage_taken":0.0,"cards_obtained":["Ghostly","Ghostly","Ghostly","Ghostly","Ghostly"]},{"cards_removed":["Defend_G"],"damage_healed":0.0,"max_hp_gain":0.0,"max_hp_loss":0.0,"gold_gain":0.0,"event_name":"Falling","player_choice":"Removed Skill","floor":36.0,"gold_loss":0.0,"damage_taken":0.0},{"damage_healed":0.0,"max_hp_gain":0.0,"max_hp_loss":2.0,"gold_gain":0.0,"event_name":"Winding Halls","player_choice":"Max HP","floor":39.0,"gold_loss":0.0,"damage_taken":0.0},{"damage_healed":0.0,"max_hp_gain":0.0,"max_hp_loss":0.0,"gold_gain":0.0,"event_name":"Mysterious Sphere","player_choice":"Fight","floor":47.0,"gold_loss":0.0,"damage_taken":0.0}],"is_beta":false,"boss_relics":[{"not_picked":["White Beast Statue","Fusion Hammer"],"picked":"Black Star"},{"not_picked":["Orrery","Pandora\u0027s Box"],"picked":"Coffee Dripper"}],"items_purged_floors":[10,20,37,38],"is_endless":false,"potions_floor_spawned":[5,11,13,24,25,29,31,35,45,47,48],"ascension_level":13}