{"gold_per_floor":[109,127,202,47,47,73,23,23,23,43,54,54,54,68,68,173,173,191,191,290,306,55,55,55,55],"floor_reached":25,"playtime":252,"items_purged":["Defend_R","Defend_R"],"score":224,"play_id":"b236bbc9-d1d2-477b-92b6-4304df518835","local_time":"20191014053954","is_ascension_mode":false,"campfire_choices":[{"data":"Bash","floor":8,"key":"SMITH"},{"data":"Clash","floor":15,"key":"SMITH"},{"data":"Clash","floor":23,"key":"SMITH"}],"neow_cost":"NONE","seed_source_timestamp":38399625188947,"circlet_count":0,"master_deck":["Strike_R","Strike_R","Strike_R","Strike_R","Strike_R","Defend_R","Bash+1","Clash+1","Thunderclap","Limit Break","Clash+1","Limit Break"],"relics":["Burning Blood","NeowsBlessing","Bag of Preparation","Letter Opener","FaceOfCleric","Philosopher\u0027s Stone","Happy Flower"],"potions_floor_usage":[16,16,21],"damage_taken":[{"damage":0,"enemies":"Cultist","floor":1,"turns":1},{"damage":0,"enemies":"Jaw Worm","floor":2,"turns":1},{"damage":0,"enemies":"Gremlin Nob","floor":6,"turns":1},{"damage":0,"enemies":"Small Slimes","floor":10,"turns":1},{"damage":0,"enemies":"Looter","floor":11,"turns":2},{"damage":1,"enemies":"Exordium Thugs","floor":14,"turns":3},{"damage":44,"enemies":"Hexaghost","floor":16,"turns":6},{"damage":11,"enemies":"Spheric Guardian","floor":18,"turns":3},{"damage":5,"enemies":"3 Byrds","floor":21,"turns":3},{"damage":30,"enemies":"Book of Stabbing","floor":25,"turns":3}],"seed_played":"1634336904340080587","potions_obtained":[{"floor":1,"key":"Strength Potion"},{"floor":6,"key":"Weak Potion"},{"floor":14,"key":"SpeedPotion"},{"floor":18,"key":"FearPotion"}],"is_trial":false,"path_per_floor":["M","M","?","$","?","E","$","R","T","M","M","$","?","M","R","B",null,"M","?","?","M","$","R","?","E"],"character_chosen":"IRONCLAD","items_purchased":["Limit Break","Clash","Happy Flower"],"campfire_rested":0,"item_purchase_floors":[4,7,22],"current_hp_per_floor":[80,80,69,69,62,68,68,68,68,74,80,80,80,81,81,44,82,78,78,78,80,80,80,64,34],"gold":55,"neow_bonus":"THREE_ENEMY_KILL","is_prod":false,"is_daily":false,"chose_seed":false,"campfire_upgraded":3,"win_rate":0,"timestamp":1571053194,"path_taken":["M","?","?","$","?","E","$","R","T","M","M","$","?","?","R","BOSS","M","?","?","M","$","R","?","E"],"build_version":"2019-10-11","purchased_purges":2,"victory":false,"max_hp_per_floor":[80,80,80,80,80,80,80,80,80,80,80,80,80,81,81,82,82,83,83,83,84,84,84,89,89],"card_choices":[{"not_picked":["Seeing Red","Shockwave"],"picked":"Clash","floor":1},{"not_picked":["Clothesline","Seeing Red"],"picked":"Thunderclap","floor":2},{"not_picked":["Feel No Pain","Twin Strike","Iron Wave"],"picked":"SKIP","floor":6},{"not_picked":["Shrug It Off","Pommel Strike","Carnage"],"picked":"SKIP","floor":10},{"not_picked":["True Grit","Pummel","Burning Pact"],"picked":"SKIP","floor":11},{"not_picked":["Sentinel","Perfected Strike","Heavy Blade"],"picked":"SKIP","floor":14},{"not_picked":["Impervious","Fiend Fire"],"picked":"Limit Break","floor":16},{"not_picked":["Armaments","Shrug It Off+1","Sever Soul"],"picked":"SKIP","floor":18},{"not_picked":["Ghostly Armor","Pommel Strike","Sentinel+1"],"picked":"SKIP","floor":21}],"player_experience":1613240,"relics_obtained":[{"floor":6,"key":"Bag of Preparation"},{"floor":9,"key":"Letter Opener"}],"event_choices":[{"damage_healed":0,"gold_gain":75,"player_choice":"Gather Gold","damage_taken":11,"max_hp_gain":0,"max_hp_loss":0,"event_name":"World of Goop","floor":3,"gold_loss":0},{"cards_removed":["Defend_R"],"damage_healed":0,"gold_gain":0,"player_choice":"Card Removal","damage_taken":7,"max_hp_gain":0,"max_hp_loss":0,"event_name":"Golden Wing","floor":5,"gold_loss":0},{"damage_healed":0,"gold_gain":0,"player_choice":"Trade","damage_taken":0,"relics_obtained":["FaceOfCleric"],"max_hp_gain":0,"max_hp_loss":0,"event_name":"FaceTrader","floor":13,"gold_loss":0},{"damage_healed":0,"gold_gain":0,"player_choice":"Ignored","damage_taken":0,"max_hp_gain":0,"max_hp_loss":0,"event_name":"Vampires","floor":19,"gold_loss":0},{"damage_healed":0,"gold_gain":99,"player_choice":"Stole From Cult","damage_taken":0,"max_hp_gain":0,"max_hp_loss":0,"event_name":"Nest","floor":20,"gold_loss":0},{"damage_healed":0,"gold_gain":0,"player_choice":"Shed Blood","damage_taken":21,"max_hp_gain":5,"max_hp_loss":0,"event_name":"Forgotten Altar","floor":24,"gold_loss":0}],"is_beta":true,"boss_relics":[{"not_picked":["Fusion Hammer","Empty Cage"],"picked":"Philosopher\u0027s Stone"}],"items_purged_floors":[4,22],"is_endless":false,"potions_floor_spawned":[1,6,14,18],"killed_by":"Book of Stabbing","ascension_level":0}