{"gold_per_floor":[111,111,111,111,124,124,144,144,194,228,228,228,261,273,273,346,346,318,318],"floor_reached":19,"playtime":710,"items_purged":[],"score":324,"play_id":"4b3ee6c4-e7fa-4f16-9d79-ecab73325cf8","local_time":"20190630084628","is_ascension_mode":true,"campfire_choices":[{"data":"Bash","floor":6,"key":"SMITH"},{"data":"Clothesline","floor":8,"key":"SMITH"},{"data":"Dark Embrace","floor":11,"key":"SMITH"},{"data":"Body Slam","floor":15,"key":"SMITH"}],"neow_cost":"TEN_PERCENT_HP_LOSS","seed_source_timestamp":1067595104827000,"circlet_count":0,"master_deck":["AscendersBane","Strike_R","Strike_R","Strike_R","Defend_R","Defend_R","Defend_R","Defend_R","Bash+1","Exhume","Pommel Strike","Clothesline+1","Second Wind","Anger","Dark Embrace+1","Body Slam+1","Flame Barrier","Double Tap","Headbutt"],"relics":["Black Blood","Oddly Smooth Stone","Art of War","Question Card","StoneCalendar"],"potions_floor_usage":[13,16],"damage_taken":[{"damage":9,"enemies":"Jaw Worm","floor":1,"turns":4},{"damage":4,"enemies":"Cultist","floor":5,"turns":3},{"damage":9,"enemies":"2 Louse","floor":7,"turns":3},{"damage":11,"enemies":"Gremlin Nob","floor":10,"turns":4},{"damage":46,"enemies":"3 Sentries","floor":13,"turns":7},{"damage":5,"enemies":"Looter","floor":14,"turns":3},{"damage":20,"enemies":"Hexaghost","floor":16,"turns":11},{"damage":19,"enemies":"2 Thieves","floor":18,"turns":4},{"damage":47,"enemies":"Shell Parasite","floor":19,"turns":6}],"seed_played":"1221995651337106163","potions_obtained":[{"floor":10,"key":"Regen Potion"},{"floor":14,"key":"SkillPotion"}],"is_trial":false,"path_per_floor":["M","?","?","$","M","R","M","R","T","E","R","T","E","M","R","B",null,"M","M"],"character_chosen":"IRONCLAD","items_purchased":[],"campfire_rested":0,"item_purchase_floors":[],"current_hp_per_floor":[65,58,58,58,60,60,57,57,57,52,52,52,27,28,28,14,55,46,0],"gold":318,"neow_bonus":"THREE_RARE_CARDS","is_prod":false,"is_daily":false,"chose_seed":false,"campfire_upgraded":4,"win_rate":0,"timestamp":1561877188,"path_taken":["M","?","?","$","M","R","?","R","T","E","R","?","E","?","R","BOSS","M","M"],"build_version":"2019-01-23","purchased_purges":0,"victory":false,"max_hp_per_floor":[68,68,68,68,68,68,68,68,68,68,68,68,68,68,68,68,68,68,68],"card_choices":[{"not_picked":["Dark Embrace","Reaper"],"picked":"Exhume","floor":0},{"not_picked":["Havoc","Burning Pact"],"picked":"Pommel Strike","floor":1},{"not_picked":["Havoc","Burning Pact"],"picked":"Second Wind","floor":5},{"not_picked":["Dark Embrace","Entrench"],"picked":"Anger","floor":7},{"not_picked":["Twin Strike","Iron Wave"],"picked":"Dark Embrace","floor":10},{"not_picked":["Rampage","Carnage","Clothesline"],"picked":"Body Slam","floor":13},{"not_picked":["Havoc","Perfected Strike","Iron Wave"],"picked":"Flame Barrier","floor":14},{"not_picked":["Brutality","Impervious","Feed"],"picked":"Double Tap","floor":16},{"not_picked":["Armaments","Cleave","Iron Wave"],"picked":"Headbutt","floor":18}],"player_experience":1519631,"relics_obtained":[{"floor":9,"key":"Oddly Smooth Stone"},{"floor":10,"key":"Art of War"},{"floor":12,"key":"Question Card"},{"floor":13,"key":"StoneCalendar"}],"event_choices":[{"cards_removed":["Strike_R"],"damage_healed":0,"gold_gain":0,"player_choice":"Card Removal","damage_taken":7,"max_hp_gain":0,"max_hp_loss":0,"event_name":"Golden Wing","floor":2,"gold_loss":0},{"damage_healed":0,"gold_gain":0,"cards_transformed":["Strike_R"],"player_choice":"Transformed","damage_taken":0,"max_hp_gain":0,"max_hp_loss":0,"event_name":"Transmorgrifier","floor":3,"gold_loss":0,"cards_obtained":["Clothesline"]}],"is_beta":false,"boss_relics":[{"not_picked":["Runic Dome","Coffee Dripper"],"picked":"Black Blood"}],"items_purged_floors":[],"is_endless":false,"potions_floor_spawned":[10,14],"killed_by":"Shell Parasite","ascension_level":17}