{"gold_per_floor":[116,129,54,54,13,13,163,163,163,189,206,206,56,83,83,154,154,174,174,224,224,242,242],"floor_reached":23,"playtime":619,"items_purged":["Strike_R","Doubt"],"score":440,"play_id":"9a06a1de-fedb-4441-8b9e-1a370c9030d4","local_time":"20190717161258","is_ascension_mode":true,"campfire_choices":[{"data":"Combust","floor":6,"key":"SMITH"},{"data":"Bash","floor":8,"key":"SMITH"},{"data":"Rupture","floor":12,"key":"SMITH"},{"data":"Sword Boomerang","floor":15,"key":"SMITH"}],"neow_cost":"NONE","seed_source_timestamp":585574798146659,"circlet_count":0,"master_deck":["AscendersBane","Strike_R","Strike_R","Strike_R","Strike_R","Defend_R+1","Defend_R","Defend_R+1","Defend_R","Bash+1","Thunderclap","Combust+1","Combust","Rupture+1","Sword Boomerang+1","Anger","Limit Break","Headbutt+1","Ghostly","Ghostly","Ghostly","Headbutt+1"],"relics":["Burning Blood","NeowsBlessing","Mango","Question Card","Omamori","Fusion Hammer"],"potions_floor_usage":[14],"damage_taken":[{"damage":0,"enemies":"2 Louse","floor":1,"turns":1},{"damage":0,"enemies":"Small Slimes","floor":2,"turns":1},{"damage":0,"enemies":"3 Sentries","floor":10,"turns":2},{"damage":6,"enemies":"Jaw Worm","floor":11,"turns":3},{"damage":27,"enemies":"Lagavulin","floor":14,"turns":5},{"damage":45,"enemies":"Hexaghost","floor":16,"turns":7},{"damage":15,"enemies":"Spheric Guardian","floor":18,"turns":4},{"damage":1,"enemies":"Chosen","floor":22,"turns":5},{"damage":40,"enemies":"Slavers","floor":23,"turns":4}],"seed_played":"5082845130135931155","potions_obtained":[{"floor":11,"key":"AttackPotion"},{"floor":14,"key":"Dexterity Potion"},{"floor":18,"key":"Dexterity Potion"}],"is_trial":false,"path_per_floor":["M","M","$","?","$","R","?","R","T","E","M","R","$","E","R","B",null,"M","?","?","?","M","E"],"character_chosen":"IRONCLAD","items_purchased":["Combust","Sword Boomerang"],"campfire_rested":0,"item_purchase_floors":[5,13],"current_hp_per_floor":[74,75,75,52,52,52,52,52,66,72,72,72,72,51,51,12,70,61,44,44,34,39,0],"gold":242,"neow_bonus":"THREE_ENEMY_KILL","is_prod":false,"is_daily":false,"chose_seed":false,"campfire_upgraded":4,"win_rate":0,"timestamp":1563376378,"path_taken":["M","M","$","?","$","R","?","R","T","E","M","R","$","E","R","BOSS","M","?","?","?","M","E"],"build_version":"2019-07-05","purchased_purges":2,"victory":false,"max_hp_per_floor":[75,75,75,75,75,75,75,75,89,89,89,89,89,89,89,89,89,89,44,44,49,49,49],"card_choices":[{"not_picked":["Perfected Strike","Pommel Strike","Sentinel"],"picked":"SKIP","floor":1},{"not_picked":["Reckless Charge","Flex","Thunderclap"],"picked":"SKIP","floor":2},{"not_picked":["Reckless Charge","Flex"],"picked":"Thunderclap","floor":2},{"not_picked":["Clash","Berserk"],"picked":"Combust","floor":10},{"not_picked":["Cleave","Pommel Strike","Bloodletting"],"picked":"Rupture","floor":11},{"not_picked":["Warcry","Barricade","Fire Breathing"],"picked":"Anger","floor":14},{"not_picked":["Berserk","Bludgeon","Brutality"],"picked":"Limit Break","floor":16},{"not_picked":["Pommel Strike+1","Cleave","Body Slam+1"],"picked":"Headbutt+1","floor":18},{"not_picked":["Power Through","Carnage","Rage+1"],"picked":"Headbutt+1","floor":22}],"player_experience":1188020,"relics_obtained":[{"floor":9,"key":"Mango"},{"floor":10,"key":"Question Card"},{"floor":14,"key":"Omamori"}],"event_choices":[{"damage_healed":0,"gold_gain":0,"player_choice":"Entered Light","damage_taken":23,"max_hp_gain":0,"max_hp_loss":0,"event_name":"Shining Light","floor":4,"gold_loss":0,"cards_upgraded":["Defend_R","Defend_R"]},{"damage_healed":0,"gold_gain":150,"player_choice":"AGREE","damage_taken":0,"max_hp_gain":0,"max_hp_loss":0,"event_name":"Liars Game","floor":7,"gold_loss":0,"cards_obtained":["Doubt"]},{"damage_healed":0,"gold_gain":0,"player_choice":"Became a Ghost","damage_taken":0,"max_hp_gain":0,"max_hp_loss":45,"event_name":"Ghosts","floor":19,"gold_loss":0,"cards_obtained":["Ghostly","Ghostly","Ghostly"]},{"damage_healed":0,"gold_gain":50,"player_choice":"Stole From Cult","damage_taken":0,"max_hp_gain":0,"max_hp_loss":0,"event_name":"Nest","floor":20,"gold_loss":0},{"damage_healed":0,"gold_gain":0,"player_choice":"Shed Blood","damage_taken":15,"max_hp_gain":5,"max_hp_loss":0,"event_name":"Forgotten Altar","floor":21,"gold_loss":0}],"is_beta":false,"boss_relics":[{"not_picked":["Tiny House","Lizard Tail"],"picked":"Fusion Hammer"}],"items_purged_floors":[3,13],"is_endless":false,"potions_floor_spawned":[11,14,18],"killed_by":"Slavers","ascension_level":20}