{"path_per_floor":["M","M","T","T","?","R","?","M","T","R","M","E","R","$","R","B",null,"M","M","?","M","$","R","E","R","T","?","$","M","$","M","R","B",null,"M","?","?","M","$","E","R","M","T"],"character_chosen":"IRONCLAD","items_purchased":["Limit Break","Bag of Preparation","Bag of Marbles"],"gold_per_floor":[11,24,24,24,24,24,24,44,70,70,80,115,115,40,40,140,140,160,172,172,189,38,38,71,71,71,71,71,89,89,105,105,205,205,223,223,223,242,19,45,45,65,91,91],"floor_reached":44,"campfire_rested":0,"playtime":1584,"current_hp_per_floor":[93,89,89,89,89,89,89,94,94,94,96,91,91,91,91,92,110,108,110,87,79,79,79,66,66,66,66,66,68,68,64,64,50,115,92,92,78,83,83,48,48,31,31,0],"items_purged":["Writhe"],"gold":91,"score":504,"play_id":"ac0d27b7-acd3-4ab8-bbf5-cd26a88d625b","local_time":"20180519175127","is_prod":false,"is_daily":false,"chose_seed":false,"is_ascension_mode":false,"campfire_upgraded":8,"timestamp":1526748687,"campfire_choices":[{"data":"Inflame","floor":6,"key":"SMITH"},{"data":"Flame Barrier","floor":10,"key":"SMITH"},{"data":"Whirlwind","floor":13,"key":"SMITH"},{"data":"Limit Break","floor":15,"key":"SMITH"},{"data":"Inflame","floor":23,"key":"SMITH"},{"data":"Demon Form","floor":25,"key":"SMITH"},{"data":"Bash","floor":32,"key":"SMITH"},{"data":"Secret Weapon","floor":41,"key":"SMITH"}],"path_taken":["M","?","?","?","?","R","?","M","T","R","M","E","R","$","R","BOSS","M","M","?","M","?","R","E","R","T","?","$","M","$","?","R","BOSS","M","?","?","?","$","E","R","M","T","M"],"build_version":"2018-05-17","seed_source_timestamp":169797816089426,"purchased_purges":1,"victory":false,"master_deck":["Strike_R+1","Strike_R+1","Strike_R","Strike_R","Defend_R","Defend_R","Defend_R","Defend_R","Bash+1","Inflame+1","Inflame+1","Flame Barrier+1","Whirlwind+1","Limit Break+1","Offering","Clumsy","Injury","Shrug It Off+1","Clothesline","Demon Form+1","Sentinel","Exhume","Warcry+1","Secret Weapon+1","Madness","Madness","Impervious","Bloodletting+1","Pain"],"max_hp_per_floor":[96,96,96,96,96,96,96,96,96,96,96,96,96,96,96,96,110,110,110,115,115,115,115,115,115,115,115,115,115,115,115,115,115,115,115,115,115,115,115,115,115,115,115,115],"relics":["Burning Blood","Boot","Anchor","Dream Catcher","Calling Bell","Bronze Scales","Centennial Puzzle","Mango","Bag of Preparation","Regal Pillow","Kunai","Cursed Key","Bag of Marbles","Potion Belt","Whetstone"],"card_choices":[{"not_picked":["Battle Trance","Shockwave"],"picked":"Inflame","floor":1},{"not_picked":["Corruption","Body Slam"],"picked":"Inflame","floor":2},{"not_picked":["Rampage","Headbutt"],"picked":"Flame Barrier","floor":8},{"not_picked":["Twin Strike","Sword Boomerang","Sentinel"],"picked":"SKIP","floor":11},{"not_picked":["Shrug It Off","True Grit"],"picked":"Whirlwind","floor":12},{"not_picked":["Limit Break","Dark Embrace"],"picked":"Offering","floor":16},{"not_picked":["Dual Wield","True Grit"],"picked":"Shrug It Off+1","floor":18},{"not_picked":["Wild Strike","Burning Pact","Clash"],"picked":"SKIP","floor":19},{"not_picked":["Iron Wave+1","Sentinel+1"],"picked":"Clothesline","floor":21},{"not_picked":["Entrench","Battle Trance"],"picked":"Demon Form","floor":24},{"not_picked":["Hemokinesis","Rampage","Perfected Strike+1"],"picked":"SKIP","floor":29},{"not_picked":["Wild Strike","Cleave","Feel No Pain"],"picked":"SKIP","floor":31},{"not_picked":["Barricade","Brutality"],"picked":"Exhume","floor":33},{"not_picked":["Armaments","Cleave+1"],"picked":"Warcry+1","floor":35},{"not_picked":["Sadistic Nature","Thinking Ahead"],"picked":"Secret Weapon","floor":36},{"not_picked":["Body Slam+1","Havoc","Twin Strike+1"],"picked":"SKIP","floor":38},{"not_picked":["Shrug It Off","Pommel Strike+1"],"picked":"Impervious","floor":40},{"not_picked":["Thunderclap","Iron Wave+1"],"picked":"Bloodletting+1","floor":42}],"player_experience":324993,"potions_floor_usage":[12,16,19,24,33,33,33],"damage_taken":[{"damage":9,"enemies":"Cultist","floor":1,"turns":4},{"damage":10,"enemies":"Jaw Worm","floor":2,"turns":4},{"damage":1,"enemies":"2 Louse","floor":8,"turns":3},{"damage":4,"enemies":"Blue Slaver","floor":11,"turns":5},{"damage":20,"enemies":"Lagavulin","floor":12,"turns":7},{"damage":20,"enemies":"The Guardian","floor":16,"turns":10},{"damage":8,"enemies":"Shell Parasite","floor":18,"turns":5},{"damage":4,"enemies":"2 Thieves","floor":19,"turns":4},{"damage":14,"enemies":"Snecko","floor":21,"turns":4},{"damage":19,"enemies":"Book of Stabbing","floor":24,"turns":4},{"damage":4,"enemies":"3 Cultists","floor":29,"turns":2},{"damage":10,"enemies":"Cultist and Chosen","floor":31,"turns":5},{"damage":31,"enemies":"Collector","floor":33,"turns":6},{"damage":29,"enemies":"3 Darklings","floor":35,"turns":5},{"damage":1,"enemies":"Orb Walker","floor":38,"turns":4},{"damage":41,"enemies":"Giant Head","floor":40,"turns":7},{"damage":23,"enemies":"Sphere and 2 Shapes","floor":42,"turns":4},{"damage":35,"enemies":"3 Darklings","floor":44,"turns":2}],"relics_obtained":[{"floor":3,"key":"Boot"},{"floor":4,"key":"Anchor"},{"floor":9,"key":"Dream Catcher"},{"floor":17,"key":"Bronze Scales"},{"floor":17,"key":"Centennial Puzzle"},{"floor":17,"key":"Mango"},{"floor":24,"key":"Regal Pillow"},{"floor":26,"key":"Kunai"},{"floor":40,"key":"Potion Belt"},{"floor":43,"key":"Whetstone"}],"event_choices":[{"event_name":"The Cleric","player_choice":"Leave","floor":5,"damage_taken":0},{"event_name":"The Lab","player_choice":"Got Potions","floor":7,"damage_taken":0},{"event_name":"Forgotten Altar","player_choice":"Shed Blood","floor":20,"damage_taken":0},{"event_name":"Transmorgrifier","player_choice":"Transform","floor":27,"damage_taken":0},{"event_name":"SensoryStone","player_choice":"Memory 1","floor":36,"damage_taken":0},{"event_name":"Winding Halls","player_choice":"Embrace Madness","floor":37,"damage_taken":0}],"boss_relics":[{"not_picked":["Ectoplasm","Runic Pyramid"],"picked":"Calling Bell"},{"not_picked":["Pandora\u0027s Box","White Beast Statue"],"picked":"Cursed Key"}],"potions_floor_spawned":[1,8,16,21,24,31,40],"seed_played":"-8511801932864377316","killed_by":"3 Darklings","ascension_level":0,"potions_obtained":[{"floor":1,"key":"Regen Potion"},{"floor":7,"key":"BloodPotion"},{"floor":7,"key":"BloodPotion"},{"floor":8,"key":"GamblersBrew"},{"floor":16,"key":"Poison Potion"},{"floor":21,"key":"AttackPotion"},{"floor":24,"key":"BloodPotion"},{"floor":31,"key":"Ancient Potion"},{"floor":40,"key":"AttackPotion"}],"is_trial":false}