{"gold_per_floor":[115,115,115,115,126,153,153,168,168,168,182,182,211,227,227,227],"floor_reached":16,"playtime":428,"items_purged":[],"score":243,"play_id":"2d39f6c2-a158-47b5-a53a-079f256efbe6","local_time":"20190616224924","is_ascension_mode":true,"campfire_choices":[{"data":"Dagger Throw","floor":7,"key":"SMITH"},{"data":"Flying Knee","floor":10,"key":"SMITH"},{"data":"Dodge and Roll","floor":12,"key":"SMITH"},{"floor":15,"key":"REST"}],"neow_cost":"NONE","seed_source_timestamp":426761905062300,"circlet_count":0,"master_deck":["AscendersBane","Defend_G","Defend_G","Defend_G","Defend_G","Defend_G","Strike_G","Strike_G","Strike_G","Strike_G","Survivor","Neutralize+1","Dagger Throw+1","Phantasmal Killer","Acrobatics","Slice","Flying Knee+1","Dodge and Roll+1","PiercingWail","Finisher"],"relics":["Ring of the Snake","NeowsBlessing","Mummified Hand","Singing Bowl","Darkstone Periapt"],"potions_floor_usage":[8,13,16],"damage_taken":[{"damage":0,"enemies":"2 Louse","floor":1,"turns":1},{"damage":0,"enemies":"Jaw Worm","floor":5,"turns":1},{"damage":0,"enemies":"Lagavulin","floor":6,"turns":1},{"damage":0,"enemies":"Cultist","floor":8,"turns":5},{"damage":4,"enemies":"Looter","floor":11,"turns":3},{"damage":24,"enemies":"Gremlin Nob","floor":13,"turns":5},{"damage":11,"enemies":"Large Slime","floor":14,"turns":8},{"damage":44,"enemies":"Slime Boss","floor":16,"turns":10}],"seed_played":"-7612077228339554490","potions_obtained":[{"floor":1,"key":"Block Potion"},{"floor":5,"key":"Poison Potion"},{"floor":6,"key":"GhostInAJar"},{"floor":8,"key":"FearPotion"}],"is_trial":false,"path_per_floor":["M","?","$","?","M","E","R","M","T","R","M","R","E","M","R","B"],"character_chosen":"THE_SILENT","items_purchased":[],"campfire_rested":1,"item_purchase_floors":[],"current_hp_per_floor":[59,59,59,59,59,59,59,59,59,59,55,55,31,20,39,0],"gold":227,"neow_bonus":"THREE_ENEMY_KILL","is_prod":false,"is_daily":false,"chose_seed":false,"campfire_upgraded":3,"win_rate":0,"timestamp":1560718164,"path_taken":["M","?","$","?","M","E","R","M","T","R","M","R","E","?","R","BOSS"],"build_version":"2019-01-23","purchased_purges":0,"victory":false,"max_hp_per_floor":[66,66,66,66,66,66,66,66,66,66,66,66,66,66,66,66],"card_choices":[{"not_picked":["Deflect","Poisoned Stab"],"picked":"Dagger Throw","floor":1},{"not_picked":["Bane","All Out Attack"],"picked":"Acrobatics","floor":5},{"not_picked":["Cloak And Dagger","Expertise"],"picked":"Slice","floor":6},{"not_picked":["Riddle With Holes","Prepared"],"picked":"Flying Knee","floor":8},{"not_picked":["Outmaneuver","Flying Knee"],"picked":"Dodge and Roll","floor":11},{"not_picked":["Deadly Poison","Sucker Punch"],"picked":"PiercingWail","floor":13},{"not_picked":["Quick Slash","Poisoned Stab"],"picked":"Finisher","floor":14}],"player_experience":1375242,"relics_obtained":[{"floor":6,"key":"Mummified Hand"},{"floor":9,"key":"Singing Bowl"},{"floor":13,"key":"Darkstone Periapt"}],"event_choices":[{"damage_healed":0,"gold_gain":0,"cards_transformed":["Strike_G"],"player_choice":"Change","damage_taken":0,"max_hp_gain":0,"max_hp_loss":0,"event_name":"Living Wall","floor":2,"gold_loss":0,"cards_obtained":["Phantasmal Killer"]},{"damage_healed":0,"gold_gain":0,"player_choice":"Upgraded","damage_taken":0,"max_hp_gain":0,"max_hp_loss":0,"event_name":"Upgrade Shrine","floor":4,"gold_loss":0,"cards_upgraded":["Neutralize"]}],"is_beta":false,"boss_relics":[],"items_purged_floors":[],"is_endless":false,"potions_floor_spawned":[1,5,6,8],"killed_by":"Slime Boss","ascension_level":16}