{"gold_per_floor":[118,136,311,311,321,321,338,348,348,348,358,406,406,406],"floor_reached":14,"playtime":348,"items_purged":[],"score":139,"play_id":"51c13db0-5c01-4cc5-a2d0-427e8cfde955","local_time":"20190402002928","is_ascension_mode":true,"campfire_choices":[{"data":"FTL","floor":6,"key":"SMITH"},{"data":"White Noise","floor":10,"key":"SMITH"},{"floor":13,"key":"REST"}],"neow_cost":"NONE","seed_source_timestamp":580253032376800,"circlet_count":0,"master_deck":["AscendersBane","Strike_B","Strike_B","Strike_B","Strike_B","Defend_B","Defend_B","Defend_B","Defend_B","Zap+1","Dualcast","Purity","Beam Cell","FTL+1","Doubt","Conserve Battery","Double Energy","White Noise+1","Leap"],"relics":["Cracked Core","Dodecahedron","Smiling Mask"],"potions_floor_usage":[7,8],"damage_taken":[{"damage":7,"enemies":"Jaw Worm","floor":1,"turns":4},{"damage":1,"enemies":"Cultist","floor":2,"turns":3},{"damage":1,"enemies":"2 Louse","floor":5,"turns":2},{"damage":3,"enemies":"Blue Slaver","floor":7,"turns":3},{"damage":19,"enemies":"Exordium Wildlife","floor":8,"turns":6},{"damage":17,"enemies":"Red Slaver","floor":11,"turns":4},{"damage":43,"enemies":"Lagavulin","floor":14,"turns":8}],"seed_played":"-6511087384282549880","potions_obtained":[{"floor":1,"key":"Explosive Potion"},{"floor":2,"key":"Swift Potion"},{"floor":7,"key":"SpeedPotion"}],"is_trial":false,"path_per_floor":["M","M","?","?","M","R","M","M","T","R","M","T","R","E"],"character_chosen":"DEFECT","items_purchased":[],"campfire_rested":1,"item_purchase_floors":[],"current_hp_per_floor":[57,56,56,56,55,55,52,33,33,33,16,16,37,0],"gold":406,"neow_bonus":"RANDOM_COLORLESS","is_prod":false,"is_daily":false,"chose_seed":false,"campfire_upgraded":2,"win_rate":0,"timestamp":1554157768,"path_taken":["M","M","?","?","?","R","M","M","T","R","M","?","R","E"],"build_version":"2019-01-23","purchased_purges":0,"victory":false,"max_hp_per_floor":[71,71,71,71,71,71,71,71,71,71,71,71,71,71],"card_choices":[{"not_picked":["Tempest","Heatsinks"],"picked":"Beam Cell","floor":1},{"not_picked":["Hello World","Beam Cell"],"picked":"FTL","floor":2},{"not_picked":["Rip and Tear","Rebound"],"picked":"Conserve Battery","floor":5},{"not_picked":["Barrage","Skim"],"picked":"Double Energy","floor":7},{"not_picked":["Beam Cell","Gash"],"picked":"White Noise","floor":8},{"not_picked":["Coolheaded","BootSequence"],"picked":"Leap","floor":11}],"player_experience":1038060,"relics_obtained":[{"floor":9,"key":"Dodecahedron"},{"floor":12,"key":"Smiling Mask"}],"event_choices":[{"damage_healed":0,"gold_gain":175,"player_choice":"AGREE","damage_taken":0,"max_hp_gain":0,"max_hp_loss":0,"event_name":"Liars Game","floor":3,"gold_loss":0,"cards_obtained":["Doubt"]},{"damage_healed":0,"gold_gain":0,"player_choice":"Upgraded","damage_taken":0,"max_hp_gain":0,"max_hp_loss":0,"event_name":"Upgrade Shrine","floor":4,"gold_loss":0,"cards_upgraded":["Zap"]}],"is_beta":false,"boss_relics":[],"items_purged_floors":[],"is_endless":false,"potions_floor_spawned":[1,2,7],"killed_by":"Lagavulin","ascension_level":14}