{"gold_per_floor":[116,116,291,306,231,267,290,290,370,370],"floor_reached":10,"playtime":211,"items_purged":["Doubt"],"score":150,"play_id":"4763a251-6729-4d35-bb5e-a2a07e31b4c8","local_time":"20190306040615","is_ascension_mode":true,"campfire_choices":[{"data":"Body Slam","floor":8,"key":"SMITH"}],"neow_cost":"NONE","seed_source_timestamp":85863906548800,"circlet_count":0,"master_deck":["AscendersBane","Strike_R","Strike_R","Strike_R","Strike_R","Strike_R","Defend_R","Defend_R","Defend_R","Defend_R","Bash","True Grit","Heavy Blade","Flame Barrier","Body Slam+1"],"relics":["Burning Blood","NeowsBlessing","Golden Idol","Boot","Matryoshka"],"potions_floor_usage":[],"damage_taken":[{"damage":0,"enemies":"Cultist","floor":1,"turns":1},{"damage":0,"enemies":"Small Slimes","floor":4,"turns":1},{"damage":0,"enemies":"3 Sentries","floor":6,"turns":2},{"damage":0,"enemies":"2 Louse","floor":7,"turns":3},{"damage":99,"enemies":"Exordium Thugs","floor":10,"turns":9}],"seed_played":"6621473088682293057","potions_obtained":[],"is_trial":false,"path_per_floor":["M","?","?","M","$","E","M","R","T","M"],"character_chosen":"IRONCLAD","items_purchased":[],"campfire_rested":0,"item_purchase_floors":[],"current_hp_per_floor":[78,58,58,64,64,70,76,76,76,0],"gold":370,"neow_bonus":"THREE_ENEMY_KILL","is_prod":false,"is_daily":false,"chose_seed":false,"campfire_upgraded":1,"win_rate":0,"timestamp":1551841575,"path_taken":["M","?","?","M","$","E","M","R","T","M"],"build_version":"2019-01-23","purchased_purges":1,"victory":false,"max_hp_per_floor":[80,80,80,80,80,80,80,80,80,80],"card_choices":[{"not_picked":["Clash","Bloodletting"],"picked":"True Grit","floor":1},{"not_picked":["Havoc","Bloodletting"],"picked":"Heavy Blade","floor":4},{"not_picked":["Body Slam","Bludgeon"],"picked":"Flame Barrier","floor":6},{"not_picked":["Combust","Bloodletting"],"picked":"Body Slam","floor":7}],"player_experience":939511,"relics_obtained":[{"floor":6,"key":"Boot"},{"floor":9,"key":"Matryoshka"}],"event_choices":[{"damage_healed":0,"gold_gain":0,"player_choice":"Take Damage","damage_taken":20,"relics_obtained":["Golden Idol"],"max_hp_gain":0,"max_hp_loss":0,"event_name":"Golden Idol","floor":2,"gold_loss":0},{"damage_healed":0,"gold_gain":175,"player_choice":"AGREE","damage_taken":0,"max_hp_gain":0,"max_hp_loss":0,"event_name":"Liars Game","floor":3,"gold_loss":0,"cards_obtained":["Doubt"]}],"is_beta":false,"boss_relics":[],"items_purged_floors":[5],"is_endless":false,"potions_floor_spawned":[],"killed_by":"Exordium Thugs","ascension_level":13}