{"gold_per_floor":[118,118,118,135,152,152,163,39,39,59,59,94,94,119,119,119],"floor_reached":16,"playtime":594,"items_purged":[],"score":103,"play_id":"645a83ba-4b88-46eb-a68f-fa8ff5586ea6","local_time":"20190326124514","is_ascension_mode":true,"campfire_choices":[{"data":"Dualcast","floor":6,"key":"SMITH"},{"data":"Turbo","floor":11,"key":"SMITH"},{"data":"Zap","floor":13,"key":"SMITH"},{"floor":15,"key":"REST"}],"neow_cost":"NONE","seed_source_timestamp":241235211631856,"circlet_count":0,"master_deck":["Strike_B","Strike_B","Strike_B","Strike_B","Defend_B","Defend_B","Defend_B","Defend_B","Zap+1","Dualcast+1","Conserve Battery","Glacier","Scrape","Turbo+1","Hologram","Reprogram"],"relics":["Sozu","WingedGreaves","Incense Burner","Odd Mushroom","Potion Belt","Anchor"],"potions_floor_usage":[],"damage_taken":[{"damage":2,"enemies":"2 Louse","floor":1,"turns":2},{"damage":0,"enemies":"Cultist","floor":4,"turns":3},{"damage":6,"enemies":"Jaw Worm","floor":5,"turns":4},{"damage":7,"enemies":"Blue Slaver","floor":7,"turns":3},{"damage":18,"enemies":"The Mushroom Lair","floor":10,"turns":6},{"damage":22,"enemies":"Lagavulin","floor":12,"turns":12},{"damage":0,"enemies":"Slime Boss","floor":16,"turns":2}],"seed_played":"2597510251704073392","potions_obtained":[],"is_trial":false,"path_per_floor":["M","?","?","M","M","R","M","$","T","?","R","E","R","T","R","B"],"character_chosen":"DEFECT","items_purchased":["Scrape","Turbo"],"campfire_rested":1,"item_purchase_floors":[8,8],"current_hp_per_floor":[73,61,61,61,55,55,48,48,48,30,30,8,8,8,30,30],"gold":119,"neow_bonus":"BOSS_RELIC","is_prod":false,"is_daily":false,"chose_seed":false,"campfire_upgraded":3,"win_rate":0,"timestamp":1553629514,"path_taken":["M","?","?","?","M","R","M","?","T","?","R","E","R","?","R","BOSS"],"build_version":"2019-01-23","purchased_purges":0,"victory":false,"max_hp_per_floor":[75,75,75,75,75,75,75,75,75,75,75,75,75,75,75,75],"card_choices":[{"not_picked":["Compile Driver","FTL","Stack"],"picked":"SKIP","floor":1},{"not_picked":["Go for the Eyes","Ball Lightning"],"picked":"Conserve Battery","floor":4},{"not_picked":["Ball Lightning","Beam Cell","Aggregate"],"picked":"SKIP","floor":5},{"not_picked":["Cold Snap","Beam Cell"],"picked":"Glacier","floor":7},{"not_picked":["Beam Cell","Stack"],"picked":"Hologram","floor":10},{"not_picked":["Sunder","Hologram"],"picked":"Reprogram","floor":12}],"player_experience":50351,"relics_obtained":[{"floor":9,"key":"Incense Burner"},{"floor":10,"key":"Odd Mushroom"},{"floor":12,"key":"Potion Belt"},{"floor":14,"key":"Anchor"}],"event_choices":[{"damage_healed":0,"gold_gain":0,"player_choice":"Success","damage_taken":12,"relics_obtained":["WingedGreaves"],"max_hp_gain":0,"max_hp_loss":0,"event_name":"Scrap Ooze","floor":2,"gold_loss":0},{"damage_healed":0,"gold_gain":0,"player_choice":"Got Potions","damage_taken":0,"max_hp_gain":0,"max_hp_loss":0,"event_name":"Lab","floor":3,"gold_loss":0},{"damage_healed":0,"gold_gain":0,"player_choice":"Fought Mushrooms","damage_taken":0,"max_hp_gain":0,"max_hp_loss":0,"event_name":"Mushrooms","floor":10,"gold_loss":0}],"is_beta":false,"boss_relics":[],"items_purged_floors":[],"is_endless":false,"potions_floor_spawned":[7,10,12],"killed_by":"Slime Boss","ascension_level":1}