{"gold_per_floor":[119,119,89,106,33,63,63,88,88,99,99,118,128,160,160,261,261,274,68,68,68,68,102,102,127,153,153,164,14,26,46,46,145,145,159,172,172,184,196,196,225,225,306,338,358,386,401,421,421,421],"floor_reached":51,"playtime":2412,"items_purged":["Strike_G","Reflex"],"score":1430,"play_id":"51a503bb-3669-4cc9-8953-c89bafeeb7cd","local_time":"20181030212243","is_ascension_mode":true,"campfire_choices":[{"data":"Neutralize","floor":7,"key":"SMITH"},{"data":"Noxious Fumes","floor":11,"key":"SMITH"},{"data":"1","floor":15,"key":"LIFT"},{"data":"2","floor":24,"key":"LIFT"},{"data":"3","floor":27,"key":"LIFT"},{"data":"Finisher","floor":32,"key":"SMITH"},{"floor":40,"key":"REST"},{"floor":49,"key":"REST"}],"neow_cost":"NONE","seed_source_timestamp":216790355445230,"circlet_count":0,"master_deck":["Defend_G","Defend_G","Defend_G+1","Defend_G","Strike_G","Strike_G","Strike_G+1","Strike_G","Survivor","Neutralize+1","AscendersBane","Underhanded Strike","Poisoned Stab","Masterful Stab","Noxious Fumes+1","Dagger Spray","Footwork+1","Glass Knife","Deflect","Finisher+1","Flash of Steel","Storm of Steel+1","Slice","Dagger Throw","Deflect+1","Doppelganger+1","Cloak And Dagger+1","Well Laid Plans+1","Blade Dance+1","Backflip+1","Quick Slash","Riddle With Holes+1","Acrobatics+1","Bouncing Flask+1"],"relics":["Ring of the Snake","NeowsBlessing","Ninja Scroll","Du-Vu Doll","Ornamental Fan","Girya","White Beast Statue","Toxic Egg 2","Centennial Puzzle","Mango","Pen Nib","Fusion Hammer","Bottled Flame","Paper Crane","Pear","Dodecahedron"],"potions_floor_usage":[16,16,23,25,50,50],"damage_taken":[{"damage":0,"enemies":"Jaw Worm","floor":1,"turns":1},{"damage":0,"enemies":"Small Slimes","floor":4,"turns":1},{"damage":0,"enemies":"3 Sentries","floor":6,"turns":1},{"damage":17,"enemies":"Lagavulin","floor":8,"turns":5},{"damage":0,"enemies":"Cultist","floor":10,"turns":1},{"damage":0,"enemies":"3 Louse","floor":12,"turns":2},{"damage":0,"enemies":"Exordium Wildlife","floor":13,"turns":2},{"damage":3,"enemies":"3 Sentries","floor":14,"turns":5},{"damage":0,"enemies":"Slime Boss","floor":16,"turns":7},{"damage":6,"enemies":"2 Thieves","floor":18,"turns":4},{"damage":14,"enemies":"Slavers","floor":23,"turns":5},{"damage":11,"enemies":"Book of Stabbing","floor":25,"turns":4},{"damage":0,"enemies":"Spheric Guardian","floor":28,"turns":1},{"damage":0,"enemies":"Snecko","floor":30,"turns":1},{"damage":0,"enemies":"Sentry and Sphere","floor":31,"turns":1},{"damage":31,"enemies":"Collector","floor":33,"turns":3},{"damage":0,"enemies":"Orb Walker","floor":35,"turns":2},{"damage":0,"enemies":"3 Shapes","floor":36,"turns":1},{"damage":14,"enemies":"Maw","floor":38,"turns":5},{"damage":0,"enemies":"3 Darklings","floor":39,"turns":2},{"damage":24,"enemies":"Nemesis","floor":41,"turns":5},{"damage":3,"enemies":"Giant Head","floor":44,"turns":6},{"damage":0,"enemies":"Spire Growth","floor":45,"turns":2},{"damage":0,"enemies":"Reptomancer","floor":46,"turns":1},{"damage":2,"enemies":"4 Shapes","floor":47,"turns":3},{"damage":0,"enemies":"Transient","floor":48,"turns":5},{"damage":47,"enemies":"Time Eater","floor":50,"turns":7}],"seed_played":"-6268986934883299972","potions_obtained":[{"floor":3,"key":"Block Potion"},{"floor":3,"key":"Explosive Potion"},{"floor":14,"key":"Fire Potion"},{"floor":18,"key":"Fire Potion"},{"floor":23,"key":"Weak Potion"},{"floor":25,"key":"SmokeBomb"},{"floor":28,"key":"Dexterity Potion"},{"floor":35,"key":"GhostInAJar"},{"floor":41,"key":"Strength Potion"},{"floor":47,"key":"Strength Potion"}],"is_trial":false,"path_per_floor":["M","?","?","M","$","E","R","E","T","M","R","M","M","E","R","B",null,"M","$","?","?","T","E","R","E","T","R","M","$","M","M","R","B",null,"M","M","?","M","M","R","E","?","T","E","M","E","M","M","R","B"],"character_chosen":"THE_SILENT","items_purchased":["Masterful Stab","Finisher","Flash of Steel","Fire Potion"],"campfire_rested":2,"item_purchase_floors":[5,19,19,29],"current_hp_per_floor":[63,49,49,49,49,49,49,32,32,32,32,32,32,29,29,29,60,54,54,54,54,54,40,40,43,43,43,43,43,43,43,43,12,66,66,66,66,52,52,77,53,53,53,60,60,60,58,58,86,39],"gold":421,"neow_bonus":"THREE_ENEMY_KILL","is_prod":false,"is_daily":false,"chose_seed":false,"campfire_upgraded":3,"win_rate":0,"timestamp":1540934563,"path_taken":["M","?","?","M","?","E","R","E","T","M","R","M","?","E","R","BOSS","M","$","?","?","?","E","R","E","T","R","M","$","M","M","R","BOSS","M","M","?","?","M","R","E","?","T","E","M","E","?","M","R","BOSS"],"build_version":"2018-10-25v2","purchased_purges":2,"victory":true,"max_hp_per_floor":[70,70,70,70,70,70,70,70,70,70,70,70,70,70,70,70,70,70,70,70,70,70,70,70,84,84,84,84,84,84,84,84,84,84,84,84,84,84,84,84,84,84,84,94,94,94,94,94,94,94],"card_choices":[{"not_picked":["PiercingWail","Dodge and Roll"],"picked":"Underhanded Strike","floor":1},{"not_picked":["Backflip","Dagger Throw"],"picked":"Poisoned Stab","floor":4},{"not_picked":["Terror","Burst"],"picked":"Noxious Fumes","floor":6},{"not_picked":["Deflect","Underhanded Strike","Outmaneuver"],"picked":"SKIP","floor":8},{"not_picked":["Blade Dance","Blur","Outmaneuver"],"picked":"SKIP","floor":10},{"not_picked":["Backflip","Finisher"],"picked":"Reflex","floor":12},{"not_picked":["Terror","Deadly Poison"],"picked":"Dagger Spray","floor":13},{"not_picked":["Quick Slash","Distraction"],"picked":"Footwork","floor":14},{"not_picked":["Night Terror","Wraith Form v2"],"picked":"Glass Knife","floor":16},{"not_picked":["Accuracy+1","Outmaneuver"],"picked":"Deflect","floor":18},{"not_picked":["Underhanded Strike","Prepared+1"],"picked":"Storm of Steel+1","floor":23},{"not_picked":["Underhanded Strike","Dagger Spray"],"picked":"Slice","floor":25},{"not_picked":["Bane","All Out Attack"],"picked":"Dagger Throw","floor":28},{"not_picked":["Underhanded Strike","Quick Slash"],"picked":"Deflect+1","floor":30},{"not_picked":["Masterful Stab","Slice+1","Quick Slash"],"picked":"SKIP","floor":31},{"not_picked":["Envenom","Grand Finale"],"picked":"Doppelganger+1","floor":33},{"not_picked":["Acrobatics+1","PiercingWail+1"],"picked":"Cloak And Dagger+1","floor":35},{"not_picked":["Dodge and Roll+1","Caltrops"],"picked":"Well Laid Plans+1","floor":36},{"not_picked":["PiercingWail+1","Caltrops"],"picked":"Blade Dance+1","floor":38},{"not_picked":["Underhanded Strike","Concentrate+1"],"picked":"Backflip+1","floor":39},{"not_picked":["Calculated Gamble+1","Venomology+1"],"picked":"Quick Slash","floor":41},{"not_picked":["Deadly Poison+1","Dodge and Roll+1"],"picked":"Riddle With Holes+1","floor":44},{"not_picked":["Tactician+1","Dagger Throw"],"picked":"Acrobatics+1","floor":45},{"not_picked":["Underhanded Strike+1","Dagger Spray","Reflex+1"],"picked":"SKIP","floor":46},{"not_picked":["Flechettes","Reflex+1","Outmaneuver+1"],"picked":"SKIP","floor":47},{"not_picked":["Dodge and Roll+1","Deadly Poison+1"],"picked":"Bouncing Flask+1","floor":48}],"player_experience":945630,"relics_obtained":[{"floor":6,"key":"Ninja Scroll"},{"floor":8,"key":"Du-Vu Doll"},{"floor":9,"key":"Ornamental Fan"},{"floor":14,"key":"Girya"},{"floor":22,"key":"Toxic Egg 2"},{"floor":23,"key":"Centennial Puzzle"},{"floor":25,"key":"Mango"},{"floor":26,"key":"Pen Nib"},{"floor":41,"key":"Bottled Flame"},{"floor":43,"key":"Paper Crane"},{"floor":44,"key":"Pear"},{"floor":46,"key":"Dodecahedron"}],"event_choices":[{"damage_healed":0,"gold_gain":0,"player_choice":"Entered Light","damage_taken":14,"max_hp_gain":0,"max_hp_loss":0,"event_name":"Shining Light","floor":2,"gold_loss":0,"cards_upgraded":["Defend_G","Strike_G"]},{"damage_healed":0,"gold_gain":0,"player_choice":"Bought 2 Potions","damage_taken":0,"max_hp_gain":0,"max_hp_loss":0,"event_name":"The Woman in Blue","floor":3,"gold_loss":0},{"damage_healed":0,"gold_gain":0,"player_choice":"Forge","damage_taken":0,"max_hp_gain":0,"max_hp_loss":0,"event_name":"Accursed Blacksmith","floor":20,"gold_loss":0,"cards_upgraded":["Footwork"]},{"damage_healed":0,"gold_gain":0,"player_choice":"Ignored","damage_taken":0,"max_hp_gain":0,"max_hp_loss":0,"event_name":"Tomb of Lord Red Mask","floor":37,"gold_loss":0},{"cards_removed":["Defend_G"],"damage_healed":0,"gold_gain":0,"player_choice":"Removed Skill","damage_taken":0,"max_hp_gain":0,"max_hp_loss":0,"event_name":"Falling","floor":42,"gold_loss":0}],"is_beta":false,"boss_relics":[{"not_picked":["Tiny House","Runic Dome"],"picked":"White Beast Statue"},{"not_picked":["HoveringKite","Empty Cage"],"picked":"Fusion Hammer"}],"items_purged_floors":[19,29],"is_endless":false,"potions_floor_spawned":[4,8,14,18,23,25,28,30,31,33,35,36,38,39,41,44,45,46,47,48],"ascension_level":12}