{"gold_per_floor":[111,130,141,27,42,42,60,60,60,60,78,109,109,141,141,219,219,231,231,242,242,0,0],"floor_reached":23,"playtime":1065,"items_purged":["Strike_G","Strike_G"],"score":362,"play_id":"28a6e97b-1250-4d52-afd5-bcf1afd9c6a0","local_time":"20190617001511","is_ascension_mode":true,"campfire_choices":[{"data":"Neutralize","floor":6,"key":"SMITH"},{"floor":10,"key":"REST"},{"floor":13,"key":"REST"},{"floor":15,"key":"REST"}],"neow_cost":"TEN_PERCENT_HP_LOSS","seed_source_timestamp":431273355126300,"circlet_count":0,"master_deck":["AscendersBane","Defend_G","Defend_G","Defend_G","Defend_G","Defend_G","Survivor","Neutralize+1","Calculated Gamble","Catalyst","Finisher","Poisoned Stab","Quick Slash","Footwork","Backflip","Dagger Throw","Dodge and Roll","Poisoned Stab+1","Skewer+1","Bullet Time","Blur","Backstab+1","Well Laid Plans","Catalyst","Flying Knee+1"],"relics":["Ring of the Snake","Matryoshka","Smiling Mask","Bottled Lightning","Molten Egg 2","Blood Vial","WristBlade","Gremlin Horn","Mummified Hand"],"potions_floor_usage":[5,12,14,18,20],"damage_taken":[{"damage":9,"enemies":"Cultist","floor":1,"turns":7},{"damage":0,"enemies":"Jaw Worm","floor":2,"turns":5},{"damage":0,"enemies":"Small Slimes","floor":3,"turns":4},{"damage":26,"enemies":"Gremlin Gang","floor":5,"turns":6},{"damage":1,"enemies":"2 Fungi Beasts","floor":7,"turns":3},{"damage":2,"enemies":"Blue Slaver","floor":11,"turns":5},{"damage":24,"enemies":"3 Sentries","floor":12,"turns":14},{"damage":8,"enemies":"Gremlin Nob","floor":14,"turns":3},{"damage":3,"enemies":"The Guardian","floor":16,"turns":14},{"damage":14,"enemies":"Shell Parasite","floor":18,"turns":8},{"damage":7,"enemies":"Spheric Guardian","floor":20,"turns":4},{"damage":43,"enemies":"Book of Stabbing","floor":23,"turns":6}],"seed_played":"4810239061161798208","potions_obtained":[{"floor":1,"key":"EssenceOfSteel"},{"floor":3,"key":"GhostInAJar"},{"floor":5,"key":"SpeedPotion"},{"floor":12,"key":"PowerPotion"},{"floor":18,"key":"EssenceOfSteel"}],"is_trial":false,"path_per_floor":["M","M","M","$","M","R","M","T","T","R","M","E","R","E","R","B",null,"M","?","M","T","$","E"],"character_chosen":"THE_SILENT","items_purchased":["Footwork","Well Laid Plans","Catalyst","Flying Knee+1"],"campfire_rested":3,"item_purchase_floors":[4,22,22,22],"current_hp_per_floor":[50,50,50,50,24,24,23,23,23,41,39,15,33,25,43,42,56,44,44,39,39,39,0],"gold":0,"neow_bonus":"TRANSFORM_TWO_CARDS","is_prod":false,"is_daily":false,"chose_seed":false,"campfire_upgraded":1,"win_rate":0,"timestamp":1560723311,"path_taken":["M","M","M","$","M","R","?","?","T","R","M","E","R","E","R","BOSS","M","?","?","?","$","E"],"build_version":"2019-01-23","purchased_purges":2,"victory":false,"max_hp_per_floor":[60,60,60,60,60,60,60,60,60,60,60,60,60,60,60,60,60,60,60,60,60,60,60],"card_choices":[{"not_picked":["Prepared","Bane"],"picked":"Finisher","floor":1},{"not_picked":["Prepared","Bouncing Flask"],"picked":"Poisoned Stab","floor":2},{"not_picked":["Dagger Throw","Storm of Steel"],"picked":"Quick Slash","floor":3},{"not_picked":["Cloak And Dagger","Prepared"],"picked":"Backflip","floor":5},{"not_picked":["Prepared","Reflex"],"picked":"Dagger Throw","floor":7},{"not_picked":["Acrobatics","Expertise"],"picked":"Dodge and Roll","floor":11},{"not_picked":["Sucker Punch","PiercingWail"],"picked":"Poisoned Stab","floor":12},{"not_picked":["Dagger Throw+1","Blade Dance"],"picked":"Skewer+1","floor":14},{"not_picked":["Storm of Steel","Malaise"],"picked":"Bullet Time","floor":16},{"not_picked":["Sucker Punch+1","Reflex"],"picked":"Blur","floor":18},{"not_picked":["Deflect","Quick Slash+1"],"picked":"Backstab+1","floor":20}],"player_experience":1379541,"relics_obtained":[{"floor":8,"key":"Matryoshka"},{"floor":9,"key":"Smiling Mask"},{"floor":9,"key":"Bottled Lightning"},{"floor":12,"key":"Molten Egg 2"},{"floor":14,"key":"Blood Vial"},{"floor":21,"key":"Gremlin Horn"},{"floor":21,"key":"Mummified Hand"}],"event_choices":[{"cards_removed":["Strike_G"],"damage_healed":0,"gold_gain":0,"player_choice":"Offered Basic","damage_taken":0,"max_hp_gain":0,"max_hp_loss":0,"event_name":"Bonfire Elementals","floor":19,"gold_loss":0}],"is_beta":false,"boss_relics":[{"not_picked":["Ectoplasm","Black Star"],"picked":"WristBlade"}],"items_purged_floors":[4,22],"is_endless":false,"potions_floor_spawned":[1,3,5,12,18],"killed_by":"Book of Stabbing","ascension_level":16}