{"gold_per_floor":[116,126,138,153,165,165,178,178,202,202,143,194,223,239,239,239],"floor_reached":16,"playtime":3654,"items_purged":[],"score":192,"play_id":"c7865458-a7c4-4b6a-a0ac-ffa5c1586a4e","local_time":"20190708003021","is_ascension_mode":true,"campfire_choices":[{"data":"Bash","floor":6,"key":"SMITH"},{"data":"True Grit","floor":8,"key":"SMITH"},{"data":"Body Slam","floor":10,"key":"SMITH"},{"data":"Flex","floor":15,"key":"SMITH"}],"neow_cost":"NONE","seed_source_timestamp":137406469558499,"circlet_count":0,"master_deck":["AscendersBane","Strike_R","Strike_R","Strike_R","Strike_R","Strike_R","Defend_R","Defend_R","Defend_R","Defend_R","Bash+1","True Grit+1","Flex+1","Headbutt","Rage","Sword Boomerang","Body Slam+1","Heavy Blade","Power Through"],"relics":["Burning Blood","Blood Vial","Omamori","Dodecahedron"],"potions_floor_usage":[5,13,13],"damage_taken":[{"damage":6,"enemies":"Cultist","floor":1,"turns":3},{"damage":5,"enemies":"2 Louse","floor":2,"turns":2},{"damage":10,"enemies":"Small Slimes","floor":3,"turns":3},{"damage":1,"enemies":"Looter","floor":4,"turns":4},{"damage":59,"enemies":"Gremlin Gang","floor":5,"turns":8},{"damage":22,"enemies":"Exordium Wildlife","floor":7,"turns":5},{"damage":10,"enemies":"3 Sentries","floor":13,"turns":6},{"damage":17,"enemies":"Looter","floor":14,"turns":4},{"damage":20,"enemies":"Hexaghost","floor":16,"turns":11}],"seed_played":"7174501900264216748","potions_obtained":[{"floor":2,"key":"Regen Potion"},{"floor":5,"key":"SteroidPotion"},{"floor":7,"key":"Strength Potion"}],"is_trial":false,"path_per_floor":["M","M","M","M","M","R","M","R","T","R","?","?","E","M","R","B"],"character_chosen":"IRONCLAD","items_purchased":[],"campfire_rested":0,"item_purchase_floors":[],"current_hp_per_floor":[70,73,71,75,37,37,23,23,23,23,23,23,21,12,12,0],"gold":239,"neow_bonus":"RANDOM_COMMON_RELIC","is_prod":false,"is_daily":false,"chose_seed":false,"campfire_upgraded":4,"win_rate":0,"timestamp":1562538621,"path_taken":["M","?","M","M","M","R","M","R","T","R","?","?","E","M","R","BOSS"],"build_version":"2019-07-05","purchased_purges":0,"victory":false,"max_hp_per_floor":[75,75,75,75,75,75,75,75,75,75,75,75,75,75,75,75],"card_choices":[{"not_picked":["Twin Strike","Sword Boomerang"],"picked":"True Grit","floor":1},{"not_picked":["Rupture","Havoc"],"picked":"Flex","floor":2},{"not_picked":["Wild Strike","Dropkick"],"picked":"Headbutt","floor":3},{"not_picked":["Blood for Blood","Brutality"],"picked":"Rage","floor":4},{"not_picked":["Warcry","Wild Strike"],"picked":"Sword Boomerang","floor":5},{"not_picked":["Wild Strike","Flex"],"picked":"Body Slam","floor":7},{"not_picked":["Seeing Red","Warcry"],"picked":"Heavy Blade","floor":13},{"not_picked":["Warcry","Thunderclap"],"picked":"Power Through","floor":14}],"player_experience":1634227,"relics_obtained":[{"floor":9,"key":"Omamori"},{"floor":13,"key":"Dodecahedron"}],"event_choices":[{"damage_healed":0,"gold_gain":0,"player_choice":"Left Gold","damage_taken":0,"max_hp_gain":0,"max_hp_loss":0,"event_name":"World of Goop","floor":11,"gold_loss":59},{"damage_healed":0,"gold_gain":51,"player_choice":"Gained Gold","damage_taken":0,"max_hp_gain":0,"max_hp_loss":0,"event_name":"Golden Wing","floor":12,"gold_loss":0}],"is_beta":false,"boss_relics":[],"items_purged_floors":[],"is_endless":false,"potions_floor_spawned":[2,5,7],"killed_by":"Hexaghost","ascension_level":17}