{"gold_per_floor":[111,261,29,29,79,79,89,104,104,76,105,105,116,39,39,114,114,125,125,25,40,40,40,70,70,121,138,138,156,156,190,190,262,262,278,109,109,129,147,147,166,166,166,41,73,73,88,115,115,115,115],"floor_reached":51,"playtime":2649,"items_purged":["Doubt","Strike_R","Strike_R"],"score":1582,"play_id":"d0164cfe-252c-4827-9ff2-05517b15e6fb","local_time":"20190606000502","is_ascension_mode":true,"campfire_choices":[{"data":"Twin Strike","floor":6,"key":"SMITH"},{"data":"Armaments","floor":15,"key":"SMITH"},{"data":"Immolate","floor":23,"key":"SMITH"},{"data":"Spot Weakness","floor":25,"key":"SMITH"},{"data":"Heavy Blade","floor":30,"key":"SMITH"},{"data":"Disarm","floor":32,"key":"SMITH"},{"data":"Armaments","floor":40,"key":"SMITH"},{"data":"Double Tap","floor":42,"key":"SMITH"},{"data":"Bash","floor":46,"key":"SMITH"},{"data":"Reaper","floor":49,"key":"SMITH"}],"neow_cost":"NONE","seed_source_timestamp":77920586846065,"circlet_count":0,"master_deck":["AscendersBane","Strike_R","Strike_R","Defend_R","Defend_R","Defend_R","Defend_R","Bash+1","Twin Strike+1","Reaper+1","Disarm+1","Pummel","Headbutt","Immolate+1","Armaments+1","Spot Weakness+1","Double Tap+1","Sword Boomerang","Reaper","Heavy Blade+1","Corruption","Demon Form+1","Armaments+1","Anger+1","Whirlwind+1"],"relics":["Coffee Dripper","Centennial Puzzle","Letter Opener","Runic Pyramid","Charon\u0027s Ashes","Bag of Preparation","Kunai","Blood Vial","Sozu","Pen Nib","Orichalcum","Sundial","Bottled Lightning"],"potions_floor_usage":[16,24,31,39,51],"damage_taken":[{"damage":7,"enemies":"Small Slimes","floor":1,"turns":4},{"damage":7,"enemies":"Jaw Worm","floor":7,"turns":2},{"damage":0,"enemies":"2 Louse","floor":8,"turns":2},{"damage":26,"enemies":"Lagavulin","floor":11,"turns":6},{"damage":6,"enemies":"Lots of Slimes","floor":13,"turns":2},{"damage":0,"enemies":"Slime Boss","floor":16,"turns":6},{"damage":10,"enemies":"2 Thieves","floor":18,"turns":4},{"damage":6,"enemies":"Shell Parasite","floor":21,"turns":4},{"damage":40,"enemies":"Book of Stabbing","floor":24,"turns":5},{"damage":0,"enemies":"3 Cultists","floor":27,"turns":1},{"damage":15,"enemies":"Sentry and Sphere","floor":29,"turns":5},{"damage":27,"enemies":"Gremlin Leader","floor":31,"turns":5},{"damage":35,"enemies":"Champ","floor":33,"turns":8},{"damage":0,"enemies":"3 Darklings","floor":35,"turns":2},{"damage":19,"enemies":"3 Shapes","floor":38,"turns":7},{"damage":20,"enemies":"Spire Growth","floor":39,"turns":4},{"damage":30,"enemies":"Writhing Mass","floor":41,"turns":4},{"damage":0,"enemies":"Nemesis","floor":45,"turns":5},{"damage":42,"enemies":"Transient","floor":47,"turns":6},{"damage":57,"enemies":"Giant Head","floor":48,"turns":6},{"damage":65,"enemies":"Awakened One","floor":50,"turns":9},{"damage":34,"enemies":"Time Eater","floor":51,"turns":2}],"seed_played":"-5555149792027546686","potions_obtained":[{"floor":13,"key":"AttackPotion"},{"floor":18,"key":"Ancient Potion"},{"floor":21,"key":"AttackPotion"},{"floor":24,"key":"SteroidPotion"},{"floor":33,"key":"Ancient Potion"}],"is_trial":false,"path_per_floor":["M","?","$","?","?","R","M","M","T","$","E","?","M","$","R","B",null,"M","?","$","M","$","R","E","R","T","M","T","M","R","E","R","B",null,"M","$","?","M","M","R","M","R","T","$","E","R","M","E","R","B","B"],"character_chosen":"IRONCLAD","items_purchased":["Reaper","Headbutt","Spot Weakness","Pen Nib"],"campfire_rested":0,"item_purchase_floors":[3,10,14,36],"current_hp_per_floor":[61,61,61,66,66,66,59,59,59,59,39,39,53,53,53,61,75,77,77,77,72,72,72,50,50,50,50,50,55,55,60,60,41,70,72,72,72,74,72,72,44,44,44,44,62,62,58,43,43,16,0],"gold":115,"neow_bonus":"BOSS_RELIC","is_prod":false,"is_daily":false,"chose_seed":false,"campfire_upgraded":10,"win_rate":0,"timestamp":1559775902,"path_taken":["M","?","$","?","?","R","?","M","T","?","E","?","M","$","R","BOSS","M","?","?","M","?","R","E","R","T","M","?","M","R","E","R","BOSS","M","$","?","M","M","R","M","R","T","$","E","R","?","E","R","BOSS","BOSS"],"build_version":"2019-01-23","purchased_purges":3,"victory":false,"max_hp_per_floor":[75,75,75,80,80,80,80,80,80,80,80,80,80,80,80,80,80,80,80,80,80,80,80,80,80,80,80,80,80,80,80,80,80,80,80,80,80,80,80,80,80,80,80,80,80,80,80,80,80,80,80],"card_choices":[{"not_picked":["Heavy Blade","Iron Wave"],"picked":"Twin Strike","floor":1},{"not_picked":["Heavy Blade","Sever Soul"],"picked":"Disarm","floor":7},{"not_picked":["Heavy Blade","Warcry"],"picked":"Pummel","floor":8},{"not_picked":["Clash","Sever Soul"],"picked":"Immolate","floor":11},{"not_picked":["Cleave","Blood for Blood"],"picked":"Armaments","floor":13},{"not_picked":["Dark Embrace","Reaper"],"picked":"Double Tap","floor":16},{"not_picked":["Armaments","Metallicize"],"picked":"Sword Boomerang","floor":18},{"not_picked":["Fire Breathing","Body Slam","Armaments"],"picked":"SKIP","floor":21},{"not_picked":["Clothesline","Iron Wave","Sentinel"],"picked":"SKIP","floor":24},{"not_picked":["Thunderclap","Rampage"],"picked":"Reaper","floor":27},{"not_picked":["Wild Strike","Rampage"],"picked":"Heavy Blade","floor":29},{"not_picked":["Warcry","Twin Strike"],"picked":"Corruption","floor":31},{"not_picked":["Feed","Offering"],"picked":"Demon Form","floor":33},{"not_picked":["Twin Strike","Blood for Blood","Iron Wave+1"],"picked":"SKIP","floor":35},{"not_picked":["Battle Trance","Twin Strike+1"],"picked":"Armaments","floor":38},{"not_picked":["Iron Wave+1","Clash","True Grit"],"picked":"SKIP","floor":39},{"not_picked":["Cleave+1","Battle Trance+1"],"picked":"Anger+1","floor":41},{"not_picked":["Wild Strike","Flex","Body Slam"],"picked":"SKIP","floor":45},{"not_picked":["Flex","Perfected Strike+1","Armaments"],"picked":"SKIP","floor":47},{"not_picked":["Double Tap","Sever Soul+1"],"picked":"Whirlwind+1","floor":48}],"player_experience":1074694,"relics_obtained":[{"floor":9,"key":"Centennial Puzzle"},{"floor":11,"key":"Letter Opener"},{"floor":24,"key":"Charon\u0027s Ashes"},{"floor":26,"key":"Bag of Preparation"},{"floor":28,"key":"Kunai"},{"floor":31,"key":"Blood Vial"},{"floor":43,"key":"Orichalcum"},{"floor":45,"key":"Sundial"},{"floor":48,"key":"Bottled Lightning"}],"event_choices":[{"damage_healed":0,"gold_gain":150,"player_choice":"AGREE","damage_taken":0,"max_hp_gain":0,"max_hp_loss":0,"event_name":"Liars Game","floor":2,"gold_loss":0,"cards_obtained":["Doubt"]},{"damage_healed":0,"gold_gain":0,"player_choice":"Donut","damage_taken":0,"max_hp_gain":5,"max_hp_loss":0,"event_name":"Big Fish","floor":4,"gold_loss":0},{"damage_healed":0,"gold_gain":50,"player_choice":"Pray","damage_taken":0,"max_hp_gain":0,"max_hp_loss":0,"event_name":"Golden Shrine","floor":5,"gold_loss":0},{"damage_healed":0,"gold_gain":0,"player_choice":"Ignored","damage_taken":0,"max_hp_gain":0,"max_hp_loss":0,"event_name":"Golden Idol","floor":12,"gold_loss":0},{"cards_removed":["Strike_R"],"damage_healed":0,"gold_gain":0,"player_choice":"Offered Basic","damage_taken":0,"max_hp_gain":0,"max_hp_loss":0,"event_name":"Bonfire Elementals","floor":19,"gold_loss":0},{"damage_healed":0,"gold_gain":0,"player_choice":"Forge","damage_taken":0,"max_hp_gain":0,"max_hp_loss":0,"event_name":"Accursed Blacksmith","floor":37,"gold_loss":0,"cards_upgraded":["Demon Form"]}],"is_beta":false,"boss_relics":[{"not_picked":["Busted Crown","Black Star"],"picked":"Runic Pyramid"},{"not_picked":["Lizard Tail","Runic Dome"],"picked":"Sozu"}],"items_purged_floors":[3,20,44],"is_endless":false,"potions_floor_spawned":[13,18,21,24,33,35,39,41,47],"killed_by":"Time Eater","ascension_level":20}