{"gold_per_floor":[112,112,128,303,313,339,339,351,351,351,370,370,390,407,407,510,510,520,445,346,346,364,364,377,377,377,377,390,390,390,408,408,408],"floor_reached":33,"playtime":990,"items_purged":["Strike_B"],"score":274,"play_id":"201ecd53-bf43-4987-a5a1-2cfc4a98ec77","local_time":"20190323185205","is_ascension_mode":false,"campfire_choices":[{"data":"Blizzard","floor":7,"key":"SMITH"},{"data":"Biased Cognition","floor":10,"key":"SMITH"},{"floor":12,"key":"REST"},{"data":"Defragment","floor":15,"key":"SMITH"},{"data":"Biased Cognition","floor":23,"key":"SMITH"},{"data":"Fusion","floor":25,"key":"SMITH"},{"floor":27,"key":"REST"},{"data":"Ghostly","floor":30,"key":"SMITH"},{"data":"Buffer","floor":32,"key":"SMITH"}],"neow_cost":"NONE","seed_source_timestamp":548543028128547,"circlet_count":0,"master_deck":["Strike_B","Strike_B","Defend_B","Defend_B","Defend_B","Defend_B","Zap","Dualcast","Cold Snap","Fusion+1","Blizzard+1","Barrage","Coolheaded","Leap","Biased Cognition+1","Skim","Cold Snap","Ball Lightning+1","Barrage+1","Steam","Ball Lightning+1","Defragment+1","Biased Cognition+1","Hologram+1","Cold Snap+1","Barrage+1","Sunder+1","Reinforced Body","Ghostly+1","Ghostly","Ghostly","Ghostly","Ghostly","Buffer+1"],"relics":["Orrery","Molten Egg 2","Pocketwatch","Philosopher\u0027s Stone","Pear"],"potions_floor_usage":[14,16,33],"damage_taken":[{"damage":0,"enemies":"Jaw Worm","floor":1,"turns":5},{"damage":0,"enemies":"Cultist","floor":3,"turns":4},{"damage":5,"enemies":"Small Slimes","floor":5,"turns":4},{"damage":37,"enemies":"Lagavulin","floor":6,"turns":10},{"damage":1,"enemies":"Exordium Wildlife","floor":8,"turns":3},{"damage":19,"enemies":"3 Louse","floor":11,"turns":3},{"damage":0,"enemies":"2 Fungi Beasts","floor":13,"turns":3},{"damage":0,"enemies":"Gremlin Gang","floor":14,"turns":3},{"damage":8,"enemies":"Hexaghost","floor":16,"turns":8},{"damage":30,"enemies":"2 Thieves","floor":18,"turns":3},{"damage":1,"enemies":"Chosen","floor":22,"turns":3},{"damage":14,"enemies":"Snecko","floor":24,"turns":4},{"damage":39,"enemies":"Snake Plant","floor":28,"turns":3},{"damage":2,"enemies":"Centurion and Healer","floor":31,"turns":7},{"damage":1,"enemies":"Champ","floor":33,"turns":13}],"seed_played":"-4056793778594250125","potions_obtained":[{"floor":5,"key":"SpeedPotion"},{"floor":13,"key":"Block Potion"},{"floor":14,"key":"SkillPotion"},{"floor":16,"key":"SteroidPotion"},{"floor":22,"key":"EssenceOfSteel"}],"is_trial":false,"path_per_floor":["M","?","M","?","M","E","R","M","T","R","M","R","M","M","R","B",null,"M","?","$","?","M","R","M","R","T","R","M","?","R","M","R","B"],"character_chosen":"DEFECT","items_purchased":["Cold Snap+1"],"campfire_rested":2,"item_purchase_floors":[20],"current_hp_per_floor":[75,75,75,75,70,33,33,32,32,32,13,35,35,35,35,27,75,45,45,45,45,44,44,30,30,40,65,26,26,26,24,24,23],"gold":408,"neow_bonus":"BOSS_RELIC","is_prod":false,"is_daily":false,"chose_seed":false,"campfire_upgraded":7,"win_rate":0,"timestamp":1553363525,"path_taken":["M","?","M","?","M","E","R","M","T","R","M","R","M","M","R","BOSS","M","?","$","?","M","R","?","R","T","R","?","?","R","M","R","BOSS"],"build_version":"2019-01-23","purchased_purges":1,"victory":false,"max_hp_per_floor":[75,75,75,75,75,75,75,75,75,75,75,75,75,75,75,75,75,75,75,75,75,75,75,75,75,85,85,85,42,42,42,42,42],"card_choices":[{"not_picked":["Heatsinks","Beam Cell"],"picked":"Cold Snap","floor":0},{"not_picked":["All For One","Turbo"],"picked":"Fusion","floor":0},{"not_picked":["Cold Snap","Loop"],"picked":"Blizzard","floor":0},{"not_picked":["Go for the Eyes","Steam"],"picked":"Barrage","floor":0},{"not_picked":["Go for the Eyes","Reinforced Body"],"picked":"Coolheaded","floor":0},{"not_picked":["Sweeping Beam","Compile Driver"],"picked":"Leap","floor":1},{"not_picked":["Lockon","Aggregate"],"picked":"Skim","floor":3},{"not_picked":["Self Repair","Lockon"],"picked":"Cold Snap","floor":5},{"not_picked":["Gash","Steam"],"picked":"Ball Lightning","floor":6},{"not_picked":["Tempest","Leap"],"picked":"Barrage+1","floor":8},{"not_picked":["Double Energy","Sweeping Beam+1"],"picked":"Steam","floor":11},{"not_picked":["FTL+1","Leap"],"picked":"Ball Lightning+1","floor":13},{"not_picked":["Reprogram","Thunder Strike+1"],"picked":"Defragment","floor":14},{"not_picked":["Thunder Strike+1","Rainbow"],"picked":"Biased Cognition","floor":16},{"not_picked":["Streamline+1","Aggregate"],"picked":"Hologram+1","floor":18},{"not_picked":["Redo","Sweeping Beam+1"],"picked":"Barrage+1","floor":22},{"not_picked":["Skim","White Noise"],"picked":"Sunder+1","floor":24},{"not_picked":["Go for the Eyes+1","Force Field"],"picked":"Reinforced Body","floor":28},{"not_picked":["Steam+1","Sweeping Beam+1"],"picked":"Buffer","floor":31}],"player_experience":736151,"relics_obtained":[{"floor":6,"key":"Molten Egg 2"},{"floor":9,"key":"Pocketwatch"},{"floor":26,"key":"Pear"}],"event_choices":[{"damage_healed":0,"gold_gain":0,"cards_transformed":["Strike_B"],"player_choice":"Change","damage_taken":0,"max_hp_gain":0,"max_hp_loss":0,"event_name":"Living Wall","floor":2,"gold_loss":0,"cards_obtained":["Biased Cognition"]},{"damage_healed":0,"gold_gain":175,"player_choice":"AGREE","damage_taken":0,"max_hp_gain":0,"max_hp_loss":0,"event_name":"Liars Game","floor":4,"gold_loss":0,"cards_obtained":["Doubt"]},{"cards_removed":["Doubt"],"damage_healed":0,"gold_gain":0,"player_choice":"Gave Gold","damage_taken":0,"max_hp_gain":0,"max_hp_loss":0,"event_name":"Beggar","floor":19,"gold_loss":75},{"damage_healed":0,"gold_gain":0,"player_choice":"Ignored","damage_taken":0,"max_hp_gain":0,"max_hp_loss":0,"event_name":"NoteForYourself","floor":21,"gold_loss":0},{"damage_healed":0,"gold_gain":0,"player_choice":"Became a Ghost","damage_taken":0,"max_hp_gain":0,"max_hp_loss":43,"event_name":"Ghosts","floor":29,"gold_loss":0,"cards_obtained":["Ghostly","Ghostly","Ghostly","Ghostly","Ghostly"]}],"is_beta":false,"boss_relics":[{"not_picked":["Lizard Tail","Tiny House"],"picked":"Philosopher\u0027s Stone"}],"items_purged_floors":[20],"is_endless":false,"potions_floor_spawned":[5,13,14,16,22],"killed_by":"Champ","ascension_level":0}