{"gold_per_floor":[117,131,147,161,23,23,50,50,77,106,174,191,191,209,209,314,314,325,325,345,360,73,73,103,202,202,219,219,236,255,272,272,272],"floor_reached":33,"playtime":1813,"items_purged":[],"score":450,"play_id":"e18869ad-038b-4ed5-9585-a16bf592ca8f","local_time":"20180909134122","is_ascension_mode":true,"campfire_choices":[{"data":"Zap","floor":6,"key":"SMITH"},{"floor":8,"key":"REST"},{"floor":15,"key":"REST"},{"data":"Hyperbeam","floor":23,"key":"SMITH"},{"data":"Defragment","floor":28,"key":"SMITH"},{"floor":32,"key":"REST"}],"neow_cost":"NONE","seed_source_timestamp":1909759199148126,"circlet_count":0,"master_deck":["Defend_B","Defend_B","Defend_B","Defend_B","Zap+1","Dualcast","AscendersBane","Chill","Beam Cell","Ball Lightning","Barrage","Stack","Multi-Cast","Capacitor","Conserve Battery","All For One","Go for the Eyes","Lockon","Leap","Hyperbeam+1","Conserve Battery+1","Core Surge+1","Meteor Strike+1","Self Repair","Barrage+1","Turbo","Defragment+1","Loop","Steam","Redo"],"relics":["Cracked Core","Omamori","Dream Catcher","Art of War","Potion Belt","Astrolabe","Cables","Pantograph","Gambling Chip"],"potions_floor_usage":[14,16,24,24,30],"damage_taken":[{"damage":0,"enemies":"Cultist","floor":1,"turns":5},{"damage":2,"enemies":"Jaw Worm","floor":2,"turns":4},{"damage":0,"enemies":"Small Slimes","floor":3,"turns":3},{"damage":6,"enemies":"2 Fungi Beasts","floor":4,"turns":3},{"damage":32,"enemies":"Lagavulin","floor":7,"turns":6},{"damage":7,"enemies":"3 Sentries","floor":10,"turns":7},{"damage":6,"enemies":"Exordium Thugs","floor":12,"turns":4},{"damage":1,"enemies":"Exordium Wildlife","floor":14,"turns":3},{"damage":31,"enemies":"The Guardian","floor":16,"turns":12},{"damage":6,"enemies":"3 Byrds","floor":18,"turns":4},{"damage":17,"enemies":"Spheric Guardian","floor":20,"turns":4},{"damage":3,"enemies":"Centurion and Healer","floor":21,"turns":9},{"damage":19,"enemies":"Book of Stabbing","floor":24,"turns":3},{"damage":6,"enemies":"Snecko","floor":27,"turns":4},{"damage":15,"enemies":"3 Cultists","floor":29,"turns":4},{"damage":14,"enemies":"Chosen and Byrds","floor":30,"turns":9},{"damage":8,"enemies":"Cultist and Chosen","floor":31,"turns":7},{"damage":77,"enemies":"Automaton","floor":33,"turns":6}],"seed_played":"-3589021148118755789","potions_obtained":[{"floor":7,"key":"SteroidPotion"},{"floor":10,"key":"Regen Potion"},{"floor":16,"key":"GamblersBrew"},{"floor":18,"key":"Fire Potion"},{"floor":27,"key":"SteroidPotion"},{"floor":29,"key":"Weak Potion"},{"floor":31,"key":"SmokeBomb"}],"is_trial":false,"path_per_floor":["M","M","M","M","$","R","E","R","T","E","?","M","?","M","R","B",null,"M","?","M","M","$","R","E","?","T","M","R","M","M","M","R"],"character_chosen":"DEFECT","items_purchased":["Multi-Cast","Capacitor","Cables","Defragment"],"campfire_rested":3,"item_purchase_floors":[5,5,22,22],"current_hp_per_floor":[68,66,66,60,60,60,28,50,50,43,43,37,12,11,33,17,61,55,75,65,69,69,69,57,57,57,51,51,36,29,28,50,0],"gold":272,"neow_bonus":"TRANSFORM_CARD","is_prod":false,"is_daily":false,"chose_seed":false,"campfire_upgraded":3,"win_rate":0,"timestamp":1536496882,"path_taken":["M","M","?","M","$","R","E","R","T","E","?","M","?","?","R","BOSS","M","?","M","M","$","R","E","?","T","M","R","?","?","?","R","BOSS"],"build_version":"2018-09-06","purchased_purges":0,"victory":false,"max_hp_per_floor":[75,75,75,75,75,75,75,75,75,75,75,75,75,75,75,75,75,75,75,75,75,75,75,75,75,75,75,75,75,75,75,75,75],"card_choices":[{"not_picked":["Compile Driver","Stack"],"picked":"Beam Cell","floor":1},{"not_picked":["Auto Shields","Leap"],"picked":"Ball Lightning","floor":2},{"not_picked":["Rebound","Steam Power"],"picked":"Barrage","floor":3},{"not_picked":["Hologram","Compile Driver"],"picked":"Stack","floor":4},{"not_picked":["Static Discharge","Recycle"],"picked":"Conserve Battery","floor":7},{"not_picked":["Conserve Battery","Gash"],"picked":"All For One","floor":10},{"not_picked":["Hologram","Lockon"],"picked":"Go for the Eyes","floor":12},{"not_picked":["Barrage","Static Discharge"],"picked":"Lockon","floor":14},{"not_picked":["Compile Driver","Turbo"],"picked":"Leap","floor":15},{"not_picked":["Buffer","Thunder Strike"],"picked":"Hyperbeam","floor":16},{"not_picked":["Sweeping Beam","Gash"],"picked":"Self Repair","floor":18},{"not_picked":["Go for the Eyes+1","Capacitor+1"],"picked":"Barrage+1","floor":20},{"not_picked":["Skim","Ball Lightning"],"picked":"Turbo","floor":21},{"not_picked":["Hello World","Melter"],"picked":"Loop","floor":24},{"not_picked":["Self Repair","Sweeping Beam","Streamline"],"picked":"SKIP","floor":27},{"not_picked":["Barrage","Scrape","Genetic Algorithm"],"picked":"SKIP","floor":29},{"not_picked":["Compile Driver","Streamline"],"picked":"Steam","floor":30},{"not_picked":["Fusion","Blizzard","Rebound"],"picked":"SKIP","floor":31},{"not_picked":["Melter","Stack"],"picked":"Redo","floor":32}],"player_experience":708280,"relics_obtained":[{"floor":7,"key":"Omamori"},{"floor":9,"key":"Dream Catcher"},{"floor":10,"key":"Art of War"},{"floor":24,"key":"Pantograph"},{"floor":26,"key":"Gambling Chip"}],"event_choices":[{"event_name":"Golden Wing","player_choice":"Gained Gold","floor":11,"damage_taken":0},{"event_name":"Scrap Ooze","player_choice":"success","floor":13,"damage_taken":25},{"event_name":"The Library","player_choice":"Heal","floor":19,"damage_taken":0},{"event_name":"Nest","player_choice":"Stole From Cult","floor":25,"damage_taken":0}],"is_beta":false,"boss_relics":[{"not_picked":["Runic Pyramid","Inserter"],"picked":"Astrolabe"}],"items_purged_floors":[],"is_endless":false,"potions_floor_spawned":[7,10,16,18,27,29,31],"killed_by":"Automaton","ascension_level":12}