{"gold_per_floor":[116,134,3,3,3,35,35,65,91,104,129,129,143,57,57,129,129,140,155,71,21,41,41,75,75,102,102,102,120,13,24,24,24],"floor_reached":33,"playtime":1819,"items_purged":["Strike_R","Bash","Strike_R"],"score":596,"play_id":"ad621b28-992d-44a0-8c6a-235252589002","local_time":"20190228225027","is_ascension_mode":true,"campfire_choices":[{"data":"Blood for Blood","floor":7.0,"key":"SMITH"},{"data":"Whirlwind","floor":12.0,"key":"SMITH"},{"data":"Panacea","floor":15.0,"key":"SMITH"},{"data":"Uppercut","floor":23.0,"key":"SMITH"},{"floor":25.0,"key":"REST"},{"floor":27.0,"key":"REST"},{"data":"Limit Break","floor":32.0,"key":"SMITH"}],"neow_cost":"NONE","seed_source_timestamp":1074426468995984,"circlet_count":0,"master_deck":["AscendersBane","Defend_R","Defend_R","Defend_R","Defend_R","Inflame","Blood for Blood+1","Whirlwind+1","Panacea+1","Heavy Blade","Power Through","Anger","Metallicize","Feel No Pain","Impervious","True Grit+1","Clothesline+1","Evolve+1","True Grit","Pummel","Inflame","Uppercut+1","Limit Break+1","Shrug It Off","Headbutt"],"special_seed":0,"relics":["Burning Blood","NeowsBlessing","Pen Nib","Self Forming Clay","Pear","Smiling Mask","Bag of Marbles","Astrolabe","Bronze Scales","Strawberry"],"potions_floor_usage":[33,33,33],"damage_taken":[{"damage":0.0,"enemies":"Small Slimes","floor":1.0,"turns":1.0},{"damage":0.0,"enemies":"Jaw Worm","floor":2.0,"turns":1.0},{"damage":0.0,"enemies":"Lagavulin","floor":6.0,"turns":2.0},{"damage":47.0,"enemies":"3 Sentries","floor":8.0,"turns":8.0},{"damage":6.0,"enemies":"Cultist","floor":10.0,"turns":3.0},{"damage":2.0,"enemies":"Red Slaver","floor":13.0,"turns":3.0},{"damage":26.0,"enemies":"Slime Boss","floor":16.0,"turns":8.0},{"damage":16.0,"enemies":"Shell Parasite","floor":18.0,"turns":7.0},{"damage":6.0,"enemies":"Spheric Guardian","floor":19.0,"turns":8.0},{"damage":1.0,"enemies":"Cultist and Chosen","floor":22.0,"turns":4.0},{"damage":52.0,"enemies":"Book of Stabbing","floor":24.0,"turns":7.0},{"damage":16.0,"enemies":"Centurion and Healer","floor":29.0,"turns":6.0},{"damage":0.0,"enemies":"Snake Plant","floor":31.0,"turns":2.0},{"damage":37,"enemies":"Collector","floor":33,"turns":6}],"seed_played":"-994558155061322290","potions_obtained":[{"floor":1.0,"key":"BloodPotion"},{"floor":10.0,"key":"Block Potion"},{"floor":18.0,"key":"SpeedPotion"},{"floor":29.0,"key":"EntropicBrew"}],"is_trial":false,"path_per_floor":["M","M","$","?","?","E","R","E","T","M","T","R","M","$","R","B",null,"M","M","$","$","M","R","E","R","T","R","?","M","$","M","R","B"],"character_chosen":"IRONCLAD","items_purchased":["Whirlwind","Panacea","Feel No Pain","Inflame","Block Potion"],"campfire_rested":2,"item_purchase_floors":[3,3,14,20,30],"current_hp_per_floor":[74,75,75,57,57,63,63,39,39,39,39,39,43,43,43,23,70,60,60,60,60,65,65,19,44,51,78,78,68,68,74,74,37],"gold":24,"neow_bonus":"THREE_ENEMY_KILL","is_prod":false,"is_daily":false,"chose_seed":false,"campfire_upgraded":5,"win_rate":0,"timestamp":1551390627,"path_taken":["M","M","$","?","?","E","R","E","T","M","?","R","M","?","R","BOSS","M","M","?","$","?","R","E","R","T","R","?","M","$","M","R","BOSS"],"build_version":"2019-01-23","purchased_purges":3,"victory":false,"max_hp_per_floor":[75,75,75,75,75,75,75,85,85,85,85,85,85,85,85,85,85,85,85,85,85,85,85,85,85,92,92,92,92,92,92,92,92],"card_choices":[{"not_picked":["Thunderclap","Body Slam"],"picked":"Inflame","floor":1.0},{"not_picked":["Dual Wield","Battle Trance"],"picked":"Blood for Blood","floor":2.0},{"not_picked":["True Grit","Second Wind"],"picked":"Heavy Blade","floor":6.0},{"not_picked":["Barricade","Clash"],"picked":"Power Through","floor":8.0},{"not_picked":["Pommel Strike","Whirlwind"],"picked":"Anger","floor":10.0},{"not_picked":["Sword Boomerang","Pommel Strike"],"picked":"Metallicize","floor":13.0},{"not_picked":["Feed","Dark Embrace"],"picked":"Impervious","floor":16.0},{"not_picked":["Clash","Pommel Strike"],"picked":"True Grit","floor":18.0},{"not_picked":["Clash","Twin Strike"],"picked":"Pummel","floor":19.0},{"not_picked":["Rampage","Cleave"],"picked":"Uppercut","floor":22.0},{"not_picked":["Flex","Sword Boomerang"],"picked":"Limit Break","floor":24.0},{"not_picked":["Armaments","Anger","Flex"],"picked":"SKIP","floor":29.0},{"not_picked":["Corruption","Twin Strike"],"picked":"Headbutt","floor":31.0}],"player_experience":675093,"relics_obtained":[{"floor":6.0,"key":"Self Forming Clay"},{"floor":8.0,"key":"Pear"},{"floor":9.0,"key":"Smiling Mask"},{"floor":11.0,"key":"Bag of Marbles"},{"floor":24.0,"key":"Bronze Scales"},{"floor":26.0,"key":"Strawberry"}],"event_choices":[{"damage_healed":0.0,"max_hp_gain":0.0,"max_hp_loss":0.0,"gold_gain":0.0,"event_name":"Scrap Ooze","player_choice":"Success","floor":4.0,"gold_loss":0.0,"damage_taken":18.0,"relics_obtained":["Pen Nib"]},{"damage_healed":0.0,"max_hp_gain":0.0,"max_hp_loss":0.0,"gold_gain":0.0,"event_name":"The Cleric","player_choice":"Leave","floor":5.0,"gold_loss":0.0,"damage_taken":0.0},{"damage_healed":0.0,"max_hp_gain":0.0,"max_hp_loss":0.0,"gold_gain":0.0,"event_name":"The Library","player_choice":"Read","floor":28.0,"gold_loss":0.0,"damage_taken":0.0,"cards_obtained":["Shrug It Off"]}],"is_beta":false,"boss_relics":[{"not_picked":["Mark of Pain","Runic Pyramid"],"picked":"Astrolabe"}],"items_purged_floors":[14,21,30],"is_endless":false,"potions_floor_spawned":[1,10,18,29],"killed_by":"Collector","ascension_level":20}