{"gold_per_floor":[112,112,112,112,126,126,153,166,166,166,166,441,441],"floor_reached":13,"playtime":293,"items_purged":[],"score":138,"play_id":"b8f8b42c-51c0-4a10-9b76-eaa242f9e268","local_time":"20181027111022","is_ascension_mode":true,"campfire_choices":[{"data":"Deadly Poison","floor":6.0,"key":"SMITH"},{"data":"Neutralize","floor":10.0,"key":"SMITH"}],"neow_cost":"NONE","seed_source_timestamp":1010310621896558,"circlet_count":0,"master_deck":["Defend_G","Defend_G","Defend_G","Defend_G+1","Defend_G","Strike_G","Strike_G","Strike_G","Strike_G","Strike_G","Survivor","Neutralize+1","AscendersBane","Outmaneuver","Deadly Poison+1","Leg Sweep","Backflip+1","Regret"],"special_seed":0,"relics":["WristBlade","Frozen Egg 2","Bronze Scales","Shuriken","Pantograph"],"potions_floor_usage":[13],"damage_taken":[{"damage":2.0,"enemies":"Jaw Worm","floor":1.0,"turns":5.0},{"damage":4.0,"enemies":"Small Slimes","floor":5.0,"turns":4.0},{"damage":35.0,"enemies":"Lagavulin","floor":7.0,"turns":6.0},{"damage":0.0,"enemies":"Cultist","floor":8.0,"turns":4.0},{"damage":6,"enemies":"Large Slime","floor":13,"turns":7}],"seed_played":"2242188298462906124","potions_obtained":[{"floor":1.0,"key":"Regen Potion"},{"floor":5.0,"key":"SteroidPotion"},{"floor":7.0,"key":"GamblersBrew"}],"is_trial":false,"path_per_floor":["M","?","?","?","M","R","E","M","T","R","?","?"],"character_chosen":"THE_SILENT","items_purchased":[],"campfire_rested":0,"item_purchase_floors":[],"current_hp_per_floor":[57,57,50,43,39,39,19,19,19,19,6,6,0],"gold":441,"neow_bonus":"BOSS_RELIC","is_prod":false,"is_daily":false,"chose_seed":false,"campfire_upgraded":2,"win_rate":0,"timestamp":1540631422,"path_taken":["M","?","?","?","?","R","E","M","T","R","?","?","M"],"build_version":"2018-10-25v2","purchased_purges":0,"victory":false,"max_hp_per_floor":[66,66,66,66,66,66,66,66,66,66,66,66,66],"card_choices":[{"not_picked":["Tactician","Bane"],"picked":"Outmaneuver","floor":1.0},{"not_picked":["Concentrate","Well Laid Plans+1"],"picked":"Deadly Poison","floor":5.0},{"not_picked":["Deflect","Dagger Spray"],"picked":"Leg Sweep","floor":7.0},{"not_picked":["Flechettes","Outmaneuver"],"picked":"Backflip","floor":8.0}],"player_experience":460302,"relics_obtained":[{"floor":7.0,"key":"Shuriken"},{"floor":9.0,"key":"Pantograph"}],"event_choices":[{"damage_healed":0.0,"max_hp_gain":0.0,"max_hp_loss":0.0,"gold_gain":0.0,"event_name":"Big Fish","player_choice":"Box","floor":2.0,"gold_loss":0.0,"damage_taken":0.0,"relics_obtained":["Frozen Egg 2"],"cards_obtained":["Regret"]},{"damage_healed":0.0,"max_hp_gain":0.0,"max_hp_loss":0.0,"gold_gain":0.0,"event_name":"Scrap Ooze","player_choice":"Success","floor":3.0,"gold_loss":0.0,"damage_taken":7.0,"relics_obtained":["Bronze Scales"]},{"cards_removed":["Regret"],"damage_healed":0.0,"max_hp_gain":0.0,"max_hp_loss":0.0,"gold_gain":0.0,"event_name":"Golden Wing","player_choice":"Card Removal","floor":4.0,"gold_loss":0.0,"damage_taken":7.0},{"damage_healed":0.0,"max_hp_gain":0.0,"max_hp_loss":0.0,"gold_gain":0.0,"event_name":"Shining Light","player_choice":"Entered Light","floor":11.0,"gold_loss":0.0,"damage_taken":13.0,"cards_upgraded":["Backflip","Defend_G"]},{"damage_healed":0.0,"max_hp_gain":0.0,"max_hp_loss":0.0,"gold_gain":275.0,"event_name":"Golden Shrine","player_choice":"Desecrate","floor":12.0,"gold_loss":0.0,"damage_taken":0.0,"cards_obtained":["Regret"]}],"is_beta":false,"boss_relics":[],"items_purged_floors":[],"is_endless":false,"potions_floor_spawned":[1,5,7],"killed_by":"Large Slime","ascension_level":14}