{"gold_per_floor":[19,35,54,67,94,104,104,104,104,118,137,137,172,172,172,249,249,266,2,2,2,15,15,15,31,31,42,60,60,60,72,72,72],"floor_reached":33,"playtime":1437,"items_purged":[],"score":452,"play_id":"1dba8dc8-a511-4477-9032-a077e2d8fdf3","local_time":"20190613065018","is_ascension_mode":true,"campfire_choices":[{"floor":7,"key":"REST"},{"data":"Neutralize","floor":12,"key":"SMITH"},{"data":"Deadly Poison","floor":15,"key":"SMITH"},{"data":"Venomology","floor":23,"key":"SMITH"},{"floor":29,"key":"REST"},{"floor":32,"key":"REST"}],"neow_cost":"NO_GOLD","seed_source_timestamp":108999427973100,"circlet_count":0,"master_deck":["AscendersBane","Defend_G","Defend_G","Defend_G","Defend_G","Defend_G","Strike_G","Strike_G","Strike_G","Strike_G","Strike_G","Survivor","Neutralize+1","Secret Technique","Panacea","Crippling Poison+1","Poisoned Stab","Backflip","Deadly Poison+1","Venomology+1","Deflect","Predator","Flechettes","Envenom+1","PiercingWail","Calculated Gamble","Slice","Flechettes","Skewer","Leg Sweep+1"],"relics":["Ring of the Serpent","Bronze Scales","GremlinMask","Lantern","Blood Vial","Shuriken","The Courier","Darkstone Periapt"],"potions_floor_usage":[6,10,11,13,13,16,16,18,25,25,25,27,27,28,28,33,33],"damage_taken":[{"damage":4,"enemies":"Cultist","floor":1,"turns":6},{"damage":7,"enemies":"Small Slimes","floor":2,"turns":3},{"damage":1,"enemies":"2 Louse","floor":3,"turns":3},{"damage":28,"enemies":"Exordium Thugs","floor":4,"turns":8},{"damage":2,"enemies":"3 Louse","floor":6,"turns":2},{"damage":2,"enemies":"Exordium Wildlife","floor":10,"turns":4},{"damage":0,"enemies":"Gremlin Gang","floor":11,"turns":5},{"damage":6,"enemies":"Lagavulin","floor":13,"turns":6},{"damage":14,"enemies":"Hexaghost","floor":16,"turns":9},{"damage":0,"enemies":"3 Byrds","floor":18,"turns":2},{"damage":12,"enemies":"Chosen","floor":22,"turns":6},{"damage":9,"enemies":"Sentry and Sphere","floor":25,"turns":5},{"damage":38,"enemies":"Shelled Parasite and Fungi","floor":27,"turns":4},{"damage":8,"enemies":"3 Cultists","floor":28,"turns":5},{"damage":17,"enemies":"Centurion and Healer","floor":31,"turns":7},{"damage":37,"enemies":"Collector","floor":33,"turns":6}],"seed_played":"-5164425100489829000","potions_obtained":[{"floor":4,"key":"Fire Potion"},{"floor":10,"key":"GhostInAJar"},{"floor":11,"key":"Fire Potion"},{"floor":13,"key":"Explosive Potion"},{"floor":16,"key":"Fruit Juice"},{"floor":22,"key":"PowerPotion"},{"floor":25,"key":"Dexterity Potion"},{"floor":27,"key":"GhostInAJar"}],"is_trial":false,"path_per_floor":["M","M","M","M","T","M","R","?","T","M","M","R","E","?","R","B",null,"M","$","?","?","M","R","$","M","T","M","M","R","?","M","R","B"],"character_chosen":"THE_SILENT","items_purchased":["Shuriken"],"campfire_rested":3,"item_purchase_floors":[19],"current_hp_per_floor":[55,48,47,19,19,17,36,36,36,34,34,34,28,28,28,21,59,61,61,61,61,51,51,51,44,44,8,2,23,23,8,29,0],"gold":72,"neow_bonus":"RANDOM_COLORLESS_2","is_prod":false,"is_daily":false,"chose_seed":false,"campfire_upgraded":3,"win_rate":0,"timestamp":1560401418,"path_taken":["M","M","?","M","?","M","R","?","T","?","M","R","E","?","R","BOSS","M","$","?","?","M","R","$","M","T","M","?","R","?","M","R","BOSS"],"build_version":"2019-01-23","purchased_purges":0,"victory":false,"max_hp_per_floor":[66,66,66,66,66,66,66,66,66,66,66,66,66,66,66,71,71,71,71,71,71,71,71,71,71,71,71,71,71,71,71,71,71],"card_choices":[{"not_picked":["All Out Attack","Sucker Punch"],"picked":"Crippling Poison","floor":1},{"not_picked":["Finisher","Flechettes"],"picked":"Poisoned Stab","floor":2},{"not_picked":["PiercingWail","Underhanded Strike"],"picked":"Backflip","floor":3},{"not_picked":["Dodge and Roll","Underhanded Strike"],"picked":"Deadly Poison","floor":4},{"not_picked":["Blade Dance","Outmaneuver"],"picked":"Venomology","floor":6},{"not_picked":["Sucker Punch","Dagger Throw"],"picked":"Deflect","floor":10},{"not_picked":["Flying Knee","Infinite Blades"],"picked":"Predator","floor":11},{"not_picked":["Masterful Stab","Acrobatics"],"picked":"Flechettes","floor":13},{"not_picked":["Grand Finale","Phantasmal Killer"],"picked":"Envenom","floor":16},{"not_picked":["Terror","Outmaneuver"],"picked":"PiercingWail","floor":18},{"not_picked":["Dagger Throw","Terror"],"picked":"Calculated Gamble","floor":22},{"not_picked":["Underhanded Strike","Expertise"],"picked":"Slice","floor":25},{"not_picked":["PiercingWail","Outmaneuver"],"picked":"Flechettes","floor":27},{"not_picked":["Bane+1","Bouncing Flask"],"picked":"Skewer","floor":28},{"not_picked":["All Out Attack","Quick Slash"],"picked":"Leg Sweep+1","floor":31}],"player_experience":1324859,"relics_obtained":[{"floor":5,"key":"Bronze Scales"},{"floor":9,"key":"Lantern"},{"floor":13,"key":"Blood Vial"},{"floor":26,"key":"Darkstone Periapt"}],"event_choices":[{"damage_healed":0,"gold_gain":0,"player_choice":"Trade","damage_taken":0,"relics_obtained":["GremlinMask"],"max_hp_gain":0,"max_hp_loss":0,"event_name":"FaceTrader","floor":8,"gold_loss":0},{"damage_healed":0,"gold_gain":0,"player_choice":"Forge","damage_taken":0,"max_hp_gain":0,"max_hp_loss":0,"event_name":"Accursed Blacksmith","floor":14,"gold_loss":0,"cards_upgraded":["Crippling Poison"]},{"damage_healed":0,"gold_gain":0,"player_choice":"Stole Relic","damage_taken":0,"relics_obtained":["The Courier"],"max_hp_gain":0,"max_hp_loss":0,"event_name":"Addict","floor":20,"gold_loss":0,"cards_obtained":["Shame"]},{"damage_healed":0,"gold_gain":0,"player_choice":"Upgraded","damage_taken":0,"max_hp_gain":0,"max_hp_loss":0,"event_name":"Upgrade Shrine","floor":21,"gold_loss":0,"cards_upgraded":["Envenom"]},{"cards_removed":["Shame"],"damage_healed":0,"gold_gain":0,"player_choice":"Removed Curses","damage_taken":0,"max_hp_gain":0,"max_hp_loss":0,"event_name":"Fountain of Cleansing","floor":30,"gold_loss":0}],"is_beta":false,"boss_relics":[{"not_picked":["Lizard Tail","WristBlade"],"picked":"Ring of the Serpent"}],"items_purged_floors":[],"is_endless":false,"potions_floor_spawned":[4,10,11,13,16,22,25,27],"killed_by":"Collector","ascension_level":16}