{"gold_per_floor":[217,227,302,321,246,246,268,268,268,300,350,350,379,158,158,229,229,243,258,258],"floor_reached":20,"playtime":713,"items_purged":["Strike_B"],"score":315,"play_id":"8f6f6f12-e5b2-4153-8082-b23e66d86f17","local_time":"20190516041623","is_ascension_mode":true,"campfire_choices":[{"data":"Zap","floor":6,"key":"SMITH"},{"floor":8,"key":"REST"},{"floor":12,"key":"REST"},{"data":"Defragment","floor":15,"key":"SMITH"}],"neow_cost":"NONE","seed_source_timestamp":190876745506500,"circlet_count":0,"master_deck":["AscendersBane","Defend_B","Defend_B","Defend_B","Zap+1","Dualcast","Streamline","Sweeping Beam","Melter","Cold Snap","Consume","Go for the Eyes","Defragment+1","Seek","FTL+1","Machine Learning+1","Amplify+1","Double Energy","Chill+1"],"relics":["Cracked Core","Odd Mushroom","Bird Faced Urn","Ancient Tea Set","Gremlin Horn","Astrolabe"],"potions_floor_usage":[7,13,16,16],"damage_taken":[{"damage":1,"enemies":"Cultist","floor":1,"turns":3},{"damage":0,"enemies":"2 Louse","floor":2,"turns":2},{"damage":12,"enemies":"Jaw Worm","floor":4,"turns":2},{"damage":18,"enemies":"The Mushroom Lair","floor":7,"turns":3},{"damage":29,"enemies":"3 Sentries","floor":10,"turns":5},{"damage":19,"enemies":"Lagavulin","floor":13,"turns":5},{"damage":13,"enemies":"Hexaghost","floor":16,"turns":11},{"damage":24,"enemies":"3 Byrds","floor":18,"turns":4},{"damage":31,"enemies":"2 Thieves","floor":19,"turns":4},{"damage":18,"enemies":"Snecko","floor":20,"turns":3}],"seed_played":"5185782406596152000","potions_obtained":[{"floor":1,"key":"Swift Potion"},{"floor":2,"key":"Dexterity Potion"},{"floor":10,"key":"EssenceOfSteel"},{"floor":19,"key":"EssenceOfSteel"}],"is_trial":false,"path_per_floor":["M","M","?","M","?","R","?","R","T","E","?","R","E","$","R","B",null,"M","M","M"],"character_chosen":"DEFECT","items_purchased":["Defragment","Regen Potion"],"campfire_rested":2,"item_purchase_floors":[14,14],"current_hp_per_floor":[63,63,52,40,40,40,22,43,43,14,7,28,9,9,9,13,57,37,10,0],"gold":258,"neow_bonus":"HUNDRED_GOLD","is_prod":false,"is_daily":false,"chose_seed":false,"campfire_upgraded":2,"win_rate":0,"timestamp":1557972983,"path_taken":["M","M","?","M","?","R","?","R","T","E","?","R","E","$","R","BOSS","M","?","M"],"build_version":"2019-01-23","purchased_purges":1,"victory":false,"max_hp_per_floor":[71,71,71,71,71,71,71,71,71,71,71,71,71,71,71,71,71,71,71,71],"card_choices":[{"not_picked":["Recycle","Rebound"],"picked":"Streamline","floor":1},{"not_picked":["Beam Cell","Redo"],"picked":"Sweeping Beam","floor":2},{"not_picked":["Aggregate","Gash"],"picked":"Melter","floor":4},{"not_picked":["Go for the Eyes","Gash"],"picked":"Cold Snap","floor":7},{"not_picked":["Amplify","Sweeping Beam"],"picked":"Consume","floor":10},{"not_picked":["Gash","Undo"],"picked":"Go for the Eyes","floor":13},{"not_picked":["Multi-Cast","Meteor Strike"],"picked":"Seek","floor":16},{"not_picked":["Gash","Go for the Eyes"],"picked":"Double Energy","floor":18},{"not_picked":["Melter","Stack+1"],"picked":"Chill+1","floor":19}],"player_experience":1111478,"relics_obtained":[{"floor":7,"key":"Odd Mushroom"},{"floor":9,"key":"Bird Faced Urn"},{"floor":10,"key":"Ancient Tea Set"},{"floor":13,"key":"Gremlin Horn"}],"event_choices":[{"damage_healed":0,"gold_gain":75,"player_choice":"Gather Gold","damage_taken":11,"max_hp_gain":0,"max_hp_loss":0,"event_name":"World of Goop","floor":3,"gold_loss":0},{"cards_removed":["Strike_B"],"damage_healed":0,"gold_gain":0,"player_choice":"Card Removal","damage_taken":0,"max_hp_gain":0,"max_hp_loss":0,"event_name":"The Cleric","floor":5,"gold_loss":75},{"damage_healed":0,"gold_gain":0,"player_choice":"Fought Mushrooms","damage_taken":0,"max_hp_gain":0,"max_hp_loss":0,"event_name":"Mushrooms","floor":7,"gold_loss":0},{"damage_healed":0,"gold_gain":50,"player_choice":"Touch","damage_taken":7,"max_hp_gain":0,"max_hp_loss":0,"event_name":"FaceTrader","floor":11,"gold_loss":0}],"is_beta":false,"boss_relics":[{"not_picked":["Nuclear Battery","Cursed Key"],"picked":"Astrolabe"}],"items_purged_floors":[14],"is_endless":false,"potions_floor_spawned":[1,2,10,19],"killed_by":"Snecko","ascension_level":15}