{"gold_per_floor":[11,21,21,21,21,21,52,72,96,96,130,150,24,35,35,114,114,126,126,126,141,141,5,5,21,21,37,37,55,66,66],"floor_reached":31,"playtime":1161,"items_purged":["Regret"],"score":470,"play_id":"0b5e4827-ebb1-4934-bef4-3c387d9663d3","local_time":"20190622054727","is_ascension_mode":true,"campfire_choices":[{"floor":6,"key":"REST"},{"data":"Neutralize","floor":10,"key":"SMITH"},{"floor":15,"key":"REST"},{"data":"A Thousand Cuts","floor":24,"key":"SMITH"},{"floor":28,"key":"REST"}],"neow_cost":"NO_GOLD","seed_source_timestamp":365183606962300,"circlet_count":0,"master_deck":["AscendersBane","Defend_G","Defend_G","Defend_G+1","Defend_G","Defend_G","Strike_G","Strike_G","Strike_G","Strike_G","Survivor","Neutralize+1","Dark Shackles","Finesse","Skewer+1","Dagger Spray","Flying Knee","Bouncing Flask","Caltrops","Envenom","Infinite Blades","Deadly Poison","Endless Agony","A Thousand Cuts+1","Prepared","Ghostly","Ghostly","Ghostly","Cloak And Dagger","Bouncing Flask","Caltrops","Deflect","Acrobatics","Outmaneuver","Slice"],"relics":["Ring of the Snake","Happy Flower","Centennial Puzzle","Regal Pillow","Busted Crown","Ice Cream"],"potions_floor_usage":[7,11,16,29],"damage_taken":[{"damage":0,"enemies":"Jaw Worm","floor":1,"turns":6},{"damage":0,"enemies":"2 Louse","floor":2,"turns":3},{"damage":16,"enemies":"3 Sentries","floor":7,"turns":7},{"damage":0,"enemies":"Cultist","floor":8,"turns":3},{"damage":18,"enemies":"Lagavulin","floor":11,"turns":7},{"damage":4,"enemies":"Blue Slaver","floor":12,"turns":4},{"damage":0,"enemies":"3 Louse","floor":14,"turns":3},{"damage":13,"enemies":"The Guardian","floor":16,"turns":11},{"damage":17,"enemies":"2 Thieves","floor":18,"turns":4},{"damage":12,"enemies":"3 Byrds","floor":21,"turns":5},{"damage":3,"enemies":"Snake Plant","floor":25,"turns":3},{"damage":7,"enemies":"Cultist and Chosen","floor":27,"turns":5},{"damage":25,"enemies":"Chosen and Byrds","floor":29,"turns":5},{"damage":4,"enemies":"Centurion and Healer","floor":30,"turns":6},{"damage":7,"enemies":"Snake Plant","floor":31,"turns":3}],"seed_played":"-963123296426011018","potions_obtained":[{"floor":2,"key":"Regen Potion"},{"floor":8,"key":"EssenceOfSteel"},{"floor":14,"key":"Swift Potion"},{"floor":18,"key":"Strength Potion"},{"floor":25,"key":"GamblersBrew"}],"is_trial":false,"path_per_floor":["M","M","?","?","?","R","E","M","T","R","E","M","$","M","R","B",null,"M","?","?","M","?","$","R","M","T","M","R","M","M","M"],"character_chosen":"THE_SILENT","items_purchased":["Deadly Poison","Caltrops","Deflect"],"campfire_rested":3,"item_purchase_floors":[13,23,23],"current_hp_per_floor":[59,59,39,32,32,51,49,49,49,49,31,27,27,27,61,48,62,45,33,33,21,21,21,21,18,18,11,33,8,4,0],"gold":66,"neow_bonus":"RANDOM_COLORLESS_2","is_prod":false,"is_daily":false,"chose_seed":false,"campfire_upgraded":2,"win_rate":0,"timestamp":1561175247,"path_taken":["M","M","?","?","?","R","E","M","T","R","E","M","$","M","R","BOSS","M","?","?","M","?","$","R","M","T","M","R","?","M","M"],"build_version":"2019-01-23","purchased_purges":1,"victory":false,"max_hp_per_floor":[66,66,66,66,66,66,66,66,66,66,66,66,66,66,66,66,66,66,33,33,33,33,33,33,33,33,33,33,33,33,33],"card_choices":[{"not_picked":["Endless Agony","Dodge and Roll"],"picked":"Skewer","floor":1},{"not_picked":["Dodge and Roll","Blade Dance"],"picked":"Dagger Spray","floor":2},{"not_picked":["Quick Slash","Deflect"],"picked":"Bouncing Flask","floor":7},{"not_picked":["Masterful Stab","All Out Attack"],"picked":"Caltrops","floor":8},{"not_picked":["Cloak And Dagger","Outmaneuver"],"picked":"Envenom","floor":11},{"not_picked":["Caltrops","Sucker Punch"],"picked":"Infinite Blades","floor":12},{"not_picked":["Dodge and Roll","Underhanded Strike"],"picked":"Endless Agony","floor":14},{"not_picked":["Adrenaline","Tools of the Trade"],"picked":"A Thousand Cuts","floor":16},{"not_picked":[],"picked":"Prepared","floor":18},{"not_picked":[],"picked":"Cloak And Dagger","floor":21},{"not_picked":[],"picked":"Acrobatics","floor":25},{"not_picked":["Outmaneuver"],"picked":"SKIP","floor":27},{"not_picked":[],"picked":"Outmaneuver","floor":27},{"not_picked":["Sucker Punch"],"picked":"SKIP","floor":29},{"not_picked":[],"picked":"Slice","floor":30}],"player_experience":1424438,"relics_obtained":[{"floor":7,"key":"Happy Flower"},{"floor":9,"key":"Centennial Puzzle"},{"floor":11,"key":"Regal Pillow"},{"floor":26,"key":"Ice Cream"}],"event_choices":[{"damage_healed":0,"gold_gain":0,"player_choice":"Entered Light","damage_taken":20,"max_hp_gain":0,"max_hp_loss":0,"event_name":"Shining Light","floor":3,"gold_loss":0,"cards_upgraded":["Defend_G","Skewer"]},{"cards_removed":["Strike_G"],"damage_healed":0,"gold_gain":0,"player_choice":"Card Removal","damage_taken":7,"max_hp_gain":0,"max_hp_loss":0,"event_name":"Golden Wing","floor":4,"gold_loss":0},{"damage_healed":0,"gold_gain":0,"player_choice":"2 cards matched","damage_taken":0,"max_hp_gain":0,"max_hp_loss":0,"event_name":"Match and Keep!","floor":5,"gold_loss":0,"cards_obtained":["Flying Knee","Regret"]},{"damage_healed":0,"gold_gain":0,"player_choice":"Became a Ghost","damage_taken":0,"max_hp_gain":0,"max_hp_loss":33,"event_name":"Ghosts","floor":19,"gold_loss":0,"cards_obtained":["Ghostly","Ghostly","Ghostly"]},{"damage_healed":0,"gold_gain":0,"player_choice":"Ignored","damage_taken":0,"max_hp_gain":0,"max_hp_loss":0,"event_name":"Vampires","floor":20,"gold_loss":0},{"damage_healed":0,"gold_gain":0,"player_choice":"Read","damage_taken":0,"max_hp_gain":0,"max_hp_loss":0,"event_name":"The Library","floor":22,"gold_loss":0,"cards_obtained":["Bouncing Flask"]}],"is_beta":false,"boss_relics":[{"not_picked":["Runic Dome","HoveringKite"],"picked":"Busted Crown"}],"items_purged_floors":[13],"is_endless":false,"potions_floor_spawned":[2,8,14,18,25],"killed_by":"Snake Plant","ascension_level":16}