{"gold_per_floor":[112,287,212,232,132,167,167,181,232,182,182,209,209,209,209,312,312,329,7,24,34,44,44,64,64,64,64,80,106,131,163,175,284,296,324,336,358,382,97,97,109,109,109,125,125,0,14,25,25,25,25,25,25,56,56],"floor_reached":55,"playtime":2428,"items_purged":["Doubt","Strike_R","Pain"],"score":726,"play_id":"d23fd3a4-05a2-47d0-b328-4a99d8234016","local_time":"20190617224854","is_ascension_mode":false,"campfire_choices":[{"data":"Rampage","floor":7,"key":"SMITH"},{"data":"Shrug It Off","floor":11,"key":"SMITH"},{"data":"Barricade","floor":13,"key":"SMITH"},{"data":"Juggernaut","floor":15,"key":"SMITH"},{"data":"Armaments","floor":23,"key":"SMITH"},{"floor":25,"key":"REST"},{"floor":32,"key":"REST"},{"data":"Entrench","floor":42,"key":"SMITH"},{"floor":49,"key":"RECALL"},{"data":"Disarm","floor":52,"key":"SMITH"}],"neow_cost":"NONE","seed_source_timestamp":455224056509358,"circlet_count":0,"master_deck":["Strike_R","Strike_R","Strike_R","Defend_R","Defend_R","Defend_R","Bash","Rampage+1","Juggernaut+1","Shrug It Off+1","Barricade+1","Immolate+1","Metallicize","Armaments+1","The Bomb","Battle Trance+1","Entrench+1","Impervious","Impervious","Entrench+1","Disarm+1","Metallicize+1","Shockwave+1","Impervious"],"relics":["Burning Blood","NeowsBlessing","Bag of Marbles","Bronze Scales","Self Forming Clay","Centennial Puzzle","Mark of Pain","MawBank","Cursed Key","Calipers","Pen Nib","Lantern"],"potions_floor_usage":[16,20,22,22,24,29,50,50,55],"damage_taken":[{"damage":0,"enemies":"Small Slimes","floor":1,"turns":1},{"damage":0,"enemies":"2 Louse","floor":4,"turns":1},{"damage":0,"enemies":"Gremlin Nob","floor":6,"turns":1},{"damage":11,"enemies":"Jaw Worm","floor":8,"turns":2},{"damage":26,"enemies":"3 Sentries","floor":12,"turns":7},{"damage":34,"enemies":"The Guardian","floor":16,"turns":8},{"damage":0,"enemies":"Chosen","floor":18,"turns":4},{"damage":11,"enemies":"2 Thieves","floor":20,"turns":3},{"damage":21,"enemies":"Centurion and Healer","floor":21,"turns":4},{"damage":10,"enemies":"Snake Plant","floor":22,"turns":3},{"damage":25,"enemies":"Shelled Parasite and Fungi","floor":24,"turns":5},{"damage":2,"enemies":"Chosen and Byrds","floor":28,"turns":3},{"damage":32,"enemies":"Slavers","floor":29,"turns":4},{"damage":0,"enemies":"3 Cultists","floor":30,"turns":3},{"damage":1,"enemies":"Cultist and Chosen","floor":31,"turns":5},{"damage":0,"enemies":"Champ","floor":33,"turns":13},{"damage":5,"enemies":"Orb Walker","floor":35,"turns":3},{"damage":0,"enemies":"3 Shapes","floor":37,"turns":6},{"damage":24,"enemies":"Sphere and 2 Shapes","floor":38,"turns":6},{"damage":0,"enemies":"Maw","floor":41,"turns":7},{"damage":9,"enemies":"Spire Growth","floor":44,"turns":5},{"damage":4,"enemies":"Writhing Mass","floor":47,"turns":7},{"damage":12,"enemies":"Transient","floor":48,"turns":5},{"damage":9,"enemies":"Donu and Deca","floor":50,"turns":13},{"damage":18,"enemies":"Shield and Spear","floor":54,"turns":10},{"damage":64,"enemies":"The Heart","floor":55,"turns":5}],"seed_played":"5546546370221724220","potions_obtained":[{"floor":4,"key":"Poison Potion"},{"floor":6,"key":"GamblersBrew"},{"floor":12,"key":"Swift Potion"},{"floor":18,"key":"Explosive Potion"},{"floor":20,"key":"FearPotion"},{"floor":24,"key":"SteroidPotion"},{"floor":31,"key":"Weak Potion"},{"floor":35,"key":"SmokeBomb"},{"floor":38,"key":"Strength Potion"},{"floor":41,"key":"EssenceOfSteel"},{"floor":54,"key":"Strength Potion"}],"is_trial":false,"path_per_floor":["M","?","$","M","$","E","R","M","T","?","R","E","R","T","R","B",null,"M","$","M","M","M","R","M","R","T","?","M","E","M","M","R","B",null,"M","?","M","M","$","?","M","R","T","M","?","$","M","M","R","B",null,"R","$","E","B"],"character_chosen":"IRONCLAD","items_purchased":["Metallicize","Armaments","The Bomb","Calipers"],"campfire_rested":2,"item_purchase_floors":[19,19,19,39],"current_hp_per_floor":[80,80,80,80,80,80,80,75,75,75,75,55,55,55,55,27,80,80,80,75,60,56,56,37,61,61,61,65,39,45,50,74,80,80,80,76,76,58,58,58,64,64,64,61,61,61,63,57,57,54,76,76,76,64,0],"gold":56,"neow_bonus":"THREE_ENEMY_KILL","is_prod":false,"is_daily":false,"chose_seed":false,"campfire_upgraded":7,"win_rate":0,"timestamp":1560826134,"path_taken":["M","?","$","M","$","E","R","M","T","?","R","E","R","?","R","BOSS","M","$","M","M","M","R","M","R","T","?","?","E","M","M","R","BOSS","M","?","M","M","$","?","M","R","T","M","?","$","M","M","R","BOSS","R","$","E","BOSS"],"build_version":"2019-01-23","purchased_purges":3,"victory":false,"max_hp_per_floor":[80,80,80,80,80,80,80,80,80,80,80,80,80,80,80,80,80,80,80,80,80,80,80,80,80,80,80,80,80,80,80,80,80,80,80,76,76,76,76,76,76,76,76,76,76,76,76,76,76,76,76,76,76,76,76],"card_choices":[{"not_picked":["Clash","Twin Strike","Warcry"],"picked":"SKIP","floor":1},{"not_picked":["Headbutt","Clash"],"picked":"Rampage","floor":4},{"not_picked":["Clothesline","Perfected Strike"],"picked":"Juggernaut","floor":6},{"not_picked":["Sword Boomerang","Clash"],"picked":"Shrug It Off","floor":8},{"not_picked":["Flex","Feel No Pain"],"picked":"Barricade","floor":12},{"not_picked":["Dark Embrace","Exhume"],"picked":"Immolate","floor":16},{"not_picked":["Anger+1","Twin Strike","Seeing Red"],"picked":"SKIP","floor":18},{"not_picked":["Carnage","Blood for Blood+1"],"picked":"Battle Trance+1","floor":20},{"not_picked":["Feel No Pain","Corruption+1","Havoc"],"picked":"SKIP","floor":21},{"not_picked":["Shockwave","Clothesline"],"picked":"Entrench+1","floor":22},{"not_picked":["Perfected Strike+1","Hemokinesis","Clash+1"],"picked":"SKIP","floor":24},{"not_picked":["Heavy Blade","Cleave","Evolve+1"],"picked":"SKIP","floor":28},{"not_picked":["Shrug It Off","Burning Pact+1"],"picked":"Impervious","floor":29},{"not_picked":["Whirlwind","Heavy Blade+1","True Grit"],"picked":"SKIP","floor":30},{"not_picked":["Anger+1","Cleave+1","Corruption"],"picked":"SKIP","floor":31},{"not_picked":["Dark Embrace","Offering"],"picked":"Impervious","floor":33},{"not_picked":["Second Wind+1","Flex","Rupture"],"picked":"SKIP","floor":35},{"not_picked":["Sentinel+1","Sword Boomerang","Thunderclap"],"picked":"SKIP","floor":37},{"not_picked":["Inflame","Carnage"],"picked":"Entrench","floor":38},{"not_picked":["Power Through+1","Warcry+1"],"picked":"Disarm","floor":41},{"not_picked":["Sword Boomerang","Clash+1"],"picked":"Metallicize+1","floor":44},{"not_picked":["Corruption","Headbutt"],"picked":"Shockwave+1","floor":47},{"not_picked":["Perfected Strike","Warcry","Havoc+1"],"picked":"SKIP","floor":48},{"not_picked":["Pommel Strike","Havoc+1"],"picked":"Impervious","floor":54}],"player_experience":221111,"relics_obtained":[{"floor":6,"key":"Bag of Marbles"},{"floor":9,"key":"Bronze Scales"},{"floor":12,"key":"Self Forming Clay"},{"floor":14,"key":"Centennial Puzzle"},{"floor":29,"key":"MawBank"},{"floor":43,"key":"Pen Nib"},{"floor":54,"key":"Lantern"}],"event_choices":[{"damage_healed":0,"gold_gain":175,"player_choice":"AGREE","damage_taken":0,"max_hp_gain":0,"max_hp_loss":0,"event_name":"Liars Game","floor":2,"gold_loss":0,"cards_obtained":["Doubt"]},{"cards_removed":["Strike_R"],"damage_healed":0,"gold_gain":0,"player_choice":"Card Removal","damage_taken":0,"max_hp_gain":0,"max_hp_loss":0,"event_name":"The Cleric","floor":10,"gold_loss":50},{"damage_healed":0,"gold_gain":0,"player_choice":"Upgraded","damage_taken":0,"max_hp_gain":0,"max_hp_loss":0,"event_name":"Upgrade Shrine","floor":27,"gold_loss":0,"cards_upgraded":["Immolate"]},{"damage_healed":0,"gold_gain":0,"player_choice":"Max HP","damage_taken":0,"max_hp_gain":0,"max_hp_loss":4,"event_name":"Winding Halls","floor":36,"gold_loss":0},{"cards_removed":["Defend_R"],"damage_healed":0,"gold_gain":0,"player_choice":"Removed Skill","damage_taken":0,"max_hp_gain":0,"max_hp_loss":0,"event_name":"Falling","floor":40,"gold_loss":0},{"damage_healed":0,"gold_gain":0,"player_choice":"Ignored","damage_taken":0,"max_hp_gain":0,"max_hp_loss":0,"event_name":"Tomb of Lord Red Mask","floor":45,"gold_loss":0}],"is_beta":false,"boss_relics":[{"not_picked":["Busted Crown","Eternal Feather"],"picked":"Mark of Pain"},{"not_picked":["Calling Bell","Runic Cube"],"picked":"Cursed Key"}],"items_purged_floors":[3,5,46],"is_endless":false,"potions_floor_spawned":[4,6,12,18,20,24,31,35,38,41,54],"killed_by":"The Heart","ascension_level":0}