{"gold_per_floor":[110,120,44,54,54,79,254,254,278,294,305,323,323,343,343,343],"floor_reached":16,"playtime":621,"items_purged":[],"score":135,"play_id":"a14c7cac-77b6-41b2-ab60-7ecf7f8953c6","local_time":"20180623211727","is_ascension_mode":true,"campfire_choices":[{"floor":8,"key":"REST"},{"floor":13,"key":"REST"},{"data":"All Out Attack","floor":15,"key":"SMITH"}],"neow_cost":"NONE","seed_source_timestamp":788718739797023,"circlet_count":0,"master_deck":["Defend_G","Defend_G","Defend_G","Defend_G","Defend_G","Strike_G","Strike_G","Strike_G","Strike_G","Strike_G","Survivor","Neutralize","Escape Plan","Quick Slash","Footwork","Dagger Throw","Doubt","All Out Attack+1","Escape Plan","Backflip"],"relics":["Ring of the Snake","NeowsBlessing","Anchor","Dream Catcher"],"potions_floor_usage":[16],"damage_taken":[{"damage":0,"enemies":"Cultist","floor":1,"turns":1},{"damage":0,"enemies":"2 Louse","floor":2,"turns":1},{"damage":0,"enemies":"Jaw Worm","floor":4,"turns":1},{"damage":52,"enemies":"Gremlin Nob","floor":6,"turns":6},{"damage":14,"enemies":"Exordium Wildlife","floor":10,"turns":7},{"damage":0,"enemies":"Exordium Thugs","floor":11,"turns":7},{"damage":16,"enemies":"Gremlin Gang","floor":12,"turns":4},{"damage":0,"enemies":"3 Louse","floor":14,"turns":2},{"damage":35,"enemies":"Slime Boss","floor":16,"turns":8}],"seed_played":"-8574409305071178308","potions_obtained":[{"floor":4,"key":"Ancient Potion"},{"floor":10,"key":"Ancient Potion"},{"floor":11,"key":"Poison Potion"}],"is_trial":false,"path_per_floor":["M","M","$","M","?","E","?","R","T","M","M","M","R","M","R"],"character_chosen":"THE_SILENT","items_purchased":["Footwork"],"campfire_rested":2,"item_purchase_floors":[3],"current_hp_per_floor":[63,63,63,63,68,16,16,37,37,23,23,7,28,28,28,0],"gold":343,"neow_bonus":"THREE_ENEMY_KILL","is_prod":false,"is_daily":false,"chose_seed":false,"campfire_upgraded":1,"win_rate":0,"timestamp":1529785047,"path_taken":["M","?","$","M","?","E","?","R","T","M","M","?","R","?","R","BOSS"],"build_version":"2018-06-21v2","purchased_purges":0,"victory":false,"max_hp_per_floor":[70,70,70,70,70,70,70,70,70,70,70,70,70,70,70,70],"card_choices":[{"not_picked":["Flying Knee","Dodge and Roll"],"picked":"Escape Plan","floor":1},{"not_picked":["Cloak And Dagger","Endless Agony"],"picked":"Quick Slash","floor":2},{"not_picked":["Flying Knee","Concentrate"],"picked":"PiercingWail","floor":4},{"not_picked":["Prepared","PiercingWail"],"picked":"Dagger Throw","floor":6},{"not_picked":["Burst","Sucker Punch"],"picked":"All Out Attack","floor":10},{"not_picked":["Acrobatics","Dagger Throw"],"picked":"Escape Plan","floor":11},{"not_picked":["Dagger Spray","Deflect","Slice"],"picked":"SKIP","floor":12},{"not_picked":["Dagger Throw","Endless Agony"],"picked":"Backflip","floor":14}],"player_experience":482569,"relics_obtained":[{"floor":6,"key":"Anchor"},{"floor":9,"key":"Dream Catcher"}],"event_choices":[{"event_name":"Bonfire Elementals","player_choice":"COMMON","floor":5,"damage_taken":0},{"event_name":"Liars Game","player_choice":"agreed","floor":7,"damage_taken":0}],"boss_relics":[],"items_purged_floors":[],"is_endless":false,"potions_floor_spawned":[4,10,11,14],"killed_by":"Slime Boss","ascension_level":6}