{"gold_per_floor":[112,112,127,147,158,185,185,210,257,275,293,293,313,331,331,331],"floor_reached":16,"playtime":610,"items_purged":[],"score":201,"play_id":"a35babd1-d78d-4ffb-a180-8ec5283d9e2c","local_time":"20190718222648","is_ascension_mode":true,"campfire_choices":[{"data":"Neutralize","floor":7,"key":"SMITH"},{"floor":12,"key":"REST"},{"data":"Tactician","floor":15,"key":"SMITH"}],"neow_cost":"NONE","seed_source_timestamp":524630886829600,"circlet_count":0,"master_deck":["AscendersBane","Strike_G","Strike_G","Strike_G","Strike_G","Strike_G","Defend_G","Defend_G","Defend_G","Defend_G","Defend_G","Survivor","Neutralize+1","Backstab","Dagger Throw","Endless Agony","Backflip","Blur","Tactician+1","Acrobatics","Catalyst","Flying Knee"],"relics":["Ring of the Snake","NeowsBlessing","Oddly Smooth Stone","Orichalcum","Potion Belt"],"potions_floor_usage":[6,10,14,16],"damage_taken":[{"damage":0,"enemies":"Cultist","floor":1,"turns":1},{"damage":0,"enemies":"Jaw Worm","floor":3,"turns":1},{"damage":0,"enemies":"Small Slimes","floor":4,"turns":1},{"damage":1,"enemies":"Looter","floor":5,"turns":3},{"damage":39,"enemies":"Gremlin Nob","floor":6,"turns":5},{"damage":0,"enemies":"Exordium Thugs","floor":10,"turns":6},{"damage":0,"enemies":"2 Fungi Beasts","floor":11,"turns":4},{"damage":0,"enemies":"Lots of Slimes","floor":13,"turns":4},{"damage":0,"enemies":"Exordium Wildlife","floor":14,"turns":4},{"damage":43,"enemies":"Hexaghost","floor":16,"turns":14}],"seed_played":"8718381121788730461","potions_obtained":[{"floor":3,"key":"Weak Potion"},{"floor":4,"key":"Swift Potion"},{"floor":11,"key":"LiquidBronze"},{"floor":13,"key":"Fire Potion"}],"is_trial":false,"path_per_floor":["M","$","M","M","M","E","R","T","T","M","M","R","M","M","R","B"],"character_chosen":"THE_SILENT","items_purchased":[],"campfire_rested":1,"item_purchase_floors":[],"current_hp_per_floor":[59,59,59,59,58,19,19,19,19,19,19,38,38,38,38,0],"gold":331,"neow_bonus":"THREE_ENEMY_KILL","is_prod":false,"is_daily":false,"chose_seed":false,"campfire_upgraded":2,"win_rate":0,"timestamp":1563481608,"path_taken":["M","$","?","?","?","E","R","?","T","M","?","R","M","M","R","BOSS"],"build_version":"2019-07-17","purchased_purges":0,"victory":false,"max_hp_per_floor":[66,66,66,66,66,66,66,66,66,66,66,66,66,66,66,66],"card_choices":[{"not_picked":["Dodge and Roll","Reflex"],"picked":"Backstab","floor":1},{"not_picked":["Underhanded Strike","PiercingWail"],"picked":"Dagger Throw","floor":3},{"not_picked":["Slice","Cloak And Dagger"],"picked":"Endless Agony","floor":4},{"not_picked":["Night Terror","Deflect"],"picked":"Backflip","floor":5},{"not_picked":["Dagger Throw","Blade Dance"],"picked":"Blur","floor":6},{"not_picked":["Bane","Outmaneuver"],"picked":"Tactician","floor":10},{"not_picked":["Slice","Quick Slash"],"picked":"Acrobatics","floor":11},{"not_picked":["Backflip","Heel Hook"],"picked":"Catalyst","floor":13},{"not_picked":["All Out Attack","Blade Dance"],"picked":"Flying Knee","floor":14}],"player_experience":1679391,"relics_obtained":[{"floor":6,"key":"Oddly Smooth Stone"},{"floor":8,"key":"Orichalcum"},{"floor":9,"key":"Potion Belt"}],"event_choices":[],"is_beta":false,"boss_relics":[],"items_purged_floors":[],"is_endless":false,"potions_floor_spawned":[3,4,11,13],"killed_by":"Hexaghost","ascension_level":18}