{"gold_per_floor":[11,25,25,25,200,200,231,246,246,264,36,36,56,67,67,167,167,137,10,23,23,42,42,57,57,104,116,135,135,335,335],"floor_reached":31,"playtime":1223,"items_purged":["Doubt"],"score":347,"play_id":"21cc7111-afea-4682-bda6-1a7f01559899","local_time":"20180707192702","is_ascension_mode":true,"campfire_choices":[{"data":"Zap","floor":6,"key":"SMITH"},{"floor":12,"key":"REST"},{"data":"Sunder","floor":15,"key":"SMITH"},{"floor":23,"key":"REST"},{"floor":25,"key":"REST"},{"floor":29,"key":"REST"}],"neow_cost":"NO_GOLD","seed_source_timestamp":0,"circlet_count":0,"master_deck":["Strike_B","Strike_B","Strike_B","Defend_B","Defend_B","Defend_B","Zap+1","Dualcast","Sunder+1","Go for the Eyes+1","Cold Snap","Ball Lightning","Gash","Sweeping Beam","Barrage","Capacitor","Seek","Genetic Algorithm","Gash","Core Surge","Scrape","Rebound","Leap"],"special_seed":17719,"relics":["Cracked Core","Ornamental Fan","Omamori","Incense Burner","Inserter","Oddly Smooth Stone"],"potions_floor_usage":[16,18,18],"damage_taken":[{"damage":2,"enemies":"Jaw Worm","floor":1,"turns":3},{"damage":8,"enemies":"Small Slimes","floor":2,"turns":2},{"damage":17,"enemies":"3 Sentries","floor":7,"turns":5},{"damage":0,"enemies":"2 Louse","floor":8,"turns":2},{"damage":1,"enemies":"Blue Slaver","floor":10,"turns":3},{"damage":0,"enemies":"2 Fungi Beasts","floor":13,"turns":1},{"damage":0,"enemies":"Looter","floor":14,"turns":2},{"damage":0,"enemies":"Slime Boss","floor":16,"turns":5},{"damage":13,"enemies":"2 Thieves","floor":18,"turns":2},{"damage":18,"enemies":"Spheric Guardian","floor":20,"turns":4},{"damage":31,"enemies":"Snake Plant","floor":22,"turns":5},{"damage":22,"enemies":"Chosen and Byrds","floor":24,"turns":6},{"damage":10,"enemies":"Sentry and Sphere","floor":27,"turns":4},{"damage":10,"enemies":"Snecko","floor":28,"turns":5},{"damage":42,"enemies":"Book of Stabbing","floor":31,"turns":5}],"seed_played":"-5610983590349585426","potions_obtained":[{"floor":7,"key":"FocusPotion"},{"floor":10,"key":"Fire Potion"},{"floor":13,"key":"SmokeBomb"},{"floor":16,"key":"AttackPotion"},{"floor":20,"key":"Dexterity Potion"},{"floor":24,"key":"SkillPotion"},{"floor":28,"key":"SteroidPotion"}],"is_trial":false,"path_per_floor":["M","M","?","?","?","R","E","M","T","M","$","R","M","M","R","B",null,"M","$","M","$","M","R","M","R","T","M","M","R","?"],"character_chosen":"DEFECT","items_purchased":["Capacitor","Seek","Scrape","Rebound"],"campfire_rested":4,"item_purchase_floors":[11,11,19,19],"current_hp_per_floor":[73,65,65,53,53,53,36,36,36,35,35,57,57,57,57,57,75,62,62,44,44,13,35,13,35,35,25,15,37,37,0],"gold":335,"neow_bonus":"TRANSFORM_TWO_CARDS","is_prod":false,"is_daily":false,"chose_seed":false,"campfire_upgraded":2,"win_rate":0,"timestamp":1530988022,"path_taken":["M","M","?","?","?","R","E","?","T","M","?","R","?","M","R","BOSS","M","$","M","$","M","R","M","R","T","M","M","R","?","E"],"build_version":"2018-07-05","purchased_purges":1,"victory":false,"max_hp_per_floor":[75,75,75,75,75,75,75,75,75,75,75,75,75,75,75,75,75,75,75,75,75,75,75,75,75,75,75,75,75,75,75],"card_choices":[{"not_picked":["Go for the Eyes","Lockon"],"picked":"Cold Snap","floor":1},{"not_picked":["Static Discharge","Gash"],"picked":"Ball Lightning","floor":2},{"not_picked":["All For One","Seek"],"picked":"Gash","floor":7},{"not_picked":["Steam","Self Repair"],"picked":"Sweeping Beam","floor":8},{"not_picked":["Storm","Conserve Battery"],"picked":"Barrage","floor":10},{"not_picked":["Steam Power","Tempest"],"picked":"Genetic Algorithm","floor":13},{"not_picked":["Coolheaded","Storm"],"picked":"Gash","floor":14},{"not_picked":["Amplify","All For One"],"picked":"Core Surge","floor":16},{"not_picked":["Compile Driver","Go for the Eyes+1","Conserve Battery"],"picked":"SKIP","floor":20},{"not_picked":["Turbo","Seek","Leap"],"picked":"SKIP","floor":22},{"not_picked":["Turbo","Seek"],"picked":"Leap","floor":22},{"not_picked":["Melter","Sunder","Compile Driver"],"picked":"SKIP","floor":24},{"not_picked":["Stack","Gash","Streamline"],"picked":"SKIP","floor":27},{"not_picked":["Blizzard","Ball Lightning","Compile Driver"],"picked":"SKIP","floor":28}],"player_experience":515802,"relics_obtained":[{"floor":7,"key":"Omamori"},{"floor":9,"key":"Incense Burner"},{"floor":26,"key":"Oddly Smooth Stone"}],"event_choices":[{"event_name":"Living Wall","player_choice":"Grow","floor":3,"damage_taken":0},{"event_name":"Scrap Ooze","player_choice":"success","floor":4,"damage_taken":12},{"event_name":"Liars Game","player_choice":"agreed","floor":5,"damage_taken":0},{"event_name":"The Joust","player_choice":"Bet on Owner","floor":30,"damage_taken":0}],"boss_relics":[{"not_picked":["Tiny House","Ectoplasm"],"picked":"Inserter"}],"items_purged_floors":[11],"is_endless":false,"potions_floor_spawned":[7,10,13,16,20,24,27,28],"killed_by":"Book of Stabbing","ascension_level":4}