{"gold_per_floor":[118,118,128,128,53,53,78,78,154,154,174,174,208,231,231,327,390,411,429,354,354],"floor_reached":21,"playtime":762,"items_purged":[],"score":331,"play_id":"f0214592-d015-4be2-84e6-9d0248984417","local_time":"20190801172327","is_ascension_mode":true,"campfire_choices":[{"data":"Zap","floor":6,"key":"SMITH"},{"data":"White Noise","floor":8,"key":"SMITH"},{"data":"Chaos","floor":10,"key":"SMITH"},{"data":"Auto Shields","floor":12,"key":"SMITH"},{"data":"Rainbow","floor":15,"key":"SMITH"}],"neow_cost":"NONE","seed_source_timestamp":263641721366300,"circlet_count":0,"master_deck":["AscendersBane","Strike_B","Strike_B","Defend_B","Defend_B","Defend_B","Defend_B+1","Zap+1","Dualcast","Self Repair","White Noise+1","Chaos+1","Auto Shields+1","Rainbow+1","Leap","Buffer","Cold Snap","Loop","Storm"],"relics":["Cracked Core","Orichalcum","Golden Idol","Mummified Hand","Pen Nib","Tiny House"],"potions_floor_usage":[13,16,16,19],"damage_taken":[{"damage":4,"enemies":"Jaw Worm","floor":1,"turns":4},{"damage":14,"enemies":"2 Louse","floor":3,"turns":3},{"damage":2,"enemies":"Small Slimes","floor":7,"turns":5},{"damage":8,"enemies":"Blue Slaver","floor":11,"turns":4},{"damage":30,"enemies":"Gremlin Nob","floor":13,"turns":5},{"damage":4,"enemies":"Looter","floor":14,"turns":4},{"damage":19,"enemies":"Slime Boss","floor":16,"turns":9},{"damage":21,"enemies":"Shell Parasite","floor":18,"turns":7},{"damage":19,"enemies":"3 Byrds","floor":19,"turns":6},{"damage":44,"enemies":"Shelled Parasite and Fungi","floor":21,"turns":5}],"seed_played":"2081173355902128973","potions_obtained":[{"floor":1,"key":"Ancient Potion"},{"floor":3,"key":"Fire Potion"},{"floor":13,"key":"Explosive Potion"},{"floor":14,"key":"Block Potion"},{"floor":16,"key":"SpeedPotion"},{"floor":17,"key":"Strength Potion"}],"is_trial":false,"path_per_floor":["M","?","M","?","?","R","M","R","T","R","M","R","E","M","R","B",null,"M","M","?","M"],"character_chosen":"DEFECT","items_purchased":[],"campfire_rested":0,"item_purchase_floors":[],"current_hp_per_floor":[60,53,46,46,46,46,58,58,58,58,57,57,34,37,37,25,65,51,39,39,0],"gold":354,"neow_bonus":"RANDOM_COMMON_RELIC","is_prod":false,"is_daily":false,"chose_seed":false,"campfire_upgraded":5,"win_rate":0,"timestamp":1564673007,"path_taken":["M","?","M","?","?","R","M","R","T","R","M","R","E","M","R","BOSS","M","M","?","M"],"build_version":"2019-07-17","purchased_purges":0,"victory":false,"max_hp_per_floor":[71,71,71,71,71,71,71,71,71,71,71,71,71,71,71,71,76,76,76,76,76],"card_choices":[{"not_picked":["Consume","Chill"],"picked":"Self Repair","floor":1},{"not_picked":["Hologram","Turbo"],"picked":"White Noise","floor":3},{"not_picked":["Fusion","Stack"],"picked":"Chaos","floor":7},{"not_picked":["Scrape","Coolheaded"],"picked":"Auto Shields","floor":11},{"not_picked":["Rebound","Streamline"],"picked":"Rainbow","floor":13},{"not_picked":["Cold Snap","Hologram"],"picked":"Leap","floor":14},{"not_picked":["Rainbow","Fission"],"picked":"Buffer","floor":16},{"not_picked":["Tempest","Lockon"],"picked":"Cold Snap","floor":17},{"not_picked":["Coolheaded","Self Repair"],"picked":"Loop","floor":18},{"not_picked":["Skim","Coolheaded"],"picked":"Storm","floor":19}],"player_experience":1790372,"relics_obtained":[{"floor":9,"key":"Mummified Hand"},{"floor":13,"key":"Pen Nib"}],"event_choices":[{"cards_removed":["Strike_B"],"damage_healed":0,"gold_gain":0,"player_choice":"Card Removal","damage_taken":7,"max_hp_gain":0,"max_hp_loss":0,"event_name":"Golden Wing","floor":2,"gold_loss":0},{"damage_healed":0,"gold_gain":0,"player_choice":"Take Wound","damage_taken":0,"relics_obtained":["Golden Idol"],"max_hp_gain":0,"max_hp_loss":0,"event_name":"Golden Idol","floor":4,"gold_loss":0,"cards_obtained":["Injury"]},{"cards_removed":["Injury"],"damage_healed":0,"gold_gain":0,"player_choice":"Card Removal","damage_taken":0,"max_hp_gain":0,"max_hp_loss":0,"event_name":"The Cleric","floor":5,"gold_loss":75},{"cards_removed":["Strike_B"],"damage_healed":0,"gold_gain":0,"player_choice":"Gave Gold","damage_taken":0,"max_hp_gain":0,"max_hp_loss":0,"event_name":"Beggar","floor":20,"gold_loss":75}],"is_beta":false,"boss_relics":[{"not_picked":["White Beast Statue","Runic Dome"],"picked":"Tiny House"}],"items_purged_floors":[],"is_endless":false,"potions_floor_spawned":[1,3,13,14,16],"killed_by":"Shelled Parasite and Fungi","ascension_level":17}