{"gold_per_floor":[360,78,97,113,13,13,32,32,32,32,32,63,80,115,115,115],"floor_reached":16,"playtime":708,"items_purged":["Writhe","Strike_R"],"score":132,"play_id":"80a1f062-9a53-421a-b748-981481dd31cb","local_time":"20190829175959","is_ascension_mode":true,"campfire_choices":[{"data":"Fiend Fire","floor":6,"key":"SMITH"},{"data":"True Grit","floor":8,"key":"SMITH"},{"data":"Bash","floor":10,"key":"SMITH"},{"data":"Sentinel","floor":15,"key":"SMITH"}],"neow_cost":"CURSE","seed_source_timestamp":3290618132953,"circlet_count":0,"master_deck":["Strike_R","Strike_R","Strike_R","Strike_R","Defend_R","Defend_R","Defend_R","Defend_R","Bash+1","True Grit+1","Fiend Fire+1","Whirlwind","Sentinel+1"],"relics":["Burning Blood","OrangePellets","Paper Frog","Pantograph","Blood Vial"],"potions_floor_usage":[12,16],"damage_taken":[{"damage":6,"enemies":"2 Louse","floor":1,"turns":3},{"damage":5,"enemies":"Small Slimes","floor":3,"turns":4},{"damage":6,"enemies":"Cultist","floor":4,"turns":3},{"damage":6,"enemies":"2 Fungi Beasts","floor":7,"turns":3},{"damage":26,"enemies":"Lagavulin","floor":12,"turns":5},{"damage":4,"enemies":"Red Slaver","floor":13,"turns":4},{"damage":8,"enemies":"Gremlin Nob","floor":14,"turns":3},{"damage":109,"enemies":"Hexaghost","floor":16,"turns":12}],"seed_played":"90354775960851419","potions_obtained":[{"floor":4,"key":"Poison Potion"},{"floor":14,"key":"BloodPotion"}],"is_trial":false,"path_per_floor":["M","$","M","M","$","R","M","R","T","R","?","E","M","E","R","B"],"character_chosen":"IRONCLAD","items_purchased":["OrangePellets"],"campfire_rested":0,"item_purchase_floors":[2],"current_hp_per_floor":[80,80,80,80,80,80,80,80,80,80,85,65,67,65,65,0],"gold":115,"neow_bonus":"TWO_FIFTY_GOLD","is_prod":false,"is_daily":false,"chose_seed":false,"campfire_upgraded":4,"win_rate":0,"timestamp":1567115999,"path_taken":["M","$","M","M","$","R","M","R","T","R","?","E","M","E","R","BOSS"],"build_version":"2019-07-17","purchased_purges":2,"victory":false,"max_hp_per_floor":[80,80,80,80,80,80,80,80,80,80,85,85,85,85,85,85],"card_choices":[{"not_picked":["Power Through","Body Slam"],"picked":"True Grit","floor":1},{"not_picked":["Armaments","Cleave","Iron Wave"],"picked":"SKIP","floor":3},{"not_picked":["Inflame","Metallicize"],"picked":"Fiend Fire","floor":4},{"not_picked":["True Grit","Heavy Blade","Cleave"],"picked":"SKIP","floor":7},{"not_picked":["Twin Strike","Dropkick"],"picked":"Whirlwind","floor":12},{"not_picked":["Armaments","Iron Wave","Warcry"],"picked":"SKIP","floor":13},{"not_picked":["Rage","Sever Soul"],"picked":"Sentinel","floor":14}],"player_experience":334076,"relics_obtained":[{"floor":9,"key":"Paper Frog"},{"floor":12,"key":"Pantograph"},{"floor":14,"key":"Blood Vial"}],"event_choices":[{"damage_healed":0,"gold_gain":0,"player_choice":"Donut","damage_taken":0,"max_hp_gain":5,"max_hp_loss":0,"event_name":"Big Fish","floor":11,"gold_loss":0}],"is_beta":false,"boss_relics":[],"items_purged_floors":[2,5],"is_endless":false,"potions_floor_spawned":[4,14],"killed_by":"Hexaghost","ascension_level":4}