{"gold_per_floor":[111,111,111,111,0,36,36,70,120,139,39,63,82,13,13,13],"floor_reached":16,"playtime":470,"items_purged":["Injury","Strike_B"],"score":189,"play_id":"b4e91056-29c8-4de7-9453-3860d80fc800","local_time":"20190519234300","is_ascension_mode":true,"campfire_choices":[{"floor":7,"key":"REST"},{"data":"Zap","floor":15,"key":"SMITH"}],"neow_cost":"NONE","seed_source_timestamp":520326763046100,"circlet_count":0,"master_deck":["AscendersBane","Strike_B","Strike_B","Defend_B","Defend_B","Defend_B","Defend_B","Zap+1","Dualcast","Go for the Eyes","Leap","Consume","Conserve Battery","Gash","Ball Lightning","Coolheaded","Auto Shields"],"relics":["Cracked Core","DataDisk","Golden Idol","Turnip","Question Card","Anchor","Regal Pillow"],"potions_floor_usage":[16,16],"damage_taken":[{"damage":2,"enemies":"Jaw Worm","floor":1,"turns":4},{"damage":34,"enemies":"Gremlin Nob","floor":6,"turns":4},{"damage":32,"enemies":"3 Sentries","floor":8,"turns":8},{"damage":0,"enemies":"Small Slimes","floor":10,"turns":4},{"damage":0,"enemies":"Cultist","floor":12,"turns":3},{"damage":10,"enemies":"3 Louse","floor":13,"turns":4},{"damage":7,"enemies":"Hexaghost","floor":16,"turns":14}],"seed_played":"-3799238711828788386","potions_obtained":[{"floor":10,"key":"Swift Potion"},{"floor":13,"key":"Weak Potion"}],"is_trial":false,"path_per_floor":["M","?","?","T","$","E","R","E","T","M","$","M","M","?","R","B"],"character_chosen":"DEFECT","items_purchased":["Consume"],"campfire_rested":1,"item_purchase_floors":[5],"current_hp_per_floor":[62,62,62,62,62,28,49,17,17,17,17,17,7,7,7,0],"gold":13,"neow_bonus":"RANDOM_COMMON_RELIC","is_prod":false,"is_daily":false,"chose_seed":false,"campfire_upgraded":1,"win_rate":0,"timestamp":1558302180,"path_taken":["M","?","?","?","?","E","R","E","T","?","$","M","M","?","R","BOSS"],"build_version":"2019-01-23","purchased_purges":2,"victory":false,"max_hp_per_floor":[71,71,71,71,71,71,71,71,71,71,71,71,71,71,71,71],"card_choices":[{"not_picked":["Beam Cell","Streamline"],"picked":"Go for the Eyes","floor":1},{"not_picked":["Go for the Eyes","Turbo"],"picked":"Conserve Battery","floor":6},{"not_picked":["Leap","Machine Learning","Undo"],"picked":"Gash","floor":8},{"not_picked":["Turbo","Sweeping Beam","Blizzard"],"picked":"Ball Lightning","floor":10},{"not_picked":["Steam","Conserve Battery","Auto Shields"],"picked":"Coolheaded","floor":12},{"not_picked":["Undo","Steam","Coolheaded"],"picked":"Auto Shields","floor":13}],"player_experience":1156205,"relics_obtained":[{"floor":4,"key":"Turnip"},{"floor":6,"key":"Question Card"},{"floor":8,"key":"Anchor"},{"floor":9,"key":"Regal Pillow"}],"event_choices":[{"damage_healed":0,"gold_gain":0,"cards_transformed":["Strike_B"],"player_choice":"Change","damage_taken":0,"max_hp_gain":0,"max_hp_loss":0,"event_name":"Living Wall","floor":2,"gold_loss":0,"cards_obtained":["Leap"]},{"damage_healed":0,"gold_gain":0,"player_choice":"Take Wound","damage_taken":0,"relics_obtained":["Golden Idol"],"max_hp_gain":0,"max_hp_loss":0,"event_name":"Golden Idol","floor":3,"gold_loss":0,"cards_obtained":["Injury"]},{"damage_healed":0,"gold_gain":0,"player_choice":"Left Gold","damage_taken":0,"max_hp_gain":0,"max_hp_loss":0,"event_name":"World of Goop","floor":14,"gold_loss":69}],"is_beta":false,"boss_relics":[],"items_purged_floors":[5,11],"is_endless":false,"potions_floor_spawned":[10,13],"killed_by":"Hexaghost","ascension_level":15}