{"gold_per_floor":[115,126,126,140,155,155,181,181,206,107,142,94,94,105,105,209,209,226,151,151,0,12,12,30,60,83,117,117,148,148,148,148,148],"floor_reached":33,"playtime":1780,"items_purged":["Strike_G","Strike_G"],"score":498,"play_id":"51b8ca3a-9c5f-4110-a7c9-0fe4bccd9247","local_time":"20181030204158","is_ascension_mode":true,"campfire_choices":[{"data":"Slice","floor":6,"key":"SMITH"},{"data":"Skewer","floor":8,"key":"SMITH"},{"floor":13,"key":"REST"},{"data":"Dash","floor":15,"key":"SMITH"},{"data":"Dagger Spray","floor":23,"key":"SMITH"},{"floor":28,"key":"REST"},{"data":"Adrenaline","floor":30,"key":"SMITH"},{"data":"Leg Sweep","floor":32,"key":"SMITH"}],"neow_cost":"NONE","seed_source_timestamp":214982860514720,"circlet_count":0,"master_deck":["Defend_G","Defend_G","Defend_G","Defend_G","Defend_G","Strike_G","Strike_G","Survivor","Neutralize+1","AscendersBane","Leg Sweep+1","Slice+1","Choke","Flying Knee","Skewer+1","Backflip","Dagger Spray+1","Dash+1","Adrenaline+1","Flying Knee+1","Quick Slash","Night Terror"],"relics":["Ring of the Snake","Bag of Preparation","Vajra","Omamori","Cursed Key","Gremlin Horn","Blood Vial","Unceasing Top","Du-Vu Doll"],"potions_floor_usage":[11,16,16,27,27,33],"damage_taken":[{"damage":0,"enemies":"2 Louse","floor":1,"turns":4},{"damage":8,"enemies":"Jaw Worm","floor":2,"turns":7},{"damage":0,"enemies":"Cultist","floor":4,"turns":4},{"damage":4,"enemies":"Exordium Wildlife","floor":5,"turns":4},{"damage":34,"enemies":"3 Sentries","floor":7,"turns":9},{"damage":15,"enemies":"Lagavulin","floor":11,"turns":3},{"damage":1,"enemies":"3 Louse","floor":14,"turns":3},{"damage":19,"enemies":"Hexaghost","floor":16,"turns":9},{"damage":0,"enemies":"Spheric Guardian","floor":18,"turns":3},{"damage":0,"enemies":"Colosseum Slavers","floor":20,"turns":4},{"damage":0,"enemies":"Chosen","floor":22,"turns":3},{"damage":0,"enemies":"Snake Plant","floor":24,"turns":4},{"damage":25,"enemies":"Slavers","floor":25,"turns":5},{"damage":14,"enemies":"Book of Stabbing","floor":27,"turns":4},{"damage":9,"enemies":"Gremlin Leader","floor":29,"turns":4},{"damage":62,"enemies":"Automaton","floor":33,"turns":12}],"seed_played":"4726341240388434994","potions_obtained":[{"floor":1,"key":"FearPotion"},{"floor":4,"key":"Weak Potion"},{"floor":14,"key":"Strength Potion"},{"floor":16,"key":"LiquidBronze"},{"floor":22,"key":"LiquidBronze"},{"floor":29,"key":"Regen Potion"}],"is_trial":false,"path_per_floor":["M","M","?","M","M","R","E","R","T","$","E","?","R","M","R","B",null,"M","?","?","$","M","R","M","E","T","E","R","E","R","T","R"],"character_chosen":"THE_SILENT","items_purchased":["Backflip","Weak Potion"],"campfire_rested":2,"item_purchase_floors":[10,21],"current_hp_per_floor":[63,55,55,55,51,51,17,17,17,17,2,2,23,22,22,3,53,53,53,53,53,53,53,53,28,28,16,37,30,30,30,30,0],"gold":148,"neow_bonus":"UPGRADE_CARD","is_prod":false,"is_daily":false,"chose_seed":false,"campfire_upgraded":6,"win_rate":0,"timestamp":1540932118,"path_taken":["M","M","?","M","M","R","E","R","T","$","E","?","R","M","R","BOSS","M","?","?","$","?","R","M","E","T","E","R","E","R","?","R","BOSS"],"build_version":"2018-10-25v2","purchased_purges":2,"victory":false,"max_hp_per_floor":[70,70,70,70,70,70,70,70,70,70,70,70,70,70,70,70,70,70,70,70,70,70,70,70,70,70,70,70,70,70,70,70,70],"card_choices":[{"not_picked":["Outmaneuver","Dagger Throw"],"picked":"Leg Sweep","floor":1},{"not_picked":["PiercingWail","Dodge and Roll"],"picked":"Slice","floor":2},{"not_picked":["Dodge and Roll","Prepared"],"picked":"Choke","floor":4},{"not_picked":["Acrobatics","Poisoned Stab"],"picked":"Flying Knee","floor":5},{"not_picked":["Burst","Slice"],"picked":"Skewer","floor":7},{"not_picked":["Finisher","Reflex"],"picked":"Dagger Spray","floor":11},{"not_picked":["Dagger Spray","Deflect"],"picked":"Dash","floor":14},{"not_picked":["Tools of the Trade","Burst"],"picked":"Adrenaline","floor":16},{"not_picked":["Flying Knee","Concentrate","Dagger Spray"],"picked":"SKIP","floor":18},{"not_picked":["Deflect","Prepared+1"],"picked":"Flying Knee+1","floor":22},{"not_picked":["Cloak And Dagger","Dash+1","Deflect"],"picked":"SKIP","floor":24},{"not_picked":["Deadly Poison","Prepared"],"picked":"Quick Slash","floor":25},{"not_picked":["Heel Hook","Cloak And Dagger"],"picked":"Night Terror","floor":27},{"not_picked":["Caltrops","Flying Knee","Quick Slash"],"picked":"SKIP","floor":29}],"player_experience":943843,"relics_obtained":[{"floor":7,"key":"Bag of Preparation"},{"floor":9,"key":"Vajra"},{"floor":11,"key":"Omamori"},{"floor":25,"key":"Gremlin Horn"},{"floor":26,"key":"Blood Vial"},{"floor":27,"key":"Unceasing Top"},{"floor":29,"key":"Du-Vu Doll"}],"event_choices":[{"damage_healed":0,"gold_gain":0,"player_choice":"Ignored","damage_taken":0,"max_hp_gain":0,"max_hp_loss":0,"event_name":"Liars Game","floor":3,"gold_loss":0},{"damage_healed":0,"gold_gain":0,"player_choice":"Left Gold","damage_taken":0,"max_hp_gain":0,"max_hp_loss":0,"event_name":"World of Goop","floor":12,"gold_loss":48},{"cards_removed":["Strike_G"],"damage_healed":0,"gold_gain":0,"player_choice":"Gave Gold","damage_taken":0,"max_hp_gain":0,"max_hp_loss":0,"event_name":"Beggar","floor":19,"gold_loss":75},{"damage_healed":0,"gold_gain":0,"player_choice":"Fight","damage_taken":0,"max_hp_gain":0,"max_hp_loss":0,"event_name":"Colosseum","floor":20,"gold_loss":0},{"damage_healed":0,"gold_gain":0,"player_choice":"Fled From Nobs","damage_taken":0,"max_hp_gain":0,"max_hp_loss":0,"event_name":"Colosseum","floor":20,"gold_loss":0}],"is_beta":false,"boss_relics":[{"not_picked":["Empty Cage","Black Star"],"picked":"Cursed Key"}],"items_purged_floors":[10,21],"is_endless":false,"potions_floor_spawned":[1,4,14,16,22,25,29],"killed_by":"Automaton","ascension_level":12}