{"gold_per_floor":[111,129,25,25,25,25,25,39,62,77,77,97,124,143,143,220,220,235,81,96,108,108,108],"floor_reached":23,"playtime":977,"items_purged":["Strike_R","Defend_R"],"score":357,"play_id":"90de575a-ad6a-40d0-b033-d23135cfd655","local_time":"20191005100849","is_ascension_mode":true,"campfire_choices":[{"data":"True Grit","floor":6,"key":"SMITH"},{"data":"Body Slam","floor":11,"key":"SMITH"},{"data":"Bash","floor":15,"key":"SMITH"}],"neow_cost":"NONE","seed_source_timestamp":66917509055798,"circlet_count":0,"master_deck":["AscendersBane","Defend_R","Defend_R","Defend_R","Bash+1","Pummel+1","Spot Weakness+1","Rage+1","Flame Barrier","Body Slam+1","True Grit+1","Twin Strike","Double Tap","Cleave","True Grit+1"],"special_seed":0,"relics":["Astrolabe","Art of War","Lantern","Cursed Key"],"potions_floor_usage":[13,23],"damage_taken":[{"damage":2.0,"enemies":"Jaw Worm","floor":1.0,"turns":4.0},{"damage":0.0,"enemies":"Small Slimes","floor":2.0,"turns":3.0},{"damage":2,"enemies":"2 Louse","floor":8,"turns":3},{"damage":4,"enemies":"Blue Slaver","floor":10,"turns":4},{"damage":10,"enemies":"Lots of Slimes","floor":12,"turns":7},{"damage":3,"enemies":"3 Sentries","floor":13,"turns":5},{"damage":0,"enemies":"Looter","floor":14,"turns":2},{"damage":33,"enemies":"The Guardian","floor":16,"turns":12},{"damage":3,"enemies":"3 Byrds","floor":18,"turns":3},{"damage":9,"enemies":"Shell Parasite","floor":20,"turns":3},{"damage":26,"enemies":"Snake Plant","floor":21,"turns":4},{"damage":27,"enemies":"Gremlin Leader","floor":23,"turns":7}],"seed_played":"8567489382292718141","potions_obtained":[{"floor":1.0,"key":"Ancient Potion"},{"floor":2.0,"key":"Swift Potion"},{"floor":13,"key":"Explosive Potion"},{"floor":21,"key":"Swift Potion"}],"is_trial":false,"path_per_floor":["M","M","$","?","?","R","?","M","T","M","R","M","E","M","R","B",null,"M","$","M","M","?","E"],"character_chosen":"IRONCLAD","items_purchased":["True Grit","Cleave"],"campfire_rested":0,"item_purchase_floors":[3,19],"current_hp_per_floor":[66,66,66,66,59,59,59,57,57,53,53,43,40,40,40,7,58,55,55,46,20,20,0],"gold":108,"neow_bonus":"BOSS_RELIC","is_prod":false,"is_daily":false,"chose_seed":false,"campfire_upgraded":3,"win_rate":0,"timestamp":1570295329,"path_taken":["M","M","$","?","?","R","?","M","T","M","R","M","E","M","R","BOSS","M","$","M","M","?","E"],"build_version":"2019-07-17","purchased_purges":2,"victory":false,"max_hp_per_floor":[75,75,75,75,75,75,75,75,75,75,75,75,75,75,75,75,75,75,75,75,75,75,75],"card_choices":[{"not_picked":["Ghostly Armor","Pummel"],"picked":"Flame Barrier","floor":1.0},{"not_picked":["Flex","Entrench"],"picked":"Body Slam","floor":2.0},{"not_picked":["Burning Pact","Second Wind","Dropkick"],"picked":"SKIP","floor":8},{"not_picked":["Wild Strike","Thunderclap","Iron Wave"],"picked":"SKIP","floor":10},{"not_picked":["Dropkick","Havoc"],"picked":"Twin Strike","floor":12},{"not_picked":["Armaments","Pummel","Spot Weakness"],"picked":"SKIP","floor":13},{"not_picked":["Flex","Pommel Strike","Sentinel"],"picked":"SKIP","floor":14},{"not_picked":["Offering","Bludgeon"],"picked":"Double Tap","floor":16},{"not_picked":["Thunderclap","Sever Soul","Perfected Strike"],"picked":"SKIP","floor":18},{"not_picked":["Wild Strike","Second Wind","Clothesline"],"picked":"SKIP","floor":20},{"not_picked":["Hemokinesis","Burning Pact"],"picked":"True Grit+1","floor":21}],"player_experience":325885,"relics_obtained":[{"floor":9,"key":"Art of War"},{"floor":13,"key":"Lantern"}],"event_choices":[{"damage_healed":0,"gold_gain":0,"player_choice":"Ignored","damage_taken":0,"max_hp_gain":0,"max_hp_loss":0,"event_name":"Shining Light","floor":4,"gold_loss":0},{"cards_removed":["Strike_R"],"damage_healed":0,"gold_gain":0,"player_choice":"Card Removal","damage_taken":7,"max_hp_gain":0,"max_hp_loss":0,"event_name":"Golden Wing","floor":5,"gold_loss":0},{"damage_healed":0,"gold_gain":0,"player_choice":"Ignored","damage_taken":0,"max_hp_gain":0,"max_hp_loss":0,"event_name":"Liars Game","floor":7,"gold_loss":0},{"damage_healed":0,"gold_gain":0,"player_choice":"Ignored","damage_taken":0,"max_hp_gain":0,"max_hp_loss":0,"event_name":"The Mausoleum","floor":22,"gold_loss":0}],"is_beta":false,"boss_relics":[{"not_picked":["Fusion Hammer","Runic Cube"],"picked":"Cursed Key"}],"items_purged_floors":[3,19],"is_endless":false,"potions_floor_spawned":[1,2,10,13,21],"killed_by":"Gremlin Leader","ascension_level":17}