{"gold_per_floor":[13,31,31,41,60,60,86,86,109,46,58,86,118,161,173,256,268,291,118,138,138,138,138],"floor_reached":23,"playtime":955,"items_purged":["Strike_R"],"score":362,"play_id":"49929535-2422-46d7-8037-e4ec491aac1a","local_time":"20190527131509","is_ascension_mode":true,"campfire_choices":[{"data":"Bash","floor":6,"key":"SMITH"},{"data":"Bash","floor":8,"key":"SMITH"},{"data":"Armaments","floor":15,"key":"SMITH"}],"neow_cost":"NO_GOLD","seed_source_timestamp":1173385195986600,"circlet_count":0,"master_deck":["AscendersBane","Strike_R+1","Defend_R","Defend_R","Bash+1","Second Wind","Battle Trance","Anger","Seeing Red","Bash+1","Battle Trance","Flex","Flame Barrier","Reaper+1","Armaments+1","Anger","Feed","Juggernaut","Headbutt+1","True Grit","Body Slam","Iron Wave","Entrench","Power Through"],"relics":["Burning Blood","Art of War","MawBank","Whetstone","Mark of Pain"],"potions_floor_usage":[14,16,16,20],"damage_taken":[{"damage":0,"enemies":"2 Louse","floor":1,"turns":3},{"damage":0,"enemies":"Cultist","floor":2,"turns":3},{"damage":6,"enemies":"Small Slimes","floor":4,"turns":3},{"damage":4,"enemies":"2 Fungi Beasts","floor":5,"turns":4},{"damage":44,"enemies":"Lagavulin","floor":7,"turns":7},{"damage":15,"enemies":"Looter","floor":12,"turns":4},{"damage":3,"enemies":"Blue Slaver","floor":13,"turns":4},{"damage":20,"enemies":"3 Sentries","floor":14,"turns":7},{"damage":21,"enemies":"The Guardian","floor":16,"turns":6},{"damage":16,"enemies":"Shell Parasite","floor":18,"turns":5},{"damage":16,"enemies":"3 Byrds","floor":20,"turns":5},{"damage":86,"enemies":"Gremlin Leader","floor":23,"turns":7}],"seed_played":"-6707087076228638350","potions_obtained":[{"floor":5,"key":"Strength Potion"},{"floor":7,"key":"Fire Potion"},{"floor":14,"key":"Swift Potion"},{"floor":16,"key":"Block Potion"}],"is_trial":false,"path_per_floor":["M","M","?","M","M","R","E","R","T","?","?","M","M","E","R","B",null,"M","$","M","?","?","E"],"character_chosen":"IRONCLAD","items_purchased":["True Grit","Body Slam"],"campfire_rested":0,"item_purchase_floors":[19,19],"current_hp_per_floor":[74,75,75,75,75,75,37,37,37,37,62,53,56,52,52,37,66,63,63,64,64,64,0],"gold":138,"neow_bonus":"TRANSFORM_TWO_CARDS","is_prod":false,"is_daily":false,"chose_seed":false,"campfire_upgraded":3,"win_rate":0,"timestamp":1558955709,"path_taken":["M","M","?","M","?","R","E","R","T","?","?","M","M","E","R","BOSS","M","$","M","?","?","E"],"build_version":"2019-01-23","purchased_purges":1,"victory":false,"max_hp_per_floor":[75,75,75,75,75,75,75,75,75,75,75,75,75,75,75,75,75,75,75,79,79,79,79],"card_choices":[{"not_picked":["Iron Wave","Warcry"],"picked":"Anger","floor":1},{"not_picked":["Shrug It Off","Corruption"],"picked":"Seeing Red","floor":2},{"not_picked":["Cleave","Twin Strike"],"picked":"Flex","floor":4},{"not_picked":["Shrug It Off","Searing Blow"],"picked":"Flame Barrier","floor":5},{"not_picked":["Sword Boomerang","Iron Wave"],"picked":"Reaper","floor":7},{"not_picked":["Entrench","Pommel Strike"],"picked":"Armaments","floor":12},{"not_picked":["True Grit","Clash"],"picked":"Anger","floor":13},{"not_picked":["Evolve","Pommel Strike"],"picked":"Feed","floor":14},{"not_picked":["Barricade","Dark Embrace"],"picked":"Juggernaut","floor":16},{"not_picked":["Second Wind","True Grit+1"],"picked":"Headbutt+1","floor":18},{"not_picked":["Cleave","True Grit"],"picked":"Iron Wave","floor":20}],"player_experience":1216700,"relics_obtained":[{"floor":7,"key":"Art of War"},{"floor":9,"key":"MawBank"},{"floor":14,"key":"Whetstone"}],"event_choices":[{"damage_healed":0,"gold_gain":0,"player_choice":"2 cards matched","damage_taken":0,"max_hp_gain":0,"max_hp_loss":0,"event_name":"Match and Keep!","floor":3,"gold_loss":0,"cards_obtained":["Bash","Battle Trance"]},{"cards_removed":["Strike_R"],"damage_healed":0,"gold_gain":0,"player_choice":"Card Removal","damage_taken":0,"max_hp_gain":0,"max_hp_loss":0,"event_name":"The Cleric","floor":10,"gold_loss":75},{"damage_healed":25,"gold_gain":0,"player_choice":"Banana","damage_taken":0,"max_hp_gain":0,"max_hp_loss":0,"event_name":"Big Fish","floor":11,"gold_loss":0},{"damage_healed":0,"gold_gain":0,"cards_transformed":["Defend_R","Defend_R"],"player_choice":"Became Test Subject","damage_taken":0,"max_hp_gain":0,"max_hp_loss":0,"event_name":"Drug Dealer","floor":21,"gold_loss":0,"cards_obtained":["Entrench","Power Through"]},{"damage_healed":0,"gold_gain":0,"player_choice":"Ignored","damage_taken":0,"max_hp_gain":0,"max_hp_loss":0,"event_name":"Vampires","floor":22,"gold_loss":0}],"is_beta":false,"boss_relics":[{"not_picked":["Runic Pyramid","Black Blood"],"picked":"Mark of Pain"}],"items_purged_floors":[19],"is_endless":false,"potions_floor_spawned":[5,7,13,14,16],"killed_by":"Gremlin Leader","ascension_level":16}