{"gold_per_floor":[119,132,132,142,155,155,189,207,288,301,317,335,335,347,347,424,424,443,443,443,62,74,74,91,91,91,91,141,161,178,198,198,198],"floor_reached":33,"playtime":1229,"items_purged":[],"score":510,"play_id":"b65214a8-8587-4a4f-9141-2ed91b9abaa6","local_time":"20181208190202","is_ascension_mode":true,"campfire_choices":[{"data":"Sunder","floor":6.0,"key":"SMITH"},{"floor":13,"key":"REST"},{"floor":15,"key":"REST"},{"floor":23,"key":"REST"},{"floor":25,"key":"REST"},{"floor":27,"key":"REST"},{"floor":32,"key":"REST"}],"neow_cost":"NONE","seed_source_timestamp":559178636925944,"circlet_count":0,"master_deck":["AscendersBane","Zap","Dualcast","Reprogram","Gash","Rebound","Ball Lightning","Consume","Double Energy","Sweeping Beam","Barrage","Ball Lightning","Sunder+1","Leap","White Noise","Core Surge","Hologram","Leap","Cold Snap","Beam Cell","Glacier","Electrodynamics","Coolheaded","Self Repair","Ball Lightning","Compile Driver","Steam","Cold Snap"],"special_seed":0,"relics":["Pandora\u0027s Box","Boot","Tiny Chest","Sozu","Strawberry","OrangePellets","Lantern"],"potions_floor_usage":[12,12,18,18],"damage_taken":[{"damage":12.0,"enemies":"Small Slimes","floor":1.0,"turns":2.0},{"damage":0.0,"enemies":"Cultist","floor":2.0,"turns":2.0},{"damage":8.0,"enemies":"2 Louse","floor":4.0,"turns":2.0},{"damage":12.0,"enemies":"Exordium Thugs","floor":5.0,"turns":3.0},{"damage":21.0,"enemies":"3 Sentries","floor":7.0,"turns":4.0},{"damage":8.0,"enemies":"Blue Slaver","floor":8.0,"turns":2.0},{"damage":6.0,"enemies":"2 Fungi Beasts","floor":10.0,"turns":2.0},{"damage":0.0,"enemies":"Looter","floor":11.0,"turns":3.0},{"damage":6,"enemies":"3 Louse","floor":12,"turns":3},{"damage":18,"enemies":"Large Slime","floor":14,"turns":3},{"damage":23,"enemies":"Hexaghost","floor":16,"turns":8},{"damage":13,"enemies":"2 Thieves","floor":18,"turns":3},{"damage":5,"enemies":"Spheric Guardian","floor":22,"turns":4},{"damage":24,"enemies":"Shelled Parasite and Fungi","floor":24,"turns":5},{"damage":19,"enemies":"Snake Plant","floor":29,"turns":3},{"damage":14,"enemies":"Snecko","floor":30,"turns":4},{"damage":34,"enemies":"Shelled Parasite and Fungi","floor":31,"turns":4},{"damage":59,"enemies":"Automaton","floor":33,"turns":8}],"seed_played":"569272568703041490","potions_obtained":[{"floor":4.0,"key":"Strength Potion"},{"floor":5.0,"key":"GamblersBrew"},{"floor":7.0,"key":"Swift Potion"},{"floor":11.0,"key":"Swift Potion"},{"floor":14,"key":"Explosive Potion"},{"floor":16,"key":"Energy Potion"}],"is_trial":false,"path_per_floor":["M","M","?","M","M","R","E","M","T","M","M","M","R","M","R","B",null,"M","?","?","$","M","R","M","R","T","R","?","M","M","M","R","B"],"character_chosen":"DEFECT","items_purchased":["Strawberry","OrangePellets"],"campfire_rested":6,"item_purchase_floors":[21,21],"current_hp_per_floor":[52,52,71,63,51,51,30,22,22,16,16,10,31,13,34,11,56,43,23,23,30,25,49,32,56,56,80,80,61,54,27,51,0],"gold":198,"neow_bonus":"BOSS_RELIC","is_prod":false,"is_daily":false,"chose_seed":false,"campfire_upgraded":1,"win_rate":0,"timestamp":1544292122,"path_taken":["M","M","?","M","M","R","E","M","T","M","?","M","R","M","R","BOSS","M","?","?","$","M","R","?","R","T","R","?","M","M","M","R","BOSS"],"build_version":"2018-12-06","purchased_purges":0,"victory":false,"max_hp_per_floor":[71,71,71,71,71,71,71,71,71,71,71,71,71,71,71,71,71,71,76,76,83,83,83,83,83,83,83,83,83,83,83,83,83],"card_choices":[{"not_picked":["Fusion","Redo"],"picked":"Ball Lightning","floor":1.0},{"not_picked":["Ball Lightning","Steam"],"picked":"Sunder","floor":2.0},{"not_picked":["Sweeping Beam","Beam Cell"],"picked":"Leap","floor":4.0},{"not_picked":["Barrage","Beam Cell"],"picked":"White Noise","floor":5.0},{"not_picked":["Chaos","Steam"],"picked":"Core Surge","floor":7.0},{"not_picked":["Barrage","Hello World"],"picked":"Hologram","floor":8.0},{"not_picked":["Go for the Eyes","Chill"],"picked":"Leap","floor":10.0},{"not_picked":["Lockon","Barrage"],"picked":"Cold Snap","floor":11.0},{"not_picked":["Force Field","Sweeping Beam"],"picked":"Beam Cell","floor":12},{"not_picked":["Auto Shields","Cold Snap"],"picked":"Glacier","floor":14},{"not_picked":["Meteor Strike","Machine Learning"],"picked":"Electrodynamics","floor":16},{"not_picked":["Double Energy","Blizzard"],"picked":"Coolheaded","floor":18},{"not_picked":["Coolheaded","Rip and Tear"],"picked":"Self Repair","floor":22},{"not_picked":["Steam Power","Rip and Tear"],"picked":"Ball Lightning","floor":24},{"not_picked":["Streamline+1","Double Energy"],"picked":"Compile Driver","floor":29},{"not_picked":["Turbo","Fusion"],"picked":"Steam","floor":30},{"not_picked":["Auto Shields","Steam"],"picked":"Cold Snap","floor":31}],"player_experience":520907,"relics_obtained":[{"floor":7.0,"key":"Boot"},{"floor":9.0,"key":"Tiny Chest"},{"floor":26,"key":"Lantern"}],"event_choices":[{"damage_healed":19.0,"max_hp_gain":0.0,"max_hp_loss":0.0,"gold_gain":0.0,"event_name":"Wheel of Change","player_choice":"Full Heal","floor":3.0,"gold_loss":0.0,"damage_taken":0.0},{"damage_healed":0,"gold_gain":0,"player_choice":"Shed Blood","damage_taken":25,"max_hp_gain":5,"max_hp_loss":0,"event_name":"Forgotten Altar","floor":19,"gold_loss":0},{"damage_healed":0,"gold_gain":0,"player_choice":"Got Potions","damage_taken":0,"max_hp_gain":0,"max_hp_loss":0,"event_name":"Lab","floor":20,"gold_loss":0},{"damage_healed":0,"gold_gain":50,"player_choice":"Stole From Cult","damage_taken":0,"max_hp_gain":0,"max_hp_loss":0,"event_name":"Nest","floor":28,"gold_loss":0}],"is_beta":false,"boss_relics":[{"not_picked":["Busted Crown","White Beast Statue"],"picked":"Sozu"}],"items_purged_floors":[],"is_endless":false,"potions_floor_spawned":[4,5,7,11,14,16,18,31],"killed_by":"Automaton","ascension_level":20}