{"path_per_floor":["M","M","?","M","$","R","E","M","T","R","M","$","?","M","R","B",null,"M","M","M","$","M","E","?","R","T","R","E","R","E","M","R"],"character_chosen":"IRONCLAD","items_purchased":["Evolve","Paper Frog","Seeing Red"],"gold_per_floor":[118,134,134,145,145,145,177,191,191,191,206,96,123,139,139,240,240,255,271,287,0,17,51,51,51,51,51,76,76,108,127,127],"floor_reached":33,"campfire_rested":2,"playtime":1743,"current_hp_per_floor":[78,80,64,70,70,70,48,44,44,44,31,31,13,16,42,10,68,58,54,35,35,35,31,31,31,31,31,10,36,36,42,42],"items_purged":["Strike_R"],"gold":127,"score":424,"play_id":"bb932695-b896-4729-965d-1d748d6fc064","is_prod":false,"is_daily":false,"is_ascension_mode":true,"campfire_upgraded":5,"path_taken":["M","M","?","?","$","R","E","M","T","R","M","$","?","M","R","BOSS","M","M","M","$","M","E","?","R","T","R","E","R","E","?","R","BOSS"],"build_version":"2018-02-12-PROD1","purchased_purges":1,"victory":false,"master_deck":["Strike_R","Strike_R","Strike_R","Strike_R+1","Defend_R","Defend_R+1","Defend_R","Defend_R","Bash+1","Shrug It Off+1","Searing Blow+3","Shrug It Off","Evolve","Clothesline+1","Double Tap+1","Twin Strike","Flex+1","Pommel Strike","Seeing Red","Flame Barrier+1","Thunderclap+1"],"max_hp_per_floor":[80,80,80,80,80,80,87,87,87,87,87,87,87,87,87,87,87,87,87,87,87,87,87,87,87,87,87,87,87,101,101,101],"relics":["Burning Blood","NeowsBlessing","Strawberry","Torii","Odd Mushroom","Runic Dome","Paper Frog","Whetstone","Letter Opener","Thread and Needle","Mango"],"card_choices":[{"not_picked":["Sword Boomerang","Bloodletting"],"picked":"Shrug It Off"},{"not_picked":["Thunderclap","Brutality"],"picked":"Searing Blow"},{"not_picked":["Carnage","Pommel Strike"],"picked":"Shrug It Off"},{"not_picked":["Sword Boomerang","Perfected Strike"],"picked":"Clothesline"},{"not_picked":["Juggernaut","Barricade"],"picked":"Double Tap"},{"not_picked":["Wild Strike","Blood for Blood"],"picked":"Twin Strike"},{"not_picked":["Sentinel","Second Wind"],"picked":"Flex"},{"not_picked":["Power Through","True Grit"],"picked":"Pommel Strike"},{"not_picked":["Blood for Blood","Infernal Blade"],"picked":"Flame Barrier"},{"not_picked":["Rage","Immolate"],"picked":"Thunderclap"}],"player_experience":205495,"potions_floor_usage":[7,16,16,22,23,28,30,33,33],"damage_taken":[{"damage":0,"enemies":"Jaw Worm","floor":1,"turns":1},{"damage":0,"enemies":"Cultist","floor":2,"turns":1},{"damage":0,"enemies":"Small Slimes","floor":4,"turns":1},{"damage":35,"enemies":"Lagavulin","floor":7,"turns":5},{"damage":10,"enemies":"Red Slaver","floor":8,"turns":4},{"damage":19,"enemies":"Large Slime","floor":11,"turns":5},{"damage":24,"enemies":"The Mushroom Lair","floor":13,"turns":7},{"damage":3,"enemies":"Exordium Wildlife","floor":14,"turns":10},{"damage":38,"enemies":"The Guardian","floor":16,"turns":13},{"damage":16,"enemies":"3 Byrds","floor":18,"turns":7},{"damage":10,"enemies":"Shell Parasite","floor":19,"turns":5},{"damage":25,"enemies":"Snake Plant","floor":20,"turns":4},{"damage":6,"enemies":"Centurion and Healer","floor":22,"turns":6},{"damage":19,"enemies":"Book of Stabbing","floor":23,"turns":7},{"damage":27,"enemies":"Slavers","floor":28,"turns":6},{"damage":20,"enemies":"Book of Stabbing","floor":30,"turns":5},{"damage":0,"enemies":"Cultist and Chosen","floor":31,"turns":5},{"damage":61,"enemies":"Champ","floor":33,"turns":6}],"event_choices":[{"event_name":"Shining Light","player_choice":"Entered Light","floor":3,"damage_taken":0},{"event_name":"Mushrooms","player_choice":"Fought Mushrooms","floor":13,"damage_taken":0},{"event_name":"Cursed Tome","player_choice":"Ignored","floor":24,"damage_taken":0}],"boss_relics":[{"not_picked":["Lizard Tail","White Beast Statue"],"picked":"Runic Dome"}],"potions_floor_spawned":[1,11,14,16,18,22,23,30,31],"seed_played":"8151615637422999331","killed_by":"Champ","ascension_level":6,"is_trial":false}