{"path_per_floor":["M","M","M","?","M","E","R","M","T","R","E","?","R","E","R","B",null,"M","?","?","?","?","E","$","M","T","R","?","?","M","M","R","B",null,"M","$","?","?","M","R","M","R","T","E","M","$","M","?","R","B"],"character_chosen":"IRONCLAD","items_purchased":["Bag of Marbles","Offering"],"gold_per_floor":[116,129,146,96,111,142,142,155,155,155,185,185,185,213,213,312,312,330,253,178,178,178,212,137,150,173,173,173,173,187,206,206,310,310,328,38,38,38,50,50,61,61,91,119,133,33,47,47,47,47],"floor_reached":51,"campfire_rested":2,"playtime":2984,"item_purchase_floors":[36,36],"current_hp_per_floor":[80,80,74,74,72,46,46,40,50,50,54,54,54,48,48,44,90,90,90,90,90,90,70,70,64,64,64,64,64,60,64,64,41,94,71,71,59,54,32,32,26,54,54,35,34,34,31,31,61,15],"items_purged":["Defend_R","Writhe"],"gold":47,"score":763,"play_id":"d0f8b04a-84f3-467a-a29a-0efd8cc33125","local_time":"20180530232634","is_prod":false,"is_daily":false,"chose_seed":false,"is_ascension_mode":false,"campfire_upgraded":7,"win_rate":0,"timestamp":1527719194,"campfire_choices":[{"data":"Warcry","floor":7,"key":"SMITH"},{"data":"Heavy Blade","floor":10,"key":"SMITH"},{"data":"Flex","floor":13,"key":"SMITH"},{"data":"Inflame","floor":15,"key":"SMITH"},{"data":"Heavy Blade","floor":27,"key":"SMITH"},{"data":"J.A.X.","floor":32,"key":"SMITH"},{"data":"Mind Blast","floor":40,"key":"SMITH"},{"floor":42,"key":"REST"},{"floor":49,"key":"REST"}],"path_taken":["M","?","M","?","M","E","R","M","T","R","E","?","R","E","R","BOSS","M","?","?","?","?","E","$","M","T","R","?","?","M","M","R","BOSS","M","$","?","?","M","R","M","R","T","E","M","$","M","?","R","BOSS"],"build_version":"2018-05-24","seed_source_timestamp":35389406187903,"purchased_purges":2,"victory":true,"master_deck":["Strike_R","Defend_R","Defend_R","Defend_R","Bash","Inflame+1","Inflame","Flex+1","Heavy Blade+1","Shrug It Off","Inflame","Offering","Heavy Blade+1","J.A.X.+1","Berserk","Evolve","Double Tap","Parasite","Injury","Thunderclap+1","Offering","Madness","Madness","Jack Of All Trades","Mind Blast+1","Clothesline+1","Sword Boomerang+1","Inflame+1","Pommel Strike+1"],"max_hp_per_floor":[80,80,80,80,80,80,80,80,90,90,90,90,90,90,90,90,90,90,90,90,90,90,90,90,90,90,90,90,90,92,94,94,94,94,94,94,94,94,94,94,94,94,94,99,101,101,101,101,101,101],"relics":["Burning Blood","Bronze Scales","Self Forming Clay","Pear","Juzu Bracelet","Ice Cream","Philosopher\u0027s Stone","Boot","Singing Bowl","Calling Bell","Darkstone Periapt","Orichalcum","Sundial","Bag of Marbles","Tiny Chest","Charon\u0027s Ashes"],"card_choices":[{"not_picked":["Wild Strike","Burning Pact"],"picked":"Inflame","floor":1},{"not_picked":["Armaments","Combust"],"picked":"Warcry","floor":2},{"not_picked":["Clash","Headbutt"],"picked":"Inflame","floor":3},{"not_picked":["Twin Strike","Armaments"],"picked":"Flex","floor":5},{"not_picked":["Flex","Armaments","Fire Breathing"],"picked":"SKIP","floor":6},{"not_picked":["Anger","Iron Wave"],"picked":"Heavy Blade","floor":8},{"not_picked":["Flex","Pummel"],"picked":"Shrug It Off","floor":11},{"not_picked":["Hemokinesis","True Grit"],"picked":"Inflame","floor":14},{"not_picked":["Feed","Demon Form"],"picked":"Offering","floor":16},{"not_picked":["Pommel Strike","Flame Barrier+1"],"picked":"Heavy Blade","floor":18},{"not_picked":["Warcry","Seeing Red+1"],"picked":"Berserk","floor":23},{"not_picked":["Cleave","Iron Wave"],"picked":"Evolve","floor":25},{"not_picked":["Clothesline","Blood for Blood","Fire Breathing+1"],"picked":"Singing Bowl","floor":30},{"not_picked":["Combust","Infernal Blade","Corruption+1"],"picked":"Singing Bowl","floor":31},{"not_picked":["Bludgeon","Brutality"],"picked":"Double Tap","floor":33},{"not_picked":["Pommel Strike+1","Wild Strike"],"picked":"Thunderclap+1","floor":35},{"not_picked":["Transmutation","Dramatic Entrance"],"picked":"Jack Of All Trades","floor":38},{"not_picked":["Dark Shackles","Purity"],"picked":"Mind Blast","floor":38},{"not_picked":["Fire Breathing","Feel No Pain+1"],"picked":"Clothesline+1","floor":39},{"not_picked":["Armaments+1","Shrug It Off"],"picked":"Sword Boomerang+1","floor":41},{"not_picked":["Thunderclap+1","Armaments+1"],"picked":"Inflame+1","floor":44},{"not_picked":["True Grit","Intimidate","Shrug It Off"],"picked":"Singing Bowl","floor":45},{"not_picked":["Inflame","Exhume"],"picked":"Pommel Strike+1","floor":47}],"player_experience":403797,"potions_floor_usage":[11,11,14,33,39,44,47,50,50],"damage_taken":[{"damage":1,"enemies":"Cultist","floor":1,"turns":3},{"damage":6,"enemies":"Jaw Worm","floor":2,"turns":3},{"damage":12,"enemies":"Small Slimes","floor":3,"turns":3},{"damage":8,"enemies":"Red Slaver","floor":5,"turns":3},{"damage":32,"enemies":"Gremlin Nob","floor":6,"turns":4},{"damage":12,"enemies":"Exordium Wildlife","floor":8,"turns":4},{"damage":16,"enemies":"3 Sentries","floor":11,"turns":5},{"damage":12,"enemies":"Gremlin Nob","floor":14,"turns":4},{"damage":10,"enemies":"The Guardian","floor":16,"turns":7},{"damage":4,"enemies":"Chosen","floor":18,"turns":2},{"damage":26,"enemies":"Book of Stabbing","floor":23,"turns":3},{"damage":12,"enemies":"Shell Parasite","floor":25,"turns":2},{"damage":12,"enemies":"Centurion and Healer","floor":30,"turns":3},{"damage":4,"enemies":"Snake Plant","floor":31,"turns":2},{"damage":29,"enemies":"Collector","floor":33,"turns":5},{"damage":29,"enemies":"3 Shapes","floor":35,"turns":5},{"damage":28,"enemies":"3 Darklings","floor":39,"turns":3},{"damage":12,"enemies":"Maw","floor":41,"turns":5},{"damage":30,"enemies":"Giant Head","floor":44,"turns":6},{"damage":9,"enemies":"4 Shapes","floor":45,"turns":3},{"damage":9,"enemies":"3 Darklings","floor":47,"turns":2},{"damage":52,"enemies":"Awakened One","floor":50,"turns":5}],"relics_obtained":[{"floor":6,"key":"Self Forming Clay"},{"floor":9,"key":"Pear"},{"floor":11,"key":"Juzu Bracelet"},{"floor":14,"key":"Ice Cream"},{"floor":23,"key":"Boot"},{"floor":26,"key":"Singing Bowl"},{"floor":34,"key":"Darkstone Periapt"},{"floor":34,"key":"Orichalcum"},{"floor":34,"key":"Sundial"},{"floor":43,"key":"Tiny Chest"},{"floor":44,"key":"Charon\u0027s Ashes"}],"event_choices":[{"event_name":"The Cleric","player_choice":"Card Removal","floor":4,"damage_taken":0},{"event_name":"Bonfire Elementals","player_choice":"BASIC","floor":12,"damage_taken":0},{"event_name":"Drug Dealer","player_choice":"Got JAXXED","floor":19,"damage_taken":0},{"event_name":"Beggar","player_choice":"Gave Gold","floor":20,"damage_taken":0},{"event_name":"The Library","player_choice":"Heal","floor":21,"damage_taken":0},{"event_name":"Ghosts","player_choice":"Ignored","floor":22,"damage_taken":0},{"event_name":"Purifier","player_choice":"One Purge","floor":28,"damage_taken":0},{"event_name":"The Woman in Blue","player_choice":"Bought 0 Potions","floor":29,"damage_taken":0},{"event_name":"Winding Halls","player_choice":"Embrace Madness","floor":37,"damage_taken":0},{"event_name":"SensoryStone","player_choice":"Memory 2","floor":38,"damage_taken":0}],"boss_relics":[{"not_picked":["Runic Pyramid","White Beast Statue"],"picked":"Philosopher\u0027s Stone"},{"not_picked":["Lizard Tail","Black Star"],"picked":"Calling Bell"}],"items_purged_floors":[24,46],"potions_floor_spawned":[3,5,8,14,30,31,33,35,41,44],"seed_played":"-5231388593442994807","ascension_level":0,"potions_obtained":[{"floor":3,"key":"Swift Potion"},{"floor":5,"key":"GamblersBrew"},{"floor":8,"key":"Regen Potion"},{"floor":14,"key":"BloodPotion"},{"floor":30,"key":"Strength Potion"},{"floor":31,"key":"SpeedPotion"},{"floor":33,"key":"Dexterity Potion"},{"floor":35,"key":"SteroidPotion"},{"floor":41,"key":"Fruit Juice"},{"floor":44,"key":"PowerPotion"}],"is_trial":false}