{"gold_per_floor":[114,124,49,49,60,60,73,73,73,73,98,98,112,112],"floor_reached":14,"playtime":555,"items_purged":["Pain"],"score":108,"play_id":"1c54b0a5-a57e-43fb-9822-32a7db6e6247","local_time":"20190723205447","is_ascension_mode":true,"campfire_choices":[{"data":"True Grit","floor":6,"key":"SMITH"},{"data":"Corruption","floor":10,"key":"SMITH"}],"neow_cost":"CURSE","seed_source_timestamp":1200728572900444,"circlet_count":0,"master_deck":["Strike_R","Strike_R","Strike_R","Strike_R","Strike_R","Defend_R","Defend_R","Defend_R","Defend_R","Bash","Offering","True Grit+1","Disarm","Corruption+1","Ghostly Armor"],"relics":["Burning Blood","Pantograph"],"potions_floor_usage":[7,11,13],"damage_taken":[{"damage":15,"enemies":"Jaw Worm","floor":1,"turns":3},{"damage":4,"enemies":"2 Louse","floor":2,"turns":3},{"damage":10,"enemies":"Cultist","floor":5,"turns":3},{"damage":7,"enemies":"Blue Slaver","floor":7,"turns":3},{"damage":49,"enemies":"Lagavulin","floor":11,"turns":10},{"damage":14,"enemies":"Large Slime","floor":13,"turns":6},{"damage":29,"enemies":"Gremlin Nob","floor":14,"turns":3}],"seed_played":"-176693690565946834","potions_obtained":[{"floor":5,"key":"Poison Potion"},{"floor":7,"key":"Fire Potion"},{"floor":11,"key":"Poison Potion"}],"is_trial":false,"path_per_floor":["M","M","$","?","M","R","M","$","T","R","E","?","M","E"],"character_chosen":"IRONCLAD","items_purchased":[],"campfire_rested":0,"item_purchase_floors":[],"current_hp_per_floor":[71,73,73,78,74,74,73,73,73,73,30,30,22,0],"gold":112,"neow_bonus":"THREE_RARE_CARDS","is_prod":false,"is_daily":false,"chose_seed":false,"campfire_upgraded":2,"win_rate":0,"timestamp":1563929687,"path_taken":["M","M","$","?","M","R","M","$","T","R","E","?","M","E"],"build_version":"2019-07-17","purchased_purges":1,"victory":false,"max_hp_per_floor":[80,80,80,85,85,85,85,85,85,85,85,85,85,85],"card_choices":[{"not_picked":["Exhume","Limit Break"],"picked":"Offering","floor":0},{"not_picked":["Anger","Heavy Blade"],"picked":"True Grit","floor":1},{"not_picked":["Fire Breathing","Metallicize"],"picked":"Disarm","floor":2},{"not_picked":["True Grit","Thunderclap"],"picked":"Corruption","floor":5},{"not_picked":["Clash","Pommel Strike","Thunderclap"],"picked":"SKIP","floor":7},{"not_picked":["Whirlwind","Exhume"],"picked":"Ghostly Armor","floor":11},{"not_picked":["Burning Pact","Iron Wave","Headbutt"],"picked":"SKIP","floor":13}],"player_experience":302311,"relics_obtained":[{"floor":11,"key":"Pantograph"}],"event_choices":[{"damage_healed":0,"gold_gain":0,"player_choice":"Donut","damage_taken":0,"max_hp_gain":5,"max_hp_loss":0,"event_name":"Big Fish","floor":4,"gold_loss":0},{"damage_healed":0,"gold_gain":0,"player_choice":"Ignored","damage_taken":0,"max_hp_gain":0,"max_hp_loss":0,"event_name":"Liars Game","floor":12,"gold_loss":0}],"is_beta":false,"boss_relics":[],"items_purged_floors":[3],"is_endless":false,"potions_floor_spawned":[5,7,11],"killed_by":"Gremlin Nob","ascension_level":4}