{"gold_per_floor":[14,28,45,60,76,76,151,163,188,188,218,233,233,183,183,281,281,298,171,171,181,10,41,41],"floor_reached":24,"playtime":1010,"items_purged":[],"score":363,"play_id":"7f13faa2-a1f2-45f0-a470-46354fcf22d2","local_time":"20190220065735","is_ascension_mode":true,"campfire_choices":[{"data":"Zap","floor":6,"key":"SMITH"},{"data":"Glacier","floor":10,"key":"SMITH"},{"floor":13,"key":"REST"},{"data":"Gash","floor":15,"key":"SMITH"}],"neow_cost":"NO_GOLD","seed_source_timestamp":11309266437900,"circlet_count":0,"master_deck":["AscendersBane","Zap+1","Dualcast","Glacier+1","Gash+1","Beam Cell","Sweeping Beam","Barrage","Coolheaded","Rebound","Coolheaded","Ball Lightning","Fission+1","Sunder","Reboot","Tempest","Chaos","Genetic Algorithm","Machine Learning","Doom and Gloom","Double Energy","Cold Snap+1","Compile Driver","Tempest+1","Compile Driver","Panache","Stack+1"],"relics":["Cracked Core","Smiling Mask","Prayer Wheel","Pandora\u0027s Box","Centennial Puzzle"],"potions_floor_usage":[11,12,16,18,18],"damage_taken":[{"damage":6,"enemies":"Cultist","floor":1,"turns":3},{"damage":4,"enemies":"Small Slimes","floor":2,"turns":5},{"damage":4,"enemies":"Jaw Worm","floor":3,"turns":5},{"damage":5,"enemies":"Red Slaver","floor":4,"turns":4},{"damage":9,"enemies":"2 Fungi Beasts","floor":5,"turns":3},{"damage":1,"enemies":"Looter","floor":8,"turns":3},{"damage":14,"enemies":"Gremlin Nob","floor":11,"turns":4},{"damage":10,"enemies":"Exordium Wildlife","floor":12,"turns":3},{"damage":22,"enemies":"The Guardian","floor":16,"turns":13},{"damage":18,"enemies":"2 Thieves","floor":18,"turns":4},{"damage":4,"enemies":"3 Byrds","floor":21,"turns":3},{"damage":47,"enemies":"Gremlin Leader","floor":23,"turns":6},{"damage":12,"enemies":"Snake Plant","floor":24,"turns":1}],"seed_played":"-7262575678823983649","potions_obtained":[{"floor":3,"key":"Block Potion"},{"floor":5,"key":"Fire Potion"},{"floor":8,"key":"EssenceOfSteel"},{"floor":11,"key":"SkillPotion"},{"floor":12,"key":"Energy Potion"},{"floor":18,"key":"Fruit Juice"}],"is_trial":false,"path_per_floor":["M","M","M","M","M","R","?","M","T","R","E","M","R","?","R","B",null,"M","$","?","M","$","E","M"],"character_chosen":"DEFECT","items_purchased":["Compile Driver","FocusPotion","Panache"],"campfire_rested":1,"item_purchase_floors":[19,19,22],"current_hp_per_floor":[76,72,68,63,54,54,43,42,42,42,28,18,44,44,44,22,72,59,59,59,55,55,8,0],"gold":41,"neow_bonus":"TWENTY_PERCENT_HP_BONUS","is_prod":false,"is_daily":false,"chose_seed":false,"campfire_upgraded":3,"win_rate":0,"timestamp":1550642255,"path_taken":["M","M","M","M","?","R","?","M","T","R","E","M","R","?","R","BOSS","M","$","?","?","$","E","M"],"build_version":"2019-01-23","purchased_purges":0,"victory":false,"max_hp_per_floor":[89,89,89,89,89,89,89,89,89,89,89,89,89,89,89,89,89,94,94,94,94,94,94,94],"card_choices":[{"not_picked":["Conserve Battery","Auto Shields"],"picked":"Glacier","floor":1},{"not_picked":["Rip and Tear","Barrage"],"picked":"Gash","floor":2},{"not_picked":["Rebound","Steam Power"],"picked":"Beam Cell","floor":3},{"not_picked":["Undo","Leap"],"picked":"Sweeping Beam","floor":4},{"not_picked":["Seek","Turbo"],"picked":"Barrage","floor":5},{"not_picked":["Redo","Reinforced Body"],"picked":"Coolheaded","floor":8},{"not_picked":["Skim","Redo"],"picked":"Rebound","floor":11},{"not_picked":["Barrage","Reinforced Body"],"picked":"Coolheaded","floor":12},{"not_picked":["Scrape","Barrage"],"picked":"Ball Lightning","floor":12},{"not_picked":["Seek","Meteor Strike"],"picked":"Fission","floor":16},{"not_picked":["Ball Lightning+1","Hello World"],"picked":"Double Energy","floor":18},{"not_picked":["Redo","Aggregate"],"picked":"Cold Snap+1","floor":18},{"not_picked":["Sweeping Beam+1","Coolheaded"],"picked":"Tempest+1","floor":21},{"not_picked":["Barrage","Beam Cell+1"],"picked":"Compile Driver","floor":21},{"not_picked":["Redo","Static Discharge"],"picked":"Stack+1","floor":23}],"player_experience":805314,"relics_obtained":[{"floor":9,"key":"Smiling Mask"},{"floor":11,"key":"Prayer Wheel"},{"floor":23,"key":"Centennial Puzzle"}],"event_choices":[{"damage_healed":0,"gold_gain":75,"player_choice":"Gather Gold","damage_taken":11,"max_hp_gain":0,"max_hp_loss":0,"event_name":"World of Goop","floor":7,"gold_loss":0},{"cards_removed":["Strike_B"],"damage_healed":0,"gold_gain":0,"player_choice":"Card Removal","damage_taken":0,"max_hp_gain":0,"max_hp_loss":0,"event_name":"The Cleric","floor":14,"gold_loss":50},{"damage_healed":0,"gold_gain":0,"player_choice":"Upgraded","damage_taken":0,"max_hp_gain":0,"max_hp_loss":0,"event_name":"Upgrade Shrine","floor":20,"gold_loss":0,"cards_upgraded":["Fission"]}],"is_beta":false,"boss_relics":[{"not_picked":["Calling Bell","Runic Dome"],"picked":"Pandora\u0027s Box"}],"items_purged_floors":[],"is_endless":false,"potions_floor_spawned":[3,5,8,11,12,18],"killed_by":"Snake Plant","ascension_level":11}