{"gold_per_floor":[115,129,129,54,54,7,37,37,37,37,56,75,4,18,18,113,113,123,123,39,56,56,56,69,69,69,69],"floor_reached":27,"playtime":538,"items_purged":["Strike_R","Parasite"],"score":236,"play_id":"bff10591-e3cf-4bce-b65c-e75a56c7363c","local_time":"20190709214309","is_ascension_mode":false,"campfire_choices":[{"data":"Heavy Blade","floor":8,"key":"SMITH"},{"data":"Battle Trance","floor":15,"key":"SMITH"},{"data":"Flex","floor":23,"key":"SMITH"}],"neow_cost":"NONE","seed_source_timestamp":1124538571494412,"circlet_count":0,"master_deck":["Strike_R","Defend_R","Defend_R","Defend_R","Defend_R","Bash","Heavy Blade+1","Thunderclap","Twin Strike","Sword Boomerang","Spot Weakness","Battle Trance+1","Headbutt","Demon Form","Pummel","Flex+1","Seeing Red","Pummel","Whirlwind","Decay"],"relics":["Burning Blood","NeowsBlessing","Smiling Mask","Prayer Wheel","Empty Cage","Dodecahedron"],"potions_floor_usage":[16,16,16],"damage_taken":[{"damage":0,"enemies":"Small Slimes","floor":1,"turns":1},{"damage":0,"enemies":"Jaw Worm","floor":2,"turns":1},{"damage":0,"enemies":"3 Sentries","floor":7,"turns":1},{"damage":0,"enemies":"2 Louse","floor":11,"turns":3},{"damage":10,"enemies":"Exordium Wildlife","floor":12,"turns":3},{"damage":31,"enemies":"Exordium Thugs","floor":14,"turns":4},{"damage":36,"enemies":"Hexaghost","floor":16,"turns":6},{"damage":37,"enemies":"Spheric Guardian","floor":18,"turns":5},{"damage":30,"enemies":"3 Byrds","floor":21,"turns":5},{"damage":27,"enemies":"Snecko","floor":24,"turns":5},{"damage":56,"enemies":"Centurion and Healer","floor":27,"turns":7}],"seed_played":"1425207117001057996","potions_obtained":[{"floor":2,"key":"Weak Potion"},{"floor":7,"key":"SteroidPotion"},{"floor":14,"key":"Poison Potion"},{"floor":21,"key":"Ancient Potion"}],"is_trial":false,"path_per_floor":["M","M","?","$","?","?","E","R","T","?","M","M","$","M","R","B",null,"M","?","$","M","?","R","M","?","T","M"],"character_chosen":"IRONCLAD","items_purchased":["Battle Trance","Pummel"],"campfire_rested":0,"item_purchase_floors":[13,20],"current_hp_per_floor":[80,80,80,80,80,80,80,80,80,80,80,76,76,51,51,21,80,49,46,46,22,77,77,56,56,56,0],"gold":69,"neow_bonus":"THREE_ENEMY_KILL","is_prod":false,"is_daily":false,"chose_seed":false,"campfire_upgraded":3,"win_rate":0,"timestamp":1562722989,"path_taken":["M","M","?","$","?","?","E","R","T","?","M","?","$","M","R","BOSS","M","?","?","M","?","R","?","?","T","M"],"build_version":"2019-07-05","purchased_purges":2,"victory":false,"max_hp_per_floor":[80,80,80,80,80,80,80,80,80,80,80,80,80,80,80,80,80,80,80,77,77,77,77,77,77,77,77],"card_choices":[{"not_picked":["Clash","Warcry"],"picked":"Heavy Blade","floor":1},{"not_picked":["Shrug It Off","Reaper","Blood for Blood"],"picked":"SKIP","floor":2},{"not_picked":["Warcry","Clash","Power Through"],"picked":"SKIP","floor":7},{"not_picked":["Evolve","Pommel Strike"],"picked":"Thunderclap","floor":11},{"not_picked":["Warcry","Shockwave"],"picked":"Twin Strike","floor":11},{"not_picked":["Shrug It Off","Metallicize"],"picked":"Sword Boomerang","floor":12},{"not_picked":["Rupture","Combust"],"picked":"Spot Weakness","floor":12},{"not_picked":["Twin Strike","Clash"],"picked":"Headbutt","floor":14},{"not_picked":["Perfected Strike","Havoc","True Grit"],"picked":"SKIP","floor":14},{"not_picked":["Fiend Fire","Exhume"],"picked":"Demon Form","floor":16},{"not_picked":["Armaments","Warcry","Shrug It Off"],"picked":"SKIP","floor":18},{"not_picked":["Clash","Clothesline","Shockwave"],"picked":"SKIP","floor":18},{"not_picked":["Pommel Strike","Anger"],"picked":"Flex","floor":21},{"not_picked":["Cleave","Corruption"],"picked":"Seeing Red","floor":21},{"not_picked":["Anger","Heavy Blade"],"picked":"Pummel","floor":24},{"not_picked":["Twin Strike+1","Thunderclap"],"picked":"Whirlwind","floor":24}],"player_experience":276811,"relics_obtained":[{"floor":7,"key":"Smiling Mask"},{"floor":9,"key":"Prayer Wheel"},{"floor":26,"key":"Dodecahedron"}],"event_choices":[{"cards_removed":["Strike_R"],"damage_healed":0,"gold_gain":0,"player_choice":"Forget","damage_taken":0,"max_hp_gain":0,"max_hp_loss":0,"event_name":"Living Wall","floor":3,"gold_loss":0},{"damage_healed":0,"gold_gain":0,"player_choice":"Ignored","damage_taken":0,"max_hp_gain":0,"max_hp_loss":0,"event_name":"Golden Idol","floor":5,"gold_loss":0},{"damage_healed":0,"gold_gain":0,"player_choice":"Left Gold","damage_taken":0,"max_hp_gain":0,"max_hp_loss":0,"event_name":"World of Goop","floor":6,"gold_loss":47},{"damage_healed":20,"gold_gain":0,"player_choice":"Healed and dodged fight","damage_taken":0,"max_hp_gain":0,"max_hp_loss":0,"event_name":"Mushrooms","floor":10,"gold_loss":0,"cards_obtained":["Parasite"]},{"damage_healed":0,"gold_gain":0,"player_choice":"Punched","damage_taken":3,"max_hp_gain":0,"max_hp_loss":0,"event_name":"Designer","floor":19,"gold_loss":0},{"damage_healed":55,"gold_gain":0,"player_choice":"Full Heal","damage_taken":0,"max_hp_gain":0,"max_hp_loss":0,"event_name":"Wheel of Change","floor":22,"gold_loss":0},{"damage_healed":0,"gold_gain":0,"player_choice":"Smashed Altar","damage_taken":0,"max_hp_gain":0,"max_hp_loss":0,"event_name":"Forgotten Altar","floor":25,"gold_loss":0,"cards_obtained":["Decay"]}],"is_beta":false,"boss_relics":[{"not_picked":["Runic Pyramid","Black Blood"],"picked":"Empty Cage"}],"items_purged_floors":[4,20],"is_endless":false,"potions_floor_spawned":[2,7,14,21],"killed_by":"Centurion and Healer","ascension_level":0}