{"gold_per_floor":[115,115,115,115,115,115,115,144,212,242,256,256,289,302,302,378,378,388,401,411,422,422,422,422,422,422,422],"floor_reached":27,"playtime":968,"items_purged":[],"score":578,"play_id":"44a66e95-da45-4c74-9ad8-80a0830afdfd","local_time":"20190722191903","is_ascension_mode":true,"campfire_choices":[{"data":"Whirlwind","floor":6,"key":"SMITH"},{"data":"Uppercut","floor":12,"key":"SMITH"},{"data":"Armaments","floor":15,"key":"SMITH"},{"data":"Metallicize","floor":23,"key":"SMITH"},{"floor":25,"key":"REST"}],"neow_cost":"NONE","seed_source_timestamp":120116404235200,"circlet_count":0,"master_deck":["AscendersBane","Strike_R","Strike_R","Strike_R","Strike_R","Defend_R","Defend_R","Defend_R","Defend_R","Bash","Metallicize+1","Whirlwind+1","True Grit","Bash","Uppercut+1","Inflame","Headbutt","Armaments+1","Body Slam","Limit Break","Warcry","Iron Wave","Heavy Blade","Decay","Necronomicurse","Berserk"],"relics":["Burning Blood","NeowsBlessing","FossilizedHelix","Dream Catcher","Dodecahedron","Orichalcum","StoneCalendar","Runic Pyramid","Necronomicon","Smiling Mask"],"potions_floor_usage":[13,18,20,21],"damage_taken":[{"damage":0,"enemies":"Jaw Worm","floor":1,"turns":1},{"damage":0,"enemies":"Lagavulin","floor":8,"turns":1},{"damage":0,"enemies":"3 Sentries","floor":10,"turns":1},{"damage":7,"enemies":"2 Louse","floor":11,"turns":3},{"damage":0,"enemies":"Lagavulin","floor":13,"turns":4},{"damage":0,"enemies":"Small Slimes","floor":14,"turns":2},{"damage":12,"enemies":"Slime Boss","floor":16,"turns":7},{"damage":37,"enemies":"3 Byrds","floor":18,"turns":5},{"damage":5,"enemies":"Shell Parasite","floor":19,"turns":7},{"damage":42,"enemies":"Snake Plant","floor":20,"turns":6},{"damage":9,"enemies":"Centurion and Healer","floor":21,"turns":7},{"damage":33,"enemies":"Slavers","floor":27,"turns":4}],"seed_played":"4550197949699796616","potions_obtained":[{"floor":1,"key":"BloodPotion"},{"floor":8,"key":"AttackPotion"},{"floor":16,"key":"GamblersBrew"},{"floor":20,"key":"SkillPotion"}],"is_trial":false,"path_per_floor":["M","?","?","$","?","R","?","E","T","E","M","R","E","M","R","B",null,"M","M","M","M","?","R","?","R","T","E"],"character_chosen":"IRONCLAD","items_purchased":[],"campfire_rested":1,"item_purchase_floors":[],"current_hp_per_floor":[74,74,79,79,61,61,61,67,67,73,72,72,78,80,80,74,79,48,49,33,30,30,30,9,33,33,0],"gold":422,"neow_bonus":"THREE_ENEMY_KILL","is_prod":false,"is_daily":false,"chose_seed":false,"campfire_upgraded":4,"win_rate":0,"timestamp":1563815943,"path_taken":["M","?","?","$","?","R","?","E","T","E","?","R","E","M","R","BOSS","M","M","M","M","?","R","?","R","T","E"],"build_version":"2019-07-17","purchased_purges":0,"victory":false,"max_hp_per_floor":[75,75,80,80,80,80,80,80,80,80,80,80,80,80,80,80,80,80,80,80,80,80,80,80,80,80,80],"card_choices":[{"not_picked":["Uppercut","Clash"],"picked":"Metallicize","floor":1},{"not_picked":["Twin Strike","Thunderclap"],"picked":"Uppercut","floor":8},{"not_picked":["Entrench","Havoc"],"picked":"Inflame","floor":10},{"not_picked":["Searing Blow","Sword Boomerang"],"picked":"Headbutt","floor":11},{"not_picked":["Second Wind","Rage"],"picked":"Armaments","floor":13},{"not_picked":["Sentinel","Perfected Strike"],"picked":"Body Slam","floor":14},{"not_picked":["Juggernaut","Bludgeon"],"picked":"Limit Break","floor":16},{"not_picked":["Clothesline","Inflame"],"picked":"Warcry","floor":18},{"not_picked":["Clothesline","Burning Pact"],"picked":"Iron Wave","floor":19},{"not_picked":["Armaments","Evolve"],"picked":"Heavy Blade","floor":20},{"not_picked":["Evolve","Clash","Twin Strike"],"picked":"SKIP","floor":21},{"not_picked":["Inflame","Warcry"],"picked":"Berserk","floor":25}],"player_experience":1743894,"relics_obtained":[{"floor":8,"key":"Dream Catcher"},{"floor":9,"key":"Dodecahedron"},{"floor":10,"key":"Orichalcum"},{"floor":13,"key":"StoneCalendar"},{"floor":24,"key":"Necronomicon"},{"floor":26,"key":"Smiling Mask"}],"event_choices":[{"damage_healed":0,"gold_gain":0,"cards_transformed":["Strike_R"],"player_choice":"Change","damage_taken":0,"max_hp_gain":0,"max_hp_loss":0,"event_name":"Living Wall","floor":2,"gold_loss":0,"cards_obtained":["Whirlwind"]},{"damage_healed":0,"gold_gain":0,"player_choice":"Donut","damage_taken":0,"max_hp_gain":5,"max_hp_loss":0,"event_name":"Big Fish","floor":3,"gold_loss":0},{"damage_healed":0,"gold_gain":0,"player_choice":"Success","damage_taken":18,"relics_obtained":["FossilizedHelix"],"max_hp_gain":0,"max_hp_loss":0,"event_name":"Scrap Ooze","floor":5,"gold_loss":0},{"damage_healed":0,"gold_gain":0,"player_choice":"2 cards matched","damage_taken":0,"max_hp_gain":0,"max_hp_loss":0,"event_name":"Match and Keep!","floor":7,"gold_loss":0,"cards_obtained":["True Grit","Bash"]},{"damage_healed":0,"gold_gain":0,"player_choice":"Smashed Altar","damage_taken":0,"max_hp_gain":0,"max_hp_loss":0,"event_name":"Forgotten Altar","floor":22,"gold_loss":0,"cards_obtained":["Decay"]},{"damage_healed":0,"gold_gain":0,"player_choice":"Obtained Book","damage_taken":21,"max_hp_gain":0,"max_hp_loss":0,"event_name":"Cursed Tome","floor":24,"gold_loss":0}],"is_beta":false,"boss_relics":[{"not_picked":["Runic Cube","Black Star"],"picked":"Runic Pyramid"}],"items_purged_floors":[],"is_endless":false,"potions_floor_spawned":[1,8,16,20],"killed_by":"Slavers","ascension_level":18}