{"path_per_floor":["M","?","M","$","M","R","E","M","T","R","M","$","M","M","R","B",null,"M","?","?","?","M","R","M","M","T","M","M","R","E","M","R"],"character_chosen":"IRONCLAD","items_purchased":["Flash of Steel","Shockwave"],"gold_per_floor":[109,109,123,21,36,36,61,80,80,80,99,62,77,88,88,188,188,188,111,111,111,111,111,111,111,111,111,111,111,111,111,111,111],"floor_reached":33,"campfire_rested":2,"playtime":1454,"current_hp_per_floor":[75,68,63,63,62,62,14,19,19,43,36,36,35,39,39,34,80,69,69,80,80,80,80,62,53,53,56,52,52,40,43,67,0],"items_purged":[],"gold":111,"score":273,"play_id":"1d5bc1e2-5ce7-4203-af60-d4b68d2963aa","local_time":"20180428205514","is_prod":false,"is_daily":false,"chose_seed":false,"is_ascension_mode":false,"campfire_upgraded":4,"timestamp":1524945314,"path_taken":["M","?","M","$","M","R","E","M","T","R","M","$","M","M","R","BOSS","M","?","?","?","M","R","M","M","T","M","M","R","E","M","R","BOSS"],"build_version":"2018-04-28","seed_source_timestamp":0,"purchased_purges":0,"victory":false,"master_deck":["Strike_R","Strike_R","Strike_R","Strike_R","Strike_R","Defend_R","Defend_R","Defend_R","Bash","Flex+1","Shrug It Off","Flash of Steel","Limit Break+1","Corruption","Armaments","Shockwave","Uppercut","Demon Form+1","Shrug It Off","J.A.X.+1","Whirlwind+1","Cleave+1","Feel No Pain+1","Heavy Blade+1"],"max_hp_per_floor":[80,80,80,80,80,80,80,80,80,80,80,80,80,80,80,80,80,80,80,80,80,80,80,80,80,80,80,80,80,80,80,80,80],"relics":["Burning Blood","Unceasing Top","Bottled Flame","Ectoplasm","Bottled Lightning","Molten Egg 2"],"card_choices":[{"not_picked":["Wild Strike","Pummel"],"picked":"Flex","floor":1.0},{"not_picked":["Iron Wave","Armaments"],"picked":"Shrug It Off","floor":3.0},{"not_picked":["Second Wind","Evolve"],"picked":"Limit Break","floor":5.0},{"not_picked":["Cleave","Sentinel"],"picked":"Corruption","floor":7.0},{"not_picked":["True Grit","Searing Blow"],"picked":"Armaments","floor":11},{"not_picked":["Metallicize","Iron Wave"],"picked":"Uppercut","floor":13},{"not_picked":["Limit Break","Feed"],"picked":"Demon Form","floor":16},{"not_picked":["Evolve","Flex"],"picked":"Shrug It Off","floor":18},{"not_picked":["Combust","Battle Trance"],"picked":"Whirlwind","floor":22},{"not_picked":["Clash","Flex"],"picked":"Cleave","floor":24},{"not_picked":["Iron Wave","Sever Soul"],"picked":"Feel No Pain","floor":27},{"not_picked":["Bloodletting","Twin Strike"],"picked":"Heavy Blade","floor":28}],"player_experience":273845,"potions_floor_usage":[16,22,22,28,30,30],"damage_taken":[{"damage":11.0,"enemies":"2 Louse","floor":1.0,"turns":3.0},{"damage":11.0,"enemies":"Jaw Worm","floor":3.0,"turns":2.0},{"damage":7.0,"enemies":"Small Slimes","floor":5.0,"turns":4.0},{"damage":54.0,"enemies":"Lagavulin","floor":7.0,"turns":7.0},{"damage":1.0,"enemies":"2 Fungi Beasts","floor":8.0,"turns":4.0},{"damage":13,"enemies":"3 Louse","floor":11,"turns":4},{"damage":7,"enemies":"Looter","floor":13,"turns":4},{"damage":2,"enemies":"2 Fungi Beasts","floor":14,"turns":3},{"damage":11,"enemies":"Hexaghost","floor":16,"turns":6},{"damage":17,"enemies":"3 Byrds","floor":18,"turns":6},{"damage":3,"enemies":"Spheric Guardian","floor":22,"turns":3},{"damage":24,"enemies":"Centurion and Healer","floor":24,"turns":6},{"damage":15,"enemies":"3 Cultists","floor":25,"turns":4},{"damage":3,"enemies":"Cultist and Chosen","floor":27,"turns":6},{"damage":19,"enemies":"Centurion and Healer","floor":28,"turns":4},{"damage":27,"enemies":"Book of Stabbing","floor":30,"turns":4},{"damage":3,"enemies":"3 Cultists","floor":31,"turns":3},{"damage":77,"enemies":"Champ","floor":33,"turns":6}],"event_choices":[{"event_name":"Golden Wing","player_choice":"Card Removal","floor":2.0,"damage_taken":0.0},{"event_name":"Drug Dealer","player_choice":"Got JAXXED","floor":19,"damage_taken":0},{"event_name":"The Library","player_choice":"Heal","floor":20,"damage_taken":0},{"event_name":"Upgrade Shrine","player_choice":"Upgraded","floor":21,"damage_taken":0}],"boss_relics":[{"not_picked":["Pandora\u0027s Box","Runic Pyramid"],"picked":"Ectoplasm"}],"potions_floor_spawned":[8,13,14,24,25,27,31],"seed_played":"-4273750608461844260","killed_by":"Champ","ascension_level":0,"is_trial":false}