{"gold_per_floor":[20,36,52,67,80,80,100,115,140,28,28,28,48,18,18,92,92,102,117,17,17,33,33,33],"floor_reached":24,"playtime":965,"items_purged":["Strike_R","Strike_R"],"score":371,"play_id":"a4429149-ce56-4e7c-a8f5-cb4b7145b0e1","local_time":"20190608222518","is_ascension_mode":true,"campfire_choices":[{"data":"Magnetism","floor":6,"key":"SMITH"},{"data":"Double Tap","floor":12,"key":"SMITH"},{"data":"Whirlwind","floor":15,"key":"SMITH"},{"data":"Barricade","floor":23,"key":"SMITH"}],"neow_cost":"NO_GOLD","seed_source_timestamp":150034017054700,"circlet_count":0,"master_deck":["AscendersBane","Defend_R","Defend_R","Defend_R","Defend_R","Bash","Deep Breath","Magnetism+1","Headbutt","Flame Barrier","Double Tap+1","True Grit","Shrug It Off","Anger","Armaments+1","Carnage","Whirlwind+1","Reaper","Barricade+1","Iron Wave+1","Wild Strike","Bite","Bite","Bite","Bite","Bite","Sever Soul"],"relics":["Burning Blood","Boot","Sozu"],"potions_floor_usage":[5,7,13,18],"damage_taken":[{"damage":13,"enemies":"Jaw Worm","floor":1,"turns":5},{"damage":6,"enemies":"Cultist","floor":2,"turns":3},{"damage":12,"enemies":"2 Louse","floor":3,"turns":4},{"damage":7,"enemies":"Blue Slaver","floor":4,"turns":4},{"damage":23,"enemies":"3 Louse","floor":5,"turns":4},{"damage":9,"enemies":"Exordium Thugs","floor":7,"turns":5},{"damage":5,"enemies":"Red Slaver","floor":8,"turns":5},{"damage":3,"enemies":"Gremlin Gang","floor":13,"turns":5},{"damage":0,"enemies":"Looter","floor":14,"turns":4},{"damage":52,"enemies":"Slime Boss","floor":16,"turns":10},{"damage":18,"enemies":"Shell Parasite","floor":18,"turns":5},{"damage":6,"enemies":"Spheric Guardian","floor":19,"turns":5},{"damage":33,"enemies":"Shelled Parasite and Fungi","floor":22,"turns":5},{"damage":47,"enemies":"Book of Stabbing","floor":24,"turns":3}],"seed_played":"3349893419879457702","potions_obtained":[{"floor":1,"key":"SkillPotion"},{"floor":5,"key":"Explosive Potion"},{"floor":7,"key":"SkillPotion"},{"floor":16,"key":"Fire Potion"}],"is_trial":false,"path_per_floor":["M","M","M","M","M","R","M","M","T","$","?","R","M","M","R","B",null,"M","M","$","?","M","R","E"],"character_chosen":"IRONCLAD","items_purchased":["Carnage"],"campfire_rested":0,"item_purchase_floors":[10],"current_hp_per_floor":[61,61,55,54,37,37,34,35,35,35,35,35,38,44,44,8,58,46,46,46,46,28,28,0],"gold":33,"neow_bonus":"RANDOM_COLORLESS_2","is_prod":false,"is_daily":false,"chose_seed":false,"campfire_upgraded":4,"win_rate":0,"timestamp":1560025518,"path_taken":["M","M","M","M","M","R","M","M","T","$","?","R","?","M","R","BOSS","M","M","$","?","M","R","E"],"build_version":"2019-01-23","purchased_purges":2,"victory":false,"max_hp_per_floor":[75,75,75,75,75,75,75,75,75,75,75,75,75,75,75,75,75,75,75,75,52,52,52,52],"card_choices":[{"not_picked":["Blood for Blood","Carnage"],"picked":"Headbutt","floor":1},{"not_picked":["Flex","Pommel Strike"],"picked":"Flame Barrier","floor":2},{"not_picked":["Searing Blow","Anger"],"picked":"Double Tap","floor":3},{"not_picked":["Perfected Strike","Wild Strike"],"picked":"True Grit","floor":4},{"not_picked":["Reckless Charge","Iron Wave"],"picked":"Shrug It Off","floor":5},{"not_picked":["True Grit","Carnage"],"picked":"Anger","floor":7},{"not_picked":["Flex","Disarm"],"picked":"Armaments","floor":8},{"not_picked":["Infernal Blade","Iron Wave"],"picked":"Whirlwind","floor":13},{"not_picked":["Power Through","Heavy Blade"],"picked":"Reaper","floor":14},{"not_picked":["Reaper","Berserk"],"picked":"Barricade","floor":16},{"not_picked":["Metallicize","Armaments+1"],"picked":"Iron Wave+1","floor":18},{"not_picked":["Cleave","Armaments"],"picked":"Wild Strike","floor":19},{"not_picked":["Sword Boomerang","Havoc"],"picked":"Sever Soul","floor":22}],"player_experience":1240063,"relics_obtained":[{"floor":9,"key":"Boot"}],"event_choices":[{"damage_healed":0,"gold_gain":0,"player_choice":"Forge","damage_taken":0,"max_hp_gain":0,"max_hp_loss":0,"event_name":"Accursed Blacksmith","floor":11,"gold_loss":0,"cards_upgraded":["Armaments"]},{"damage_healed":0,"gold_gain":0,"player_choice":"Became a vampire","damage_taken":0,"max_hp_gain":0,"max_hp_loss":23,"event_name":"Vampires","floor":21,"gold_loss":0,"cards_obtained":["Bite","Bite","Bite","Bite","Bite"]}],"is_beta":false,"boss_relics":[{"not_picked":["Ectoplasm","Busted Crown"],"picked":"Sozu"}],"items_purged_floors":[10,20],"is_endless":false,"potions_floor_spawned":[1,5,7,16,22],"killed_by":"Book of Stabbing","ascension_level":16}