{"gold_per_floor":[119,194,42,59,72,72,222,222,248,248,268,284,284,299,299,299],"floor_reached":16,"playtime":486,"items_purged":["Strike_R"],"score":166,"play_id":"edad9d02-c7c6-4cb6-bc13-0d345e2b0fec","local_time":"20190610022013","is_ascension_mode":true,"campfire_choices":[{"data":"Evolve","floor":6,"key":"SMITH"},{"data":"Second Wind","floor":8,"key":"SMITH"},{"data":"Body Slam","floor":10,"key":"SMITH"},{"data":"Bash","floor":13,"key":"SMITH"},{"data":"Dual Wield","floor":15,"key":"SMITH"}],"neow_cost":"NONE","seed_source_timestamp":251013810414500,"circlet_count":0,"master_deck":["AscendersBane","Strike_R","Strike_R","Strike_R","Strike_R","Defend_R","Defend_R","Defend_R","Defend_R","Bash+1","Body Slam+1","Evolve+1","Second Wind+1","Entrench","Doubt","Dual Wield+1","Flex","Headbutt"],"relics":["Burning Blood","Anchor"],"potions_floor_usage":[11,16,16],"damage_taken":[{"damage":10,"enemies":"Small Slimes","floor":1,"turns":4},{"damage":4,"enemies":"2 Louse","floor":4,"turns":4},{"damage":14,"enemies":"Jaw Worm","floor":5,"turns":4},{"damage":14,"enemies":"Exordium Thugs","floor":11,"turns":5},{"damage":9,"enemies":"Red Slaver","floor":12,"turns":4},{"damage":9,"enemies":"Large Slime","floor":14,"turns":7},{"damage":66,"enemies":"The Guardian","floor":16,"turns":8}],"seed_played":"5323070958625679549","potions_obtained":[{"floor":4,"key":"Poison Potion"},{"floor":5,"key":"SpeedPotion"},{"floor":12,"key":"Weak Potion"}],"is_trial":false,"path_per_floor":["M","?","$","M","M","R","?","R","T","R","M","M","R","M","R","B"],"character_chosen":"IRONCLAD","items_purchased":["Evolve"],"campfire_rested":0,"item_purchase_floors":[3],"current_hp_per_floor":[71,60,60,62,54,54,54,54,54,54,46,43,43,40,40,0],"gold":299,"neow_bonus":"TEN_PERCENT_HP_BONUS","is_prod":false,"is_daily":false,"chose_seed":false,"campfire_upgraded":5,"win_rate":0,"timestamp":1560126013,"path_taken":["M","?","$","M","M","R","?","R","T","R","M","M","R","M","R","BOSS"],"build_version":"2019-01-23","purchased_purges":1,"victory":false,"max_hp_per_floor":[82,82,82,82,82,82,82,82,82,82,82,82,82,82,82,82],"card_choices":[{"not_picked":["Iron Wave","Disarm"],"picked":"Body Slam","floor":1},{"not_picked":["Headbutt","Body Slam"],"picked":"Second Wind","floor":4},{"not_picked":["Evolve","Warcry"],"picked":"Entrench","floor":5},{"not_picked":["Shrug It Off","Disarm"],"picked":"Dual Wield","floor":11},{"not_picked":["Pommel Strike","Wild Strike"],"picked":"Flex","floor":12},{"not_picked":["Thunderclap","Wild Strike"],"picked":"Headbutt","floor":14}],"player_experience":1262035,"relics_obtained":[{"floor":9,"key":"Anchor"}],"event_choices":[{"damage_healed":0,"gold_gain":75,"player_choice":"Gather Gold","damage_taken":11,"max_hp_gain":0,"max_hp_loss":0,"event_name":"World of Goop","floor":2,"gold_loss":0},{"damage_healed":0,"gold_gain":150,"player_choice":"AGREE","damage_taken":0,"max_hp_gain":0,"max_hp_loss":0,"event_name":"Liars Game","floor":7,"gold_loss":0,"cards_obtained":["Doubt"]}],"is_beta":false,"boss_relics":[],"items_purged_floors":[3],"is_endless":false,"potions_floor_spawned":[4,5,12],"killed_by":"The Guardian","ascension_level":16}