{"gold_per_floor":[113,126,146,69,244,272,283,310,334,334,70,80,80,108,108,206,206,219,219,119,129,129,129,155,254,280,293,303,227,227,227,227,325,325,337,1336,1336,640,659,687,687,715,715,730,63,63],"floor_reached":46,"playtime":3338,"items_purged":["Doubt","Strike_G","Normality","Normality"],"score":662,"play_id":"e41ebecd-d702-4fd9-9155-fe5924185a8d","local_time":"20190928125614","is_ascension_mode":true,"campfire_choices":[{"data":"Glass Knife","floor":10,"key":"SMITH"},{"data":"Dodge and Roll","floor":13,"key":"SMITH"},{"data":"Glass Knife","floor":15,"key":"SMITH"},{"floor":23,"key":"REST"},{"floor":30,"key":"REST"},{"floor":32,"key":"RECALL"},{"floor":41,"key":"REST"}],"neow_cost":"NONE","seed_source_timestamp":1430494446026468,"circlet_count":0,"master_deck":["Strike_G","Defend_G","Defend_G","Defend_G","Defend_G","Defend_G","Survivor","Neutralize+1","Glass Knife+1","All Out Attack","Well Laid Plans","Deflect","Leg Sweep","Dash","Dodge and Roll+1","Glass Knife+1","Die Die Die","Backflip","Well Laid Plans+1","Footwork","Corpse Explosion","Eviscerate","Bullet Time","PiercingWail","Bullet Time","Crippling Poison","Die Die Die","Dark Shackles"],"relics":["Ring of the Snake","Darkstone Periapt","Centennial Puzzle","InkBottle","PreservedInsect","Odd Mushroom","Fusion Hammer","Anchor","Juzu Bracelet","Cursed Key","Vajra","Dodecahedron","DollysMirror","Dream Catcher","White Beast Statue","OrangePellets","CaptainsWheel"],"potions_floor_usage":[6,8,33,40,44,46,46],"damage_taken":[{"damage":0,"enemies":"Cultist","floor":1,"turns":3},{"damage":0,"enemies":"Small Slimes","floor":2,"turns":3},{"damage":0,"enemies":"2 Louse","floor":3,"turns":2},{"damage":18,"enemies":"Gremlin Nob","floor":6,"turns":4},{"damage":1,"enemies":"2 Fungi Beasts","floor":7,"turns":3},{"damage":4,"enemies":"3 Sentries","floor":8,"turns":7},{"damage":7,"enemies":"Exordium Thugs","floor":12,"turns":4},{"damage":2,"enemies":"The Mushroom Lair","floor":14,"turns":3},{"damage":17,"enemies":"The Guardian","floor":16,"turns":12},{"damage":12,"enemies":"Shell Parasite","floor":18,"turns":4},{"damage":2,"enemies":"3 Byrds","floor":21,"turns":5},{"damage":2,"enemies":"Slavers","floor":24,"turns":4},{"damage":0,"enemies":"Snecko","floor":27,"turns":4},{"damage":0,"enemies":"Shelled Parasite and Fungi","floor":28,"turns":7},{"damage":0,"enemies":"Automaton","floor":33,"turns":11},{"damage":0,"enemies":"3 Shapes","floor":35,"turns":4},{"damage":0,"enemies":"Orb Walker","floor":39,"turns":3},{"damage":57,"enemies":"Giant Head","floor":40,"turns":12},{"damage":35,"enemies":"Nemesis","floor":42,"turns":9},{"damage":0,"enemies":"3 Darklings","floor":44,"turns":3},{"damage":21,"enemies":"Reptomancer","floor":46,"turns":4}],"seed_played":"7787175681807874787","potions_obtained":[{"floor":2,"key":"SpeedPotion"},{"floor":3,"key":"Fire Potion"},{"floor":7,"key":"Strength Potion"},{"floor":12,"key":"Fire Potion"},{"floor":14,"key":"Swift Potion"},{"floor":33,"key":"PowerPotion"},{"floor":40,"key":"AttackPotion"},{"floor":44,"key":"SpeedPotion"}],"is_trial":false,"path_per_floor":["M","M","M","$","?","E","M","E","T","R","$","M","R","?","R","B",null,"M","?","$","M","?","R","E","?","T","M","M","$","R","?","R","B",null,"M","?","?","$","M","E","R","E","T","M","$","E"],"character_chosen":"THE_SILENT","items_purchased":["Well Laid Plans","PreservedInsect","Dash","Footwork","Vajra","Dodecahedron","DollysMirror","Dark Shackles","OrangePellets","CaptainsWheel"],"campfire_rested":3,"item_purchase_floors":[4,11,11,29,38,38,38,45,45,45],"current_hp_per_floor":[70,70,70,70,70,52,51,47,47,47,47,40,40,38,38,21,70,58,58,58,56,56,70,68,68,68,68,68,68,70,70,70,70,70,70,82,82,82,82,25,49,14,14,14,14,0],"gold":63,"neow_bonus":"ONE_RANDOM_RARE_CARD","is_prod":false,"is_daily":false,"chose_seed":false,"campfire_upgraded":3,"win_rate":0,"timestamp":1569689774,"path_taken":["M","M","M","$","?","E","M","E","T","R","$","M","R","?","R","BOSS","M","?","?","M","?","R","E","?","T","M","M","$","R","?","R","BOSS","M","?","?","$","M","E","R","E","T","M","$","E"],"build_version":"2019-09-27","purchased_purges":4,"victory":false,"max_hp_per_floor":[70,70,70,70,70,70,70,70,70,70,70,70,70,70,70,70,70,70,70,70,70,70,70,70,70,70,70,70,70,70,70,70,70,70,70,82,82,82,82,82,82,82,82,82,82,82],"card_choices":[{"not_picked":["Underhanded Strike","Tactician","Catalyst"],"picked":"SKIP","floor":1},{"not_picked":["Bane","Acrobatics","Quick Slash"],"picked":"SKIP","floor":2},{"not_picked":["Concentrate","Flying Knee"],"picked":"All Out Attack","floor":3},{"not_picked":["Riddle With Holes","Dagger Throw"],"picked":"Deflect","floor":6},{"not_picked":["Masterful Stab","Cloak And Dagger"],"picked":"Leg Sweep","floor":7},{"not_picked":["Masterful Stab","Prepared","Outmaneuver"],"picked":"SKIP","floor":8},{"not_picked":["Masterful Stab","Prepared","Outmaneuver"],"picked":"SKIP","floor":8},{"not_picked":["Dagger Throw","Tactician"],"picked":"Dodge and Roll","floor":12},{"not_picked":["Prepared","Poisoned Stab"],"picked":"Glass Knife","floor":14},{"not_picked":["Envenom","Grand Finale"],"picked":"Die Die Die","floor":16},{"not_picked":["Prepared+1","Dodge and Roll"],"picked":"Backflip","floor":18},{"not_picked":["Underhanded Strike","Bane","Slice"],"picked":"SKIP","floor":21},{"not_picked":["Eviscerate","Sucker Punch","Outmaneuver+1"],"picked":"SKIP","floor":24},{"not_picked":["Cloak And Dagger+1","Quick Slash+1","Unload"],"picked":"SKIP","floor":27},{"not_picked":["Sucker Punch","Underhanded Strike"],"picked":"Well Laid Plans+1","floor":28},{"not_picked":["Doppelganger","Night Terror"],"picked":"Bullet Time","floor":33},{"not_picked":["Dodge and Roll","Outmaneuver"],"picked":"PiercingWail","floor":35},{"not_picked":["Blade Dance+1","Slice+1","Dodge and Roll"],"picked":"SKIP","floor":39},{"not_picked":["Prepared+1","Distraction+1","Underhanded Strike"],"picked":"SKIP","floor":40},{"not_picked":["Eviscerate+1","Choke+1"],"picked":"Crippling Poison","floor":41},{"not_picked":["Sucker Punch+1","Endless Agony+1","Dagger Spray+1"],"picked":"SKIP","floor":42},{"not_picked":["Well Laid Plans+1","Sucker Punch"],"picked":"Die Die Die","floor":44}],"player_experience":439540,"relics_obtained":[{"floor":6,"key":"Darkstone Periapt"},{"floor":8,"key":"Centennial Puzzle"},{"floor":9,"key":"InkBottle"},{"floor":14,"key":"Odd Mushroom"},{"floor":24,"key":"Anchor"},{"floor":26,"key":"Juzu Bracelet"},{"floor":40,"key":"Dream Catcher"},{"floor":42,"key":"White Beast Statue"}],"event_choices":[{"damage_healed":0,"gold_gain":175,"player_choice":"AGREE","damage_taken":0,"max_hp_gain":0,"max_hp_loss":0,"event_name":"Liars Game","floor":5,"gold_loss":0,"cards_obtained":["Doubt"]},{"damage_healed":0,"gold_gain":0,"player_choice":"Fought Mushrooms","damage_taken":0,"max_hp_gain":0,"max_hp_loss":0,"event_name":"Mushrooms","floor":14,"gold_loss":0},{"cards_removed":["Strike_G"],"damage_healed":0,"gold_gain":0,"player_choice":"Purged","damage_taken":0,"max_hp_gain":0,"max_hp_loss":0,"event_name":"Purifier","floor":19,"gold_loss":0},{"damage_healed":0,"gold_gain":0,"player_choice":"Ignored","damage_taken":0,"max_hp_gain":0,"max_hp_loss":0,"event_name":"Ghosts","floor":22,"gold_loss":0},{"damage_healed":0,"gold_gain":99,"player_choice":"Stole From Cult","damage_taken":0,"max_hp_gain":0,"max_hp_loss":0,"event_name":"Nest","floor":25,"gold_loss":0},{"damage_healed":0,"gold_gain":0,"cards_transformed":["Strike_G","Strike_G"],"player_choice":"Became Test Subject","damage_taken":0,"max_hp_gain":0,"max_hp_loss":0,"event_name":"Drug Dealer","floor":31,"gold_loss":0,"cards_obtained":["Corpse Explosion","Eviscerate"]},{"damage_healed":0,"gold_gain":999,"player_choice":"Gold","damage_taken":0,"max_hp_gain":0,"max_hp_loss":0,"event_name":"MindBloom","floor":36,"gold_loss":0,"cards_obtained":["Normality","Normality"]},{"damage_healed":0,"gold_gain":0,"player_choice":"Forge","damage_taken":0,"max_hp_gain":0,"max_hp_loss":0,"event_name":"Accursed Blacksmith","floor":37,"gold_loss":0,"cards_upgraded":["Neutralize"]}],"is_beta":true,"boss_relics":[{"not_picked":["Tiny House","Coffee Dripper"],"picked":"Fusion Hammer"},{"not_picked":["Calling Bell","Busted Crown"],"picked":"Cursed Key"}],"items_purged_floors":[11,20,38,45],"is_endless":false,"potions_floor_spawned":[2,3,7,12,14,27,33,35,40,44],"killed_by":"Reptomancer","ascension_level":2}