{"gold_per_floor":[19,30,47,67,67,101,401,401,401,401,105,137,156,46,46,46],"floor_reached":16,"playtime":655,"items_purged":["Strike_R"],"score":204,"play_id":"80f2f5d0-5751-43a3-8297-df65f527d92a","local_time":"20190706125742","is_ascension_mode":true,"campfire_choices":[{"data":"Armaments","floor":8,"key":"SMITH"},{"data":"Spot Weakness","floor":10,"key":"SMITH"},{"data":"Whirlwind","floor":15,"key":"SMITH"}],"neow_cost":"NO_GOLD","seed_source_timestamp":12444626848200,"circlet_count":0,"master_deck":["AscendersBane","Strike_R","Strike_R","Strike_R","Strike_R","Defend_R","Defend_R","Defend_R","Bash","Violence","Forethought","Anger","Spot Weakness+1","Heavy Blade","Clash","Armaments+1","Whirlwind+1","Heavy Blade","Body Slam","Bludgeon","Metallicize","Flex"],"relics":["Burning Blood","Singing Bowl","Old Coin","Nunchaku","Turnip"],"potions_floor_usage":[2,6,12,12,16],"damage_taken":[{"damage":2,"enemies":"Cultist","floor":1,"turns":4},{"damage":1,"enemies":"2 Louse","floor":2,"turns":4},{"damage":7,"enemies":"Jaw Worm","floor":3,"turns":2},{"damage":13,"enemies":"3 Louse","floor":4,"turns":4},{"damage":25,"enemies":"3 Sentries","floor":6,"turns":5},{"damage":15,"enemies":"Lagavulin","floor":12,"turns":4},{"damage":0,"enemies":"Exordium Wildlife","floor":13,"turns":2},{"damage":44,"enemies":"Slime Boss","floor":16,"turns":7}],"seed_played":"-9211931049372653190","potions_obtained":[{"floor":1,"key":"Swift Potion"},{"floor":2,"key":"LiquidBronze"},{"floor":12,"key":"FearPotion"}],"is_trial":false,"path_per_floor":["M","M","M","M","?","E","T","R","T","R","$","E","M","$","R","B"],"character_chosen":"IRONCLAD","items_purchased":["Whirlwind","Heavy Blade","PowerPotion","Dexterity Potion","Metallicize","Flex"],"campfire_rested":0,"item_purchase_floors":[11,11,11,11,14,14],"current_hp_per_floor":[72,75,74,67,60,41,41,41,41,41,41,32,38,38,38,0],"gold":46,"neow_bonus":"RANDOM_COLORLESS_2","is_prod":false,"is_daily":false,"chose_seed":false,"campfire_upgraded":3,"win_rate":0,"timestamp":1562410662,"path_taken":["M","?","M","M","?","E","?","R","T","R","$","E","M","$","R","BOSS"],"build_version":"2019-07-05","purchased_purges":1,"victory":false,"max_hp_per_floor":[75,75,75,75,75,75,75,75,75,75,75,75,75,75,75,75],"card_choices":[{"not_picked":["Pommel Strike","Clash"],"picked":"Anger","floor":1},{"not_picked":["Twin Strike","Metallicize"],"picked":"Spot Weakness","floor":2},{"not_picked":["Searing Blow","Reckless Charge"],"picked":"Heavy Blade","floor":3},{"not_picked":["Shrug It Off","Corruption"],"picked":"Clash","floor":4},{"not_picked":["Rage","Perfected Strike"],"picked":"Armaments","floor":6},{"not_picked":["Sword Boomerang","Entrench"],"picked":"Body Slam","floor":12},{"not_picked":["Thunderclap","Flex"],"picked":"Bludgeon","floor":13}],"player_experience":1612896,"relics_obtained":[{"floor":6,"key":"Singing Bowl"},{"floor":7,"key":"Old Coin"},{"floor":9,"key":"Nunchaku"},{"floor":12,"key":"Turnip"}],"event_choices":[{"cards_removed":["Defend_R"],"damage_healed":0,"gold_gain":0,"player_choice":"Card Removal","damage_taken":7,"max_hp_gain":0,"max_hp_loss":0,"event_name":"Golden Wing","floor":5,"gold_loss":0}],"is_beta":false,"boss_relics":[],"items_purged_floors":[11],"is_endless":false,"potions_floor_spawned":[1,2,12],"killed_by":"Slime Boss","ascension_level":17}