{"path_per_floor":["M","?","M","?","?","E","R","E","T","M","M","E","M","E","R","B",null,"M","$","?","M","M","E","R","?","T","E","$","E","M","M","R","B",null,"M","$","M","?","$","E","?","R","T","M","?","?","E","M","R","B"],"character_chosen":"IRONCLAD","items_purchased":["Lantern","Meat on the Bone","Thread and Needle","Twin Strike","Shockwave"],"gold_per_floor":[109,109,128,203,378,408,408,443,497,513,523,558,577,612,612,710,710,727,504,504,524,539,571,571,486,534,559,309,334,346,363,363,465,465,482,77,90,138,138,163,163,163,186,198,0,0,30,48,78,78],"floor_reached":51,"campfire_rested":0,"playtime":2697,"current_hp_per_floor":[80,80,80,69,69,75,75,73,73,79,72,61,67,53,53,16,64,67,67,67,68,77,86,86,86,86,88,88,74,55,51,51,41,79,65,65,53,47,47,46,34,34,36,38,38,38,57,77,77,75],"items_purged":["Doubt"],"gold":78,"score":961,"play_id":"1b2e6035-8403-4681-a3fb-20b722d5614c","is_prod":false,"is_daily":false,"is_ascension_mode":true,"campfire_upgraded":4,"path_taken":["M","?","?","?","?","E","R","E","T","?","M","E","M","E","R","BOSS","M","$","?","M","M","E","R","?","T","E","?","E","?","M","R","BOSS","M","$","M","?","$","E","?","R","T","M","?","?","E","M","R","BOSS"],"build_version":"2018-02-12-PROD1","purchased_purges":3,"victory":true,"master_deck":["Strike_R","Strike_R","Strike_R","Strike_R","Strike_R","Defend_R","Defend_R","Bash+1","Twin Strike","Blood for Blood","Twin Strike","Wild Strike","Perfected Strike+1","Flex","Twin Strike","Rage+1","Flex","Pommel Strike","Feed","Spot Weakness","Carnage+1","Spot Weakness+1","Rampage+1","Perfected Strike","Uppercut+1","Twin Strike","Shockwave","Iron Wave+1","Madness","Madness","Perfected Strike+1"],"max_hp_per_floor":[80,80,80,80,80,80,80,80,80,80,80,80,80,80,80,80,80,83,83,83,86,89,92,92,92,92,92,92,92,92,92,92,92,92,92,92,92,95,95,95,95,95,97,97,97,97,99,101,101,101],"relics":["Burning Blood","NeowsBlessing","Pen Nib","Prayer Wheel","Dream Catcher","Omamori","Vajra","Cursed Key","Lantern","Bronze Scales","Art of War","Anchor","Calipers","Meat on the Bone","Bottled Flame","Lizard Tail","Thread and Needle","Shovel","Magic Flower","Singing Bowl","Orichalcum","Red Mask","Gremlin Horn","Tiny Chest"],"card_choices":[{"not_picked":["Armaments","Cleave"],"picked":"Twin Strike"},{"not_picked":["Battle Trance","Warcry"],"picked":"Twin Strike"},{"not_picked":["Feel No Pain","Havoc"],"picked":"Wild Strike"},{"not_picked":["Armaments","Shockwave"],"picked":"Perfected Strike"},{"not_picked":["Clash","Armaments"],"picked":"Flex"},{"not_picked":["Rampage","Clothesline"],"picked":"Twin Strike"},{"not_picked":["Armaments","Heavy Blade"],"picked":"Rage"},{"not_picked":["Metallicize","Clothesline"],"picked":"Flex"},{"not_picked":["Fire Breathing","Warcry"],"picked":"Pommel Strike"},{"not_picked":["Brutality","Berserk"],"picked":"Feed"},{"not_picked":["Flex","Wild Strike"],"picked":"Spot Weakness"},{"not_picked":["Flex","Havoc"],"picked":"Carnage"},{"not_picked":["Sword Boomerang","Clash"],"picked":"Spot Weakness"},{"not_picked":["Feel No Pain","Fiend Fire"],"picked":"Rampage"},{"not_picked":["Entrench","Body Slam"],"picked":"Perfected Strike"},{"not_picked":["Rupture","Sword Boomerang"],"picked":"Uppercut"},{"not_picked":["Flame Barrier","Disarm"],"picked":"Iron Wave"},{"not_picked":["Body Slam","Exhume"],"picked":"Perfected Strike"}],"player_experience":195111,"potions_floor_usage":[8,8,12,14,22,22,27,33,33,44,50],"damage_taken":[{"damage":0,"enemies":"Cultist","floor":1,"turns":1},{"damage":0,"enemies":"Blue Slaver","floor":3,"turns":1},{"damage":0,"enemies":"Lagavulin","floor":6,"turns":1},{"damage":8,"enemies":"Gremlin Nob","floor":8,"turns":4},{"damage":0,"enemies":"2 Louse","floor":10,"turns":2},{"damage":13,"enemies":"Exordium Thugs","floor":11,"turns":4},{"damage":32,"enemies":"3 Sentries","floor":12,"turns":8},{"damage":0,"enemies":"2 Fungi Beasts","floor":13,"turns":2},{"damage":20,"enemies":"Lagavulin","floor":14,"turns":3},{"damage":43,"enemies":"Hexaghost","floor":16,"turns":7},{"damage":6,"enemies":"2 Thieves","floor":18,"turns":2},{"damage":8,"enemies":"3 Byrds","floor":21,"turns":4},{"damage":0,"enemies":"Snecko","floor":22,"turns":2},{"damage":0,"enemies":"Gremlin Leader","floor":23,"turns":4},{"damage":4,"enemies":"Book of Stabbing","floor":27,"turns":2},{"damage":20,"enemies":"Slavers","floor":29,"turns":3},{"damage":25,"enemies":"Cultist and Chosen","floor":30,"turns":5},{"damage":22,"enemies":"Centurion and Healer","floor":31,"turns":4},{"damage":28,"enemies":"Automaton","floor":33,"turns":6},{"damage":20,"enemies":"3 Darklings","floor":35,"turns":5},{"damage":18,"enemies":"3 Shapes","floor":37,"turns":4},{"damage":27,"enemies":"Mysterious Sphere","floor":38,"turns":4},{"damage":19,"enemies":"Giant Head","floor":40,"turns":6},{"damage":50,"enemies":"Maw","floor":44,"turns":8},{"damage":10,"enemies":"2 Orb Walkers","floor":47,"turns":3},{"damage":9,"enemies":"4 Shapes","floor":48,"turns":3},{"damage":115,"enemies":"Awakened One","floor":50,"turns":10}],"event_choices":[{"event_name":"Living Wall","player_choice":"Change","floor":2,"damage_taken":0},{"event_name":"World of Goop","player_choice":"Gather Gold","floor":4,"damage_taken":0},{"event_name":"Liars Game","player_choice":"agreed","floor":5,"damage_taken":0},{"event_name":"The Lab","player_choice":"Got Potions","floor":20,"damage_taken":0},{"event_name":"Addict","player_choice":"Obtained Relic","floor":25,"damage_taken":0},{"event_name":"Mysterious Sphere","player_choice":"Fight","floor":38,"damage_taken":0},{"event_name":"Winding Halls","player_choice":"Embrace Madness","floor":41,"damage_taken":0},{"event_name":"Tomb of Lord Red Mask","player_choice":"Paid","floor":45,"damage_taken":0}],"boss_relics":[{"not_picked":["Runic Pyramid","Tiny House"],"picked":"Cursed Key"},{"not_picked":["Philosopher\u0027s Stone","Runic Dome"],"picked":"Lizard Tail"}],"potions_floor_spawned":[3,6,11,12,18,21,22,23,40,47],"seed_played":"-2061567232969095908","ascension_level":5,"is_trial":false}