{"gold_per_floor":[213,229,243,393,244,270,270,270,270,270,290,290,307,4,4,4],"floor_reached":16,"playtime":511,"items_purged":["Doubt"],"score":175,"play_id":"0df5c92f-ce28-4b05-b55e-2f8c3761bad0","local_time":"20191009152910","is_ascension_mode":true,"campfire_choices":[{"floor":8,"key":"REST"},{"data":"Whirlwind","floor":10,"key":"SMITH"},{"data":"Whirlwind","floor":12,"key":"SMITH"},{"data":"Bash","floor":15,"key":"SMITH"}],"neow_cost":"NONE","seed_source_timestamp":195516818570586,"circlet_count":0,"master_deck":["AscendersBane","Strike_R","Strike_R","Strike_R","Strike_R","Defend_R","Defend_R","Defend_R","Defend_R","Bash+1","Sword Boomerang","Whirlwind+1","Metallicize","Corruption","Shrug It Off","Whirlwind+1"],"relics":["Burning Blood","Eternal Feather","InkBottle","Ice Cream"],"potions_floor_usage":[],"damage_taken":[{"damage":7,"enemies":"2 Louse","floor":1,"turns":4},{"damage":18,"enemies":"Jaw Worm","floor":2,"turns":4},{"damage":4,"enemies":"Small Slimes","floor":3,"turns":3},{"damage":42,"enemies":"3 Sentries","floor":6,"turns":8},{"damage":13,"enemies":"Blue Slaver","floor":11,"turns":4},{"damage":1,"enemies":"3 Louse","floor":13,"turns":2},{"damage":78,"enemies":"Slime Boss","floor":16,"turns":9}],"seed_played":"-8916579887898955431","potions_obtained":[{"floor":2,"key":"Dexterity Potion"},{"floor":11,"key":"SpeedPotion"}],"is_trial":false,"path_per_floor":["M","M","M","?","$","E","?","R","T","R","M","R","M","$","R","B"],"character_chosen":"IRONCLAD","items_purchased":["Corruption","Ice Cream"],"campfire_rested":1,"item_purchase_floors":[5,14],"current_hp_per_floor":[67,55,57,57,57,21,14,45,45,54,47,56,61,61,70,0],"gold":4,"neow_bonus":"HUNDRED_GOLD","is_prod":false,"is_daily":false,"chose_seed":false,"campfire_upgraded":3,"win_rate":0,"timestamp":1570649350,"path_taken":["M","M","M","?","$","E","?","R","T","R","M","R","M","?","R","BOSS"],"build_version":"2019-10-08","purchased_purges":1,"victory":false,"max_hp_per_floor":[75,75,75,75,75,75,75,75,75,75,75,75,75,75,75,75],"card_choices":[{"not_picked":["Iron Wave","Clash"],"picked":"Sword Boomerang","floor":1},{"not_picked":["Disarm","Intimidate"],"picked":"Whirlwind","floor":2},{"not_picked":["Headbutt","Entrench"],"picked":"Metallicize","floor":3},{"not_picked":["Double Tap","True Grit"],"picked":"Shrug It Off","floor":6},{"not_picked":["Body Slam","Metallicize"],"picked":"Whirlwind","floor":11},{"not_picked":["Evolve","Body Slam","Intimidate"],"picked":"SKIP","floor":13}],"player_experience":487984,"relics_obtained":[{"floor":6,"key":"Eternal Feather"},{"floor":9,"key":"InkBottle"}],"event_choices":[{"damage_healed":0,"gold_gain":150,"player_choice":"AGREE","damage_taken":0,"max_hp_gain":0,"max_hp_loss":0,"event_name":"Liars Game","floor":4,"gold_loss":0,"cards_obtained":["Doubt"]},{"cards_removed":["Strike_R"],"damage_healed":0,"gold_gain":0,"player_choice":"Card Removal","damage_taken":7,"max_hp_gain":0,"max_hp_loss":0,"event_name":"Golden Wing","floor":7,"gold_loss":0}],"is_beta":true,"boss_relics":[],"items_purged_floors":[5],"is_endless":false,"potions_floor_spawned":[2,11],"killed_by":"Slime Boss","ascension_level":15}