{"gold_per_floor":[113,113,124,124,124,151,151,185,211,211,56,84,5,5,5,80,80,93,93,0,0,50,50,65,65,65,65,79,79],"floor_reached":29,"playtime":951,"items_purged":["Strike_B"],"score":468,"play_id":"36771484-3280-4939-a3f5-a27fc82d1573","local_time":"20190611234602","is_ascension_mode":true,"campfire_choices":[{"data":"Zap","floor":7,"key":"SMITH"},{"data":"Sunder","floor":10,"key":"SMITH"},{"data":"Consume","floor":15,"key":"SMITH"},{"data":"Fission","floor":23,"key":"SMITH"},{"data":"Creative AI","floor":25,"key":"SMITH"},{"data":"Storm","floor":27,"key":"SMITH"}],"neow_cost":"NONE","seed_source_timestamp":21534684779700,"circlet_count":0,"master_deck":["AscendersBane","Strike_B","Strike_B","Defend_B","Defend_B","Defend_B","Defend_B","Zap+1","Dualcast","Sunder+1","Ball Lightning","Consume+1","Glacier","Hologram","Conserve Battery","Leap","Creative AI+1","Self Repair","Fission+1","Chill","Storm+1","Coolheaded","Reinforced Body"],"relics":["Cracked Core","NeowsBlessing","Pen Nib","Ancient Tea Set","Omamori","Bag of Marbles","Sozu","Turnip"],"potions_floor_usage":[16],"damage_taken":[{"damage":0,"enemies":"2 Louse","floor":1,"turns":1},{"damage":0,"enemies":"Cultist","floor":3,"turns":1},{"damage":0,"enemies":"Gremlin Nob","floor":6,"turns":1},{"damage":12,"enemies":"Lagavulin","floor":8,"turns":7},{"damage":5,"enemies":"3 Sentries","floor":12,"turns":9},{"damage":8,"enemies":"Hexaghost","floor":16,"turns":11},{"damage":12,"enemies":"Shell Parasite","floor":18,"turns":5},{"damage":11,"enemies":"2 Thieves","floor":24,"turns":3},{"damage":14,"enemies":"Centurion and Healer","floor":28,"turns":5},{"damage":45,"enemies":"Slavers","floor":29,"turns":2}],"seed_played":"-1313086450826283703","potions_obtained":[{"floor":3,"key":"SmokeBomb"},{"floor":12,"key":"FocusPotion"}],"is_trial":false,"path_per_floor":["M","?","M","$","?","E","R","E","T","R","$","E","$","?","R","B",null,"M","?","?","$","?","R","M","R","T","R","M","E"],"character_chosen":"DEFECT","items_purchased":["Conserve Battery","Leap","Self Repair"],"campfire_rested":0,"item_purchase_floors":[11,11,13],"current_hp_per_floor":[64,64,64,64,54,54,54,42,42,42,42,37,37,42,42,41,67,62,62,62,62,55,55,51,51,51,51,44,0],"gold":79,"neow_bonus":"THREE_ENEMY_KILL","is_prod":false,"is_daily":false,"chose_seed":false,"campfire_upgraded":6,"win_rate":0,"timestamp":1560289562,"path_taken":["M","?","?","$","?","E","R","E","T","R","$","E","?","?","R","BOSS","M","?","?","?","?","R","M","R","T","R","M","E"],"build_version":"2019-01-23","purchased_purges":1,"victory":false,"max_hp_per_floor":[71,71,71,71,71,71,71,71,71,71,71,71,71,76,76,76,76,76,76,76,76,76,76,76,76,76,76,76,76],"card_choices":[{"not_picked":["Barrage","Ball Lightning"],"picked":"Sunder","floor":1},{"not_picked":["Steam","Beam Cell"],"picked":"Consume","floor":3},{"not_picked":["Creative AI","Chaos"],"picked":"Glacier","floor":6},{"not_picked":["Redo","Beam Cell"],"picked":"Hologram","floor":8},{"not_picked":["Sunder","Lockon"],"picked":"Creative AI","floor":12},{"not_picked":["Machine Learning","Seek"],"picked":"Fission","floor":16},{"not_picked":["Consume","Redo"],"picked":"Chill","floor":18},{"not_picked":["Stack","Streamline"],"picked":"Coolheaded","floor":24},{"not_picked":["Sweeping Beam","Barrage"],"picked":"Reinforced Body","floor":28}],"player_experience":1305512,"relics_obtained":[{"floor":6,"key":"Pen Nib"},{"floor":8,"key":"Ancient Tea Set"},{"floor":9,"key":"Omamori"},{"floor":12,"key":"Bag of Marbles"},{"floor":26,"key":"Turnip"}],"event_choices":[{"damage_healed":0,"gold_gain":0,"cards_transformed":["Strike_B"],"player_choice":"Transformed","damage_taken":0,"max_hp_gain":0,"max_hp_loss":0,"event_name":"Transmorgrifier","floor":2,"gold_loss":0,"cards_obtained":["Ball Lightning"]},{"damage_healed":0,"gold_gain":0,"player_choice":"Damaged","damage_taken":10,"max_hp_gain":0,"max_hp_loss":0,"event_name":"Wheel of Change","floor":5,"gold_loss":0},{"damage_healed":0,"gold_gain":0,"player_choice":"Donut","damage_taken":0,"max_hp_gain":5,"max_hp_loss":0,"event_name":"Big Fish","floor":14,"gold_loss":0},{"damage_healed":0,"gold_gain":0,"player_choice":"Read","damage_taken":0,"max_hp_gain":0,"max_hp_loss":0,"event_name":"The Library","floor":19,"gold_loss":0,"cards_obtained":["Storm"]},{"damage_healed":0,"gold_gain":0,"player_choice":"Paid Fearfully","damage_taken":0,"max_hp_gain":0,"max_hp_loss":0,"event_name":"Masked Bandits","floor":20,"gold_loss":93},{"damage_healed":0,"gold_gain":50,"player_choice":"Touch","damage_taken":7,"max_hp_gain":0,"max_hp_loss":0,"event_name":"FaceTrader","floor":22,"gold_loss":0}],"is_beta":false,"boss_relics":[{"not_picked":["Busted Crown","White Beast Statue"],"picked":"Sozu"}],"items_purged_floors":[11],"is_endless":false,"potions_floor_spawned":[3,12,24,28],"killed_by":"Slavers","ascension_level":16}