{"gold_per_floor":[109,34,52,52,0,0,0,0,23,66,78,90,119,144,156,247,259,281,243,269,281,293,305,342,371,383,395,319,319,319,329,329,408,408,427,440,440,440,86,413,413,424,450,482,75,85,85,105,105,105,105],"floor_reached":52,"playtime":3216,"items_purged":[],"score":2002,"play_id":"c447098b-8cbc-44c9-a39f-f9dedf81496c","local_time":"20190827112215","is_ascension_mode":true,"campfire_choices":[{"data":"Go for the Eyes","floor":6.0,"key":"SMITH"},{"data":"Dualcast","floor":8.0,"key":"SMITH"},{"data":"Scrape","floor":12.0,"key":"SMITH"},{"data":"Zap","floor":15.0,"key":"SMITH"},{"data":"Glacier","floor":23.0,"key":"SMITH"},{"data":"Steam","floor":27.0,"key":"SMITH"},{"data":"Scrape","floor":29.0,"key":"SMITH"},{"data":"Stack","floor":32,"key":"SMITH"},{"data":"Secret Weapon","floor":41,"key":"SMITH"},{"data":"Hologram","floor":47,"key":"SMITH"},{"floor":49,"key":"REST"}],"neow_cost":"NONE","seed_source_timestamp":1199580555576699,"circlet_count":0,"master_deck":["AscendersBane","Zap+1","Dualcast+1","Chill","Go for the Eyes+1","Gash","Scrape+1","Steam+1","Seek+1","Glacier+1","Self Repair","Gash","Scrape+1","Stack+1","Gash+1","Turbo+1","Secret Weapon+1","Deep Breath+1","Hologram+1","Echo Form","Stack+1","Violence","Steam"],"special_seed":0,"relics":["Runic Pyramid","Darkstone Periapt","MawBank","Dream Catcher","Pandora\u0027s Box","MutagenicStrength","Pantograph","Blue Candle","Peace Pipe","Old Coin","Centennial Puzzle","Smiling Mask","War Paint"],"potions_floor_usage":[44,51,51],"damage_taken":[{"damage":1.0,"enemies":"2 Louse","floor":1.0,"turns":3.0},{"damage":5.0,"enemies":"Jaw Worm","floor":3.0,"turns":5.0},{"damage":30.0,"enemies":"Gremlin Nob","floor":10.0,"turns":5.0},{"damage":0.0,"enemies":"Small Slimes","floor":13.0,"turns":3.0},{"damage":0.0,"enemies":"2 Fungi Beasts","floor":14.0,"turns":3.0},{"damage":12.0,"enemies":"The Guardian","floor":16.0,"turns":10.0},{"damage":6.0,"enemies":"Shell Parasite","floor":18.0,"turns":4.0},{"damage":0.0,"enemies":"2 Thieves","floor":20.0,"turns":3.0},{"damage":0.0,"enemies":"Book of Stabbing","floor":24.0,"turns":4.0},{"damage":9.0,"enemies":"Centurion and Healer","floor":25.0,"turns":4.0},{"damage":0,"enemies":"Snake Plant","floor":31,"turns":3},{"damage":0,"enemies":"Automaton","floor":33,"turns":5},{"damage":0,"enemies":"3 Shapes","floor":35,"turns":3},{"damage":6,"enemies":"Orb Walker","floor":36,"turns":4},{"damage":55,"enemies":"Reptomancer","floor":40,"turns":6},{"damage":21,"enemies":"Jaw Worm Horde","floor":42,"turns":4},{"damage":4,"enemies":"Giant Head","floor":44,"turns":6},{"damage":0,"enemies":"4 Shapes","floor":46,"turns":8},{"damage":0,"enemies":"Sphere and 2 Shapes","floor":48,"turns":6},{"damage":33,"enemies":"Donu and Deca","floor":50,"turns":9},{"damage":69,"enemies":"Time Eater","floor":51,"turns":14}],"seed_played":"-8773509256182704639","potions_obtained":[{"floor":3.0,"key":"SteroidPotion"},{"floor":14.0,"key":"FearPotion"},{"floor":16.0,"key":"PowerPotion"},{"floor":24.0,"key":"SteroidPotion"},{"floor":31,"key":"Dexterity Potion"},{"floor":36,"key":"Dexterity Potion"}],"is_trial":false,"path_per_floor":["M","?","M","T","$","R","?","R","T","E","?","R","M","M","R","B",null,"M","?","M","$","?","R","E","M","T","R","$","R","?","M","R","B",null,"M","M","T","?","$","E","R","M","T","E","$","M","R","M","R","B","B",null],"character_chosen":"DEFECT","items_purchased":["Go for the Eyes","Scrape","Secret Weapon","Deep Breath","Hologram","War Paint","Violence","Weak Potion"],"campfire_rested":1,"item_purchase_floors":[5,28,39,39,39,45,45,45],"current_hp_per_floor":[63,63,58,58,58,58,58,58,58,28,28,28,28,28,28,16,57,51,51,51,51,51,51,58,56,56,56,56,56,56,63,63,71,71,71,71,71,71,71,23,23,9,9,12,12,26,26,40,61,45,8],"gold":105,"neow_bonus":"BOSS_RELIC","is_prod":false,"is_daily":false,"chose_seed":false,"campfire_upgraded":10,"win_rate":0,"timestamp":1566930135,"path_taken":["M","?","M","?","$","R","?","R","T","E","?","R","?","M","R","BOSS","M","?","?","$","?","R","E","M","T","R","$","R","?","M","R","BOSS","M","?","?","?","$","E","R","?","T","E","?","M","R","M","R","BOSS","BOSS"],"build_version":"2019-07-17","purchased_purges":0,"victory":true,"max_hp_per_floor":[71,71,71,71,71,71,71,71,71,71,71,71,71,71,71,71,71,71,71,71,71,71,71,71,71,71,71,71,71,71,71,71,71,71,71,71,71,71,71,71,71,71,71,71,71,71,71,71,71,71,71],"card_choices":[{"not_picked":["Go for the Eyes","Beam Cell"],"picked":"Chill","floor":1.0},{"not_picked":["Static Discharge","Lockon","Sweeping Beam"],"picked":"SKIP","floor":3.0},{"not_picked":["Rip and Tear","Compile Driver"],"picked":"Gash","floor":10.0},{"not_picked":["Double Energy","Beam Cell"],"picked":"Steam","floor":13.0},{"not_picked":["Sweeping Beam","Redo","Cold Snap"],"picked":"SKIP","floor":14.0},{"not_picked":["Fission","Electrodynamics"],"picked":"Seek","floor":16.0},{"not_picked":["Beam Cell+1","Coolheaded+1"],"picked":"Glacier","floor":18.0},{"not_picked":["Stack","Lockon"],"picked":"Self Repair","floor":20.0},{"not_picked":["Ball Lightning+1","Turbo"],"picked":"Gash","floor":24.0},{"not_picked":["Ball Lightning","Undo","Self Repair"],"picked":"SKIP","floor":25.0},{"not_picked":["Consume","BootSequence"],"picked":"Stack","floor":31},{"not_picked":["Capacitor","Rip and Tear","Sweeping Beam+1"],"picked":"SKIP","floor":35},{"not_picked":["Tempest","Barrage+1"],"picked":"Gash+1","floor":36},{"not_picked":["Rainbow","Hello World"],"picked":"Echo Form","floor":40},{"not_picked":["Skim","Tempest+1","Conserve Battery"],"picked":"SKIP","floor":42},{"not_picked":["Storm+1","Chaos+1"],"picked":"Stack+1","floor":44},{"not_picked":["Hologram","Turbo","Darkness"],"picked":"SKIP","floor":46},{"not_picked":["Streamline","Rainbow","Chaos+1"],"picked":"SKIP","floor":48},{"not_picked":["Rebound","Ball Lightning"],"picked":"Steam","floor":49}],"player_experience":192340,"relics_obtained":[{"floor":4.0,"key":"Darkstone Periapt"},{"floor":9.0,"key":"MawBank"},{"floor":10.0,"key":"Dream Catcher"},{"floor":24.0,"key":"Pantograph"},{"floor":26.0,"key":"Blue Candle"},{"floor":37,"key":"Peace Pipe"},{"floor":40,"key":"Old Coin"},{"floor":43,"key":"Centennial Puzzle"},{"floor":44,"key":"Smiling Mask"}],"event_choices":[{"cards_removed":["Strike_B"],"damage_healed":0.0,"max_hp_gain":0.0,"max_hp_loss":0.0,"gold_gain":0.0,"event_name":"The Cleric","player_choice":"Card Removal","floor":2.0,"gold_loss":75.0,"damage_taken":0.0},{"damage_healed":0.0,"max_hp_gain":0.0,"max_hp_loss":0.0,"gold_gain":0.0,"cards_transformed":["Strike_B"],"event_name":"Living Wall","player_choice":"Change","floor":7.0,"gold_loss":0.0,"damage_taken":0.0,"cards_obtained":["Chill"]},{"damage_healed":0.0,"max_hp_gain":0.0,"max_hp_loss":0.0,"gold_gain":0.0,"cards_transformed":["Strike_B"],"event_name":"Transmorgrifier","player_choice":"Transformed","floor":11.0,"gold_loss":0.0,"damage_taken":0.0,"cards_obtained":["Scrape"]},{"damage_healed":0.0,"max_hp_gain":0.0,"max_hp_loss":0.0,"gold_gain":0.0,"event_name":"Designer","player_choice":"Upgrade","floor":19.0,"gold_loss":50.0,"damage_taken":0.0,"cards_upgraded":["Seek"]},{"damage_healed":0.0,"max_hp_gain":0.0,"max_hp_loss":0.0,"gold_gain":0.0,"event_name":"Drug Dealer","player_choice":"Inject Mutagens","floor":22.0,"gold_loss":0.0,"damage_taken":0.0,"relics_obtained":["MutagenicStrength"]},{"damage_healed":0,"gold_gain":0,"player_choice":"0 cards matched","damage_taken":0,"max_hp_gain":0,"max_hp_loss":0,"event_name":"Match and Keep!","floor":30,"gold_loss":0,"cards_obtained":[]},{"damage_healed":0,"gold_gain":0,"cards_transformed":["Chill"],"player_choice":"Transformed","damage_taken":0,"max_hp_gain":0,"max_hp_loss":0,"event_name":"Transmorgrifier","floor":38,"gold_loss":0,"cards_obtained":["Turbo"]}],"is_beta":false,"boss_relics":[{"not_picked":["Tiny House","Lizard Tail"],"picked":"Pandora\u0027s Box"},{"not_picked":["Philosopher\u0027s Stone","Coffee Dripper","Runic Dome"]}],"items_purged_floors":[],"is_endless":false,"potions_floor_spawned":[3,14,16,20,24,31,36,46],"ascension_level":20}