{"gold_per_floor":[110,110,110,35,50,82,95,106,106,61,61,76,76,76,76,150,150,168,168,180,16,16,16],"floor_reached":23,"playtime":879,"items_purged":["Strike_G"],"score":385,"play_id":"2538da1f-2644-440a-89b4-79b87a9c91e9","local_time":"20190521022014","is_ascension_mode":true,"campfire_choices":[{"data":"Neutralize","floor":11,"key":"SMITH"},{"data":"Choke","floor":13,"key":"SMITH"},{"data":"Cloak And Dagger","floor":15,"key":"SMITH"}],"neow_cost":"NONE","seed_source_timestamp":615750141044100,"circlet_count":0,"master_deck":["AscendersBane","Defend_G+1","Defend_G","Defend_G+1","Defend_G+1","Defend_G","Strike_G","Strike_G","Strike_G+1","Survivor","Neutralize+1","Distraction","Dodge and Roll","PiercingWail","Infinite Blades","Choke+1","Cloak And Dagger+1","Adrenaline","Footwork","Flechettes","Footwork","Decay"],"relics":["Ring of the Snake","NeowsBlessing","War Paint","Potion Belt","Lizard Tail","Unceasing Top"],"potions_floor_usage":[6,12,12,18,23],"damage_taken":[{"damage":0,"enemies":"Jaw Worm","floor":1,"turns":1},{"damage":0,"enemies":"Cultist","floor":5,"turns":1},{"damage":0,"enemies":"Lagavulin","floor":6,"turns":1},{"damage":0,"enemies":"2 Louse","floor":7,"turns":2},{"damage":1,"enemies":"Blue Slaver","floor":8,"turns":5},{"damage":0,"enemies":"Looter","floor":10,"turns":5},{"damage":1,"enemies":"Exordium Thugs","floor":12,"turns":8},{"damage":36,"enemies":"Hexaghost","floor":16,"turns":17},{"damage":12,"enemies":"Spheric Guardian","floor":18,"turns":6},{"damage":32,"enemies":"3 Byrds","floor":20,"turns":7},{"damage":70,"enemies":"Slavers","floor":23,"turns":5}],"seed_played":"3582935664283415219","potions_obtained":[{"floor":1,"key":"Block Potion"},{"floor":5,"key":"Energy Potion"},{"floor":6,"key":"Fruit Juice"},{"floor":8,"key":"EssenceOfSteel"},{"floor":16,"key":"GamblersBrew"},{"floor":20,"key":"Regen Potion"}],"is_trial":false,"path_per_floor":["M","?","$","?","M","E","M","M","T","M","R","M","R","$","R","B",null,"M","T","M","$","?","E"],"character_chosen":"THE_SILENT","items_purchased":["Footwork"],"campfire_rested":0,"item_purchase_floors":[21],"current_hp_per_floor":[59,39,39,39,39,44,44,43,43,43,43,42,42,42,42,6,55,43,43,11,11,11,0],"gold":16,"neow_bonus":"THREE_ENEMY_KILL","is_prod":false,"is_daily":false,"chose_seed":false,"campfire_upgraded":3,"win_rate":0,"timestamp":1558398014,"path_taken":["M","?","$","?","M","E","M","M","T","M","R","?","R","$","R","BOSS","M","?","?","$","?","E"],"build_version":"2019-01-23","purchased_purges":1,"victory":false,"max_hp_per_floor":[66,66,66,66,66,71,71,71,71,71,71,71,71,71,71,71,71,71,71,71,71,71,71],"card_choices":[{"not_picked":["Choke","Concentrate","Outmaneuver"],"picked":"SKIP","floor":1},{"not_picked":["Masterful Stab","Deflect"],"picked":"Distraction","floor":5},{"not_picked":["Prepared","Concentrate"],"picked":"Dodge and Roll","floor":6},{"not_picked":["Storm of Steel","Cloak And Dagger"],"picked":"PiercingWail","floor":7},{"not_picked":["Bane","Sucker Punch"],"picked":"Infinite Blades","floor":8},{"not_picked":["Underhanded Strike","Dodge and Roll"],"picked":"Choke","floor":10},{"not_picked":["Bouncing Flask","Blade Dance"],"picked":"Cloak And Dagger","floor":12},{"not_picked":["Die Die Die","Phantasmal Killer"],"picked":"Adrenaline","floor":16},{"not_picked":["Underhanded Strike","Slice"],"picked":"Footwork","floor":18},{"not_picked":["Slice","Cloak And Dagger"],"picked":"Flechettes","floor":20}],"player_experience":1185597,"relics_obtained":[{"floor":6,"key":"War Paint"},{"floor":9,"key":"Potion Belt"},{"floor":19,"key":"Unceasing Top"}],"event_choices":[{"damage_healed":0,"gold_gain":0,"player_choice":"Entered Light","damage_taken":20,"max_hp_gain":0,"max_hp_loss":0,"event_name":"Shining Light","floor":2,"gold_loss":0,"cards_upgraded":["Defend_G","Strike_G"]},{"cards_removed":["Strike_G"],"damage_healed":0,"gold_gain":0,"player_choice":"Card Removal","damage_taken":0,"max_hp_gain":0,"max_hp_loss":0,"event_name":"The Cleric","floor":4,"gold_loss":75},{"damage_healed":0,"gold_gain":0,"player_choice":"Smashed Altar","damage_taken":0,"max_hp_gain":0,"max_hp_loss":0,"event_name":"Forgotten Altar","floor":22,"gold_loss":0,"cards_obtained":["Decay"]}],"is_beta":false,"boss_relics":[{"not_picked":["Sozu","Orrery"],"picked":"Lizard Tail"}],"items_purged_floors":[21],"is_endless":false,"potions_floor_spawned":[1,5,6,8,16,20],"killed_by":"Slavers","ascension_level":16}