{"path_per_floor":["M","?","?","M","$","R","E","R","T","R","M","?","M","M","R","B",null,"M","?","M","$","M","R","M","M","T","$","M"],"character_chosen":"IRONCLAD","items_purchased":["Vajra","Pummel"],"gold_per_floor":[118,68,68,87,12,12,45,45,45,45,64,239,252,264,264,367,367,387,387,398,105,125,125,141,157,157,32,49],"floor_reached":29,"campfire_rested":0,"playtime":2711,"current_hp_per_floor":[79,79,63,71,71,71,41,41,41,41,40,40,46,54,54,12,80,62,62,47,47,40,40,7,9,9,9,17],"items_purged":["Defend_R","Doubt","Strike_R"],"gold":49,"play_id":"c7f88ad5-041c-4178-a099-4615984522d9","is_prod":false,"is_daily":false,"is_ascension_mode":true,"campfire_upgraded":5,"path_taken":["M","?","?","M","$","R","E","R","T","R","M","?","?","M","R","BOSS","M","?","M","$","M","R","M","M","T","?","M","?"],"build_version":"2018-01-25-PROD3","purchased_purges":3,"victory":false,"master_deck":["Strike_R","Strike_R","Strike_R","Defend_R+1","Defend_R","Defend_R","Bash+1","Headbutt+1","Pommel Strike+1","Dropkick+1","Shrug It Off+1","Demon Form+1","Carnage+1","Pummel","Whirlwind","Warcry","Sword Boomerang+1"],"max_hp_per_floor":[80,80,80,80,80,80,80,80,80,80,80,80,80,80,80,80,80,80,80,80,80,80,80,80,80,80,80,80],"relics":["Burning Blood","Blood Vial","Champion Belt","Bottled Flame","Black Star","Vajra","Matryoshka"],"card_choices":[{"not_picked":["Anger","Armaments"],"picked":"Headbutt"},{"not_picked":["Iron Wave","Body Slam"],"picked":"Pommel Strike"},{"not_picked":["Cleave","Dual Wield"],"picked":"Dropkick"},{"not_picked":["Evolve","Heavy Blade"],"picked":"Shrug It Off"},{"not_picked":["Limit Break","Impervious"],"picked":"Demon Form"},{"not_picked":["Inflame","Twin Strike"],"picked":"Carnage"},{"not_picked":["Disarm","Intimidate"],"picked":"Whirlwind"},{"not_picked":["Armaments","Intimidate"],"picked":"Warcry"},{"not_picked":["Battle Trance","Blood for Blood"],"picked":"Sword Boomerang"}],"player_experience":140852,"potions_floor_usage":[16,25,25,29],"damage_taken":[{"damage":7,"enemies":"2 Louse","floor":1,"turns":4},{"damage":0,"enemies":"Small Slimes","floor":4,"turns":3},{"damage":38,"enemies":"3 Sentries","floor":7,"turns":8},{"damage":9,"enemies":"Jaw Worm","floor":11,"turns":2},{"damage":2,"enemies":"2 Fungi Beasts","floor":13,"turns":3},{"damage":0,"enemies":"Large Slime","floor":14,"turns":4},{"damage":50,"enemies":"The Guardian","floor":16,"turns":10},{"damage":24,"enemies":"3 Byrds","floor":18,"turns":5},{"damage":23,"enemies":"Chosen","floor":20,"turns":4},{"damage":15,"enemies":"Snecko","floor":22,"turns":4},{"damage":41,"enemies":"Centurion and Healer","floor":24,"turns":5},{"damage":6,"enemies":"3 Cultists","floor":25,"turns":4},{"damage":0,"enemies":"Chosen and Byrds","floor":28,"turns":5},{"damage":20,"enemies":"Snecko","floor":29,"turns":3}],"event_choices":[{"event_name":"The Cleric","player_choice":"Card Removal","floor":2,"damage_taken":0},{"event_name":"Shining Light","player_choice":"Entered Light","floor":3,"damage_taken":0},{"event_name":"Liars Game","player_choice":"agreed","floor":12,"damage_taken":0},{"event_name":"Accursed Blacksmith","player_choice":"Forge","floor":19,"damage_taken":0}],"boss_relics":[{"not_picked":["Runic Pyramid","Tiny House"],"picked":"Black Star"}],"potions_floor_spawned":[4,13,16,20,22,24],"seed_played":"153646319566139367","killed_by":"Snecko","ascension_level":3,"is_trial":false}