{"gold_per_floor":[119,44,55,55,72,101,101,117,167,167,167,167,197],"floor_reached":13,"playtime":214,"items_purged":["Strike_B"],"score":154,"play_id":"8a69a1d3-5f13-4572-8a55-3dd27f1d5a28","local_time":"20190729020705","is_ascension_mode":true,"campfire_choices":[{"data":"Zap","floor":7,"key":"SMITH"},{"data":"Redo","floor":10,"key":"SMITH"},{"data":"Conserve Battery","floor":12,"key":"SMITH"}],"neow_cost":"NONE","seed_source_timestamp":198784891934700,"circlet_count":0,"master_deck":["AscendersBane","Strike_B","Strike_B","Defend_B","Defend_B","Defend_B","Defend_B","Zap+1","Dualcast","Cold Snap","Redo+1","Gash","Conserve Battery+1","Static Discharge"],"relics":["Cracked Core","NeowsBlessing","Matryoshka","Pear","Bronze Scales"],"potions_floor_usage":[],"damage_taken":[{"damage":0,"enemies":"Cultist","floor":1,"turns":1},{"damage":0,"enemies":"Small Slimes","floor":3,"turns":1},{"damage":0,"enemies":"Jaw Worm","floor":5,"turns":1},{"damage":36,"enemies":"Gremlin Nob","floor":6,"turns":5},{"damage":0,"enemies":"2 Fungi Beasts","floor":8,"turns":2},{"damage":49,"enemies":"Gremlin Nob","floor":13,"turns":4}],"seed_played":"6322963719806460493","potions_obtained":[{"floor":3,"key":"Ancient Potion"}],"is_trial":false,"path_per_floor":["M","$","M","$","M","E","R","M","T","R","?","R","?"],"character_chosen":"DEFECT","items_purchased":[],"campfire_rested":0,"item_purchase_floors":[],"current_hp_per_floor":[64,64,64,64,64,28,28,28,38,38,31,31,0],"gold":197,"neow_bonus":"THREE_ENEMY_KILL","is_prod":false,"is_daily":false,"chose_seed":false,"campfire_upgraded":3,"win_rate":0,"timestamp":1564358825,"path_taken":["M","$","M","$","?","E","R","M","T","R","?","R","?"],"build_version":"2019-07-17","purchased_purges":1,"victory":false,"max_hp_per_floor":[71,71,71,71,71,71,71,71,81,81,81,81,81],"card_choices":[{"not_picked":["Coolheaded","Go for the Eyes"],"picked":"Cold Snap","floor":1},{"not_picked":["Rebound","Double Energy"],"picked":"Redo","floor":3},{"not_picked":["Double Energy","Compile Driver"],"picked":"Gash","floor":5},{"not_picked":["Chill","Recycle"],"picked":"Conserve Battery","floor":6},{"not_picked":["Aggregate","Doom and Gloom"],"picked":"Static Discharge","floor":8}],"player_experience":1760567,"relics_obtained":[{"floor":6,"key":"Matryoshka"},{"floor":9,"key":"Pear"},{"floor":9,"key":"Bronze Scales"}],"event_choices":[{"cards_removed":["Strike_B"],"damage_healed":0,"gold_gain":0,"player_choice":"Card Removal","damage_taken":7,"max_hp_gain":0,"max_hp_loss":0,"event_name":"Golden Wing","floor":11,"gold_loss":0},{"damage_healed":0,"gold_gain":30,"player_choice":"Searched \u00272\u0027 times","damage_taken":0,"max_hp_gain":0,"max_hp_loss":0,"event_name":"Dead Adventurer","floor":13,"gold_loss":0}],"is_beta":false,"boss_relics":[],"items_purged_floors":[2],"is_endless":false,"potions_floor_spawned":[3],"killed_by":"Gremlin Nob","ascension_level":17}