{"gold_per_floor":[118,43,43,118,18,34,34,54,100,113,139,156,156,167,167,264,264,276,276,288,648,666,666,765,765,833,868,868,793,408,408,408,503,503,520,539,539,249,259,259,35,35,89,89,89,105,115,115,115,115],"floor_reached":51,"playtime":2445,"items_purged":["Strike_B","Strike_B","Reinforced Body","Dualcast+1","Zap+1"],"score":763,"play_id":"d1f2d7f0-4b26-4612-bd7f-7503ff70d46d","local_time":"20191008021511","is_ascension_mode":false,"campfire_choices":[{"data":"Zap","floor":7.0,"key":"SMITH"},{"data":"Scrape","floor":13.0,"key":"SMITH"},{"data":"Dualcast","floor":15.0,"key":"SMITH"},{"data":"All For One","floor":23.0,"key":"SMITH"},{"data":"Steam","floor":25.0,"key":"SMITH"},{"floor":28.0,"key":"REST"},{"data":"Steam","floor":32.0,"key":"SMITH"},{"data":"Secret Weapon","floor":40.0,"key":"SMITH"},{"data":"Madness","floor":45.0,"key":"SMITH"},{"data":"Steam","floor":49.0,"key":"SMITH"}],"neow_cost":"NONE","seed_source_timestamp":213198308382505,"circlet_count":0,"master_deck":["Defend_B+1","Defend_B+1","Scrape+1","Steam+1","Gash","Steam","All For One+1","BootSequence","Gash+1","Steam+1","Bandage Up+1","Go for the Eyes+1","Scrape+1","FTL+1","Secret Weapon+1","Steam+1","Madness+1","Madness+1","Hologram+1"],"special_seed":0,"relics":["Cracked Core","Pen Nib","Incense Burner","Calling Bell","War Paint","Molten Egg 2","Turnip","Darkstone Periapt","Anchor","PrismaticShard","Matryoshka","Orrery","Cables","Bronze Scales"],"potions_floor_usage":[50,50,50],"damage_taken":[{"damage":0.0,"enemies":"Small Slimes","floor":1.0,"turns":3.0},{"damage":0.0,"enemies":"Jaw Worm","floor":6.0,"turns":3.0},{"damage":0.0,"enemies":"Cultist","floor":8.0,"turns":3.0},{"damage":0.0,"enemies":"Blue Slaver","floor":10.0,"turns":3.0},{"damage":5.0,"enemies":"Lagavulin","floor":11.0,"turns":8.0},{"damage":0.0,"enemies":"Looter","floor":12.0,"turns":3.0},{"damage":0.0,"enemies":"Red Slaver","floor":14.0,"turns":4.0},{"damage":47.0,"enemies":"Slime Boss","floor":16.0,"turns":14.0},{"damage":0.0,"enemies":"3 Byrds","floor":18.0,"turns":4.0},{"damage":4.0,"enemies":"2 Thieves","floor":20.0,"turns":4.0},{"damage":0.0,"enemies":"Shelled Parasite and Fungi","floor":22.0,"turns":4.0},{"damage":14.0,"enemies":"Gremlin Leader","floor":27.0,"turns":7.0},{"damage":21.0,"enemies":"Automaton","floor":33.0,"turns":8.0},{"damage":6.0,"enemies":"Orb Walker","floor":35.0,"turns":4.0},{"damage":8.0,"enemies":"3 Darklings","floor":36.0,"turns":5.0},{"damage":5.0,"enemies":"Sphere and 2 Shapes","floor":39.0,"turns":7.0},{"damage":0.0,"enemies":"Writhing Mass","floor":46.0,"turns":4.0},{"damage":0.0,"enemies":"Transient","floor":47.0,"turns":4.0},{"damage":10,"enemies":"Awakened One","floor":50,"turns":7}],"seed_played":"-451962609670006521","potions_obtained":[{"floor":1.0,"key":"GamblersBrew"},{"floor":11.0,"key":"Swift Potion"},{"floor":12.0,"key":"Ancient Potion"},{"floor":14.0,"key":"Strength Potion"},{"floor":36.0,"key":"Strength Potion"},{"floor":47.0,"key":"Strength Potion"}],"is_trial":false,"path_per_floor":["M","$","?","?","$","M","R","M","T","M","E","M","R","M","R","B",null,"M","?","M","?","M","R","?","R","T","E","R","?","$","T","R","B",null,"M","M","?","$","M","R","$","?","T","?","R","M","M","?","R","B",null],"character_chosen":"DEFECT","items_purchased":["PrismaticShard","Steam","Scrape+1","FTL+1","Steam"],"campfire_rested":1,"item_purchase_floors":[30,30,38,38,41],"current_hp_per_floor":[75,75,75,68,68,68,68,68,68,68,63,63,63,63,63,16,75,75,75,71,36,36,36,36,36,36,22,44,44,44,44,44,23,75,75,73,73,73,70,70,70,61,61,61,61,67,73,73,73,69],"gold":115,"neow_bonus":"REMOVE_CARD","is_prod":false,"is_daily":false,"chose_seed":false,"campfire_upgraded":9,"win_rate":0,"timestamp":1570526111,"path_taken":["M","$","?","?","$","M","R","M","T","?","E","M","R","M","R","BOSS","M","?","M","?","?","R","?","R","T","E","R","?","$","?","R","BOSS","M","M","?","$","M","R","$","?","T","?","R","?","?","?","R","BOSS"],"build_version":"2019-07-17","purchased_purges":5,"victory":true,"max_hp_per_floor":[75,75,75,75,75,75,75,75,75,75,75,75,75,75,75,75,75,75,75,75,75,75,75,75,75,75,75,75,75,75,75,75,75,75,75,75,75,75,75,75,75,75,75,75,75,75,75,75,75,75],"card_choices":[{"not_picked":["Double Energy","Gash"],"picked":"Reinforced Body","floor":1.0},{"not_picked":["Coolheaded","Auto Shields"],"picked":"Steam","floor":6.0},{"not_picked":["Stack","Redo","Aggregate"],"picked":"SKIP","floor":8.0},{"not_picked":["Coolheaded","White Noise"],"picked":"Gash","floor":10.0},{"not_picked":["Redo","Barrage"],"picked":"Steam","floor":11.0},{"not_picked":["Tempest","Conserve Battery","Rebound"],"picked":"SKIP","floor":12.0},{"not_picked":["Storm","Undo","Sweeping Beam"],"picked":"SKIP","floor":14.0},{"not_picked":["Rainbow","Multi-Cast"],"picked":"All For One","floor":16.0},{"not_picked":["Aggregate","Storm","Rip and Tear+1"],"picked":"SKIP","floor":18.0},{"not_picked":["Compile Driver+1","Lockon+1"],"picked":"BootSequence","floor":20.0},{"not_picked":["Reinforced Body","Melter+1","Heatsinks"],"picked":"SKIP","floor":22.0},{"not_picked":["Stack+1","Hologram"],"picked":"Gash+1","floor":27.0},{"not_picked":["Limit Break","Phantasmal Killer"],"picked":"Offering","floor":33.0},{"not_picked":["Tempest","Masterful Stab+1"],"picked":"Bandage Up+1","floor":34.0},{"not_picked":["Streamline+1","Blood for Blood+1"],"picked":"Go for the Eyes+1","floor":34.0},{"not_picked":["Spot Weakness","Quick Slash+1","Flying Knee+1"],"picked":"SKIP","floor":35.0},{"not_picked":["Aggregate","Prepared","Barrage+1"],"picked":"SKIP","floor":36.0},{"not_picked":["Underhanded Strike+1","Burning Pact+1"],"picked":"Secret Weapon","floor":39.0},{"not_picked":["Streamline+1","Crippling Poison"],"picked":"Hologram+1","floor":46.0},{"not_picked":["FTL+1","Caltrops","Stack"],"picked":"SKIP","floor":47.0}],"player_experience":358562,"relics_obtained":[{"floor":9.0,"key":"Pen Nib"},{"floor":11.0,"key":"Incense Burner"},{"floor":17.0,"key":"War Paint"},{"floor":17.0,"key":"Molten Egg 2"},{"floor":17.0,"key":"Turnip"},{"floor":26.0,"key":"Darkstone Periapt"},{"floor":27.0,"key":"Anchor"},{"floor":31.0,"key":"Matryoshka"},{"floor":43.0,"key":"Cables"},{"floor":43.0,"key":"Bronze Scales"}],"event_choices":[{"damage_healed":0.0,"max_hp_gain":0.0,"max_hp_loss":0.0,"gold_gain":0.0,"cards_transformed":["Strike_B"],"event_name":"Living Wall","player_choice":"Change","floor":3.0,"gold_loss":0.0,"damage_taken":0.0,"cards_obtained":["Scrape"]},{"damage_healed":0.0,"max_hp_gain":0.0,"max_hp_loss":0.0,"gold_gain":75.0,"event_name":"FaceTrader","player_choice":"Touch","floor":4.0,"gold_loss":0.0,"damage_taken":7.0},{"cards_removed":["Defend_B"],"damage_healed":0.0,"max_hp_gain":0.0,"max_hp_loss":0.0,"gold_gain":0.0,"event_name":"Back to Basics","player_choice":"Elegance","floor":19.0,"gold_loss":0.0,"damage_taken":0.0},{"damage_healed":0.0,"max_hp_gain":0.0,"max_hp_loss":0.0,"gold_gain":360.0,"event_name":"Knowing Skull","player_choice":"GOLD GOLD GOLD GOLD ","floor":21.0,"potions_obtained":[],"gold_loss":0.0,"damage_taken":35.0,"cards_obtained":[]},{"damage_healed":0.0,"max_hp_gain":0.0,"max_hp_loss":0.0,"gold_gain":99.0,"event_name":"Nest","player_choice":"Stole From Cult","floor":24.0,"gold_loss":0.0,"damage_taken":0.0},{"cards_removed":["Defend_B"],"damage_healed":0.0,"max_hp_gain":0.0,"max_hp_loss":0.0,"gold_gain":0.0,"event_name":"Beggar","player_choice":"Gave Gold","floor":29.0,"gold_loss":75.0,"damage_taken":0.0},{"cards_removed":["Offering"],"damage_healed":0.0,"max_hp_gain":0.0,"max_hp_loss":0.0,"gold_gain":0.0,"event_name":"Falling","player_choice":"Removed Skill","floor":37.0,"gold_loss":0.0,"damage_taken":0.0},{"damage_healed":0.0,"max_hp_gain":0.0,"max_hp_loss":0.0,"gold_gain":0.0,"event_name":"Winding Halls","player_choice":"Embrace Madness","floor":42.0,"gold_loss":0.0,"damage_taken":9.0,"cards_obtained":["Madness","Madness"]},{"damage_healed":0.0,"max_hp_gain":0.0,"max_hp_loss":0.0,"gold_gain":0.0,"event_name":"Lab","player_choice":"Got Potions","floor":44.0,"gold_loss":0.0,"damage_taken":0.0},{"damage_healed":0.0,"max_hp_gain":0.0,"max_hp_loss":0.0,"gold_gain":0.0,"event_name":"Upgrade Shrine","player_choice":"Upgraded","floor":48.0,"gold_loss":0.0,"damage_taken":0.0,"cards_upgraded":["Madness"]}],"is_beta":false,"boss_relics":[{"not_picked":["Inserter","Philosopher\u0027s Stone"],"picked":"Calling Bell"},{"not_picked":["Lizard Tail","Snecko Eye"],"picked":"Orrery"}],"items_purged_floors":[2,5,30,38,41],"is_endless":false,"potions_floor_spawned":[1,11,12,14,20,27,36,46,47],"ascension_level":0}