{"gold_per_floor":[117,128,138,138,152,152,163,163,163,191,213,230,230,264,264,363,363,383,383,308,318,318,318,344,344,344,344,356,456,488,498,498,594,594,604,604,624,303,321,321,321,221,245,245,245,257,257,137,137,137],"floor_reached":51,"playtime":2781,"items_purged":["Bite","Defend_G","Deadly Poison+1","Defend_G"],"score":778,"play_id":"1b423d69-4f6a-4ffe-b26e-35377d7f977a","local_time":"20190925212052","is_ascension_mode":true,"campfire_choices":[{"data":"Footwork","floor":6.0,"key":"SMITH"},{"data":"Neutralize","floor":8.0,"key":"SMITH"},{"data":"Deadly Poison","floor":13.0,"key":"SMITH"},{"data":"Dagger Spray","floor":15.0,"key":"SMITH"},{"data":"Predator","floor":23.0,"key":"SMITH"},{"data":"Dash","floor":25.0,"key":"SMITH"},{"data":"Dodge and Roll","floor":27.0,"key":"SMITH"},{"data":"Survivor","floor":32.0,"key":"SMITH"},{"data":"Noxious Fumes","floor":40.0,"key":"SMITH"},{"data":"Malaise","floor":44.0,"key":"SMITH"},{"data":"Backflip","floor":47.0,"key":"SMITH"},{"data":"Defend_G","floor":49,"key":"SMITH"}],"neow_cost":"NONE","seed_source_timestamp":685176553168088,"circlet_count":0,"master_deck":["Defend_G+1","Defend_G+1","Defend_G+1","Survivor+1","Neutralize+1","Predator+1","Footwork+1","Dagger Throw","Die Die Die","Dodge and Roll+1","Bite","Bite","Bite","Ghostly","Ghostly","Ghostly","Ghostly","Ghostly","Dash+1","Footwork+1","Malaise+1","Noxious Fumes+1","Backflip+1","Backflip+1"],"special_seed":0,"relics":["Ring of the Snake","NeowsBlessing","Ninja Scroll","Torii","Odd Mushroom","Mercury Hourglass","Velvet Choker","Dream Catcher","The Courier","Unceasing Top","Dodecahedron","Question Card","Sozu","Calipers","Strawberry"],"potions_floor_usage":[50],"damage_taken":[{"damage":0.0,"enemies":"Cultist","floor":1.0,"turns":1.0},{"damage":0.0,"enemies":"2 Louse","floor":2.0,"turns":1.0},{"damage":0.0,"enemies":"Jaw Worm","floor":3.0,"turns":1.0},{"damage":1.0,"enemies":"Blue Slaver","floor":5.0,"turns":4.0},{"damage":1.0,"enemies":"Looter","floor":7.0,"turns":4.0},{"damage":1.0,"enemies":"3 Sentries","floor":10.0,"turns":9.0},{"damage":9.0,"enemies":"The Mushroom Lair","floor":11.0,"turns":5.0},{"damage":1.0,"enemies":"Exordium Thugs","floor":12.0,"turns":4.0},{"damage":14.0,"enemies":"Gremlin Nob","floor":14.0,"turns":4.0},{"damage":22.0,"enemies":"Hexaghost","floor":16.0,"turns":10.0},{"damage":8.0,"enemies":"2 Thieves","floor":18.0,"turns":2.0},{"damage":7.0,"enemies":"Shell Parasite","floor":21.0,"turns":6.0},{"damage":4.0,"enemies":"Book of Stabbing","floor":24.0,"turns":7.0},{"damage":0.0,"enemies":"Centurion and Healer","floor":28.0,"turns":7.0},{"damage":2.0,"enemies":"Colosseum Slavers","floor":29.0,"turns":4.0},{"damage":4.0,"enemies":"Colosseum Nobs","floor":29.0,"turns":4.0},{"damage":1.0,"enemies":"Gremlin Leader","floor":30.0,"turns":6.0},{"damage":0.0,"enemies":"Snake Plant","floor":31.0,"turns":5.0},{"damage":14.0,"enemies":"Automaton","floor":33.0,"turns":15.0},{"damage":0.0,"enemies":"3 Shapes","floor":35.0,"turns":4.0},{"damage":0.0,"enemies":"3 Darklings","floor":37.0,"turns":7.0},{"damage":0.0,"enemies":"Spire Growth","floor":39.0,"turns":5.0},{"damage":0.0,"enemies":"Jaw Worm Horde","floor":46.0,"turns":5.0},{"damage":0,"enemies":"Time Eater","floor":50,"turns":18}],"seed_played":"-8970654372507416282","potions_obtained":[{"floor":1.0,"key":"SneckoOil"},{"floor":5.0,"key":"SmokeBomb"},{"floor":11.0,"key":"SpeedPotion"},{"floor":14.0,"key":"Weak Potion"},{"floor":21.0,"key":"GamblersBrew"},{"floor":29.0,"key":"FearPotion"},{"floor":30.0,"key":"Strength Potion"}],"is_trial":false,"path_per_floor":["M","M","M","?","M","R","M","R","T","E","?","M","R","E","R","B",null,"M","?","$","M","?","R","E","R","T","R","M","?","E","M","R","B",null,"M","?","M","$","M","R","?","$","T","R","?","M","R","$","R","B",null],"character_chosen":"THE_SILENT","items_purchased":["Calipers"],"campfire_rested":0,"item_purchase_floors":[38],"current_hp_per_floor":[70,70,70,56,55,55,54,54,54,53,44,43,43,29,29,7,70,62,49,49,44,24,24,24,24,24,24,24,24,24,24,24,24,24,24,24,24,24,24,24,23,23,30,30,30,30,30,30,30,30],"gold":137,"neow_bonus":"THREE_ENEMY_KILL","is_prod":false,"is_daily":false,"chose_seed":false,"campfire_upgraded":12,"win_rate":0,"timestamp":1569471652,"path_taken":["M","M","?","?","M","R","M","R","T","E","?","M","R","E","R","BOSS","M","?","$","M","?","R","E","R","T","R","M","?","E","M","R","BOSS","M","?","M","?","M","R","?","$","T","R","?","?","R","$","R","BOSS"],"build_version":"2019-07-17","purchased_purges":4,"victory":true,"max_hp_per_floor":[70,70,70,70,70,70,70,70,70,70,70,70,70,70,70,70,70,70,49,49,49,24,24,24,24,24,24,24,24,24,24,24,24,24,24,24,24,24,24,24,23,23,30,30,30,30,30,30,30,30],"card_choices":[{"not_picked":["Blade Dance","Flechettes","Deadly Poison"],"picked":"SKIP","floor":1.0},{"not_picked":["Blade Dance","Flechettes","Deadly Poison"],"picked":"SKIP","floor":1.0},{"not_picked":["PiercingWail","Outmaneuver"],"picked":"Predator","floor":2.0},{"not_picked":["Poisoned Stab","Well Laid Plans"],"picked":"Footwork","floor":3.0},{"not_picked":["Poisoned Stab","Deadly Poison","Underhanded Strike"],"picked":"SKIP","floor":5.0},{"not_picked":["Slice","Eviscerate"],"picked":"Dagger Throw","floor":7.0},{"not_picked":["Bouncing Flask","Blade Dance"],"picked":"Deadly Poison","floor":10.0},{"not_picked":["Deadly Poison","Dash"],"picked":"Dagger Spray","floor":11.0},{"not_picked":["Dagger Spray","PiercingWail","Blade Dance"],"picked":"SKIP","floor":12.0},{"not_picked":["Flying Knee","Endless Agony"],"picked":"Die Die Die","floor":14.0},{"not_picked":["Dagger Throw","Quick Slash"],"picked":"Dodge and Roll","floor":18.0},{"not_picked":["Blade Dance+1","Underhanded Strike","Finisher"],"picked":"SKIP","floor":21.0},{"not_picked":["Predator","Dagger Throw+1"],"picked":"Dash","floor":24.0},{"not_picked":["Underhanded Strike","Dodge and Roll","Setup+1"],"picked":"SKIP","floor":28.0},{"not_picked":["Underhanded Strike","Dodge and Roll","Setup+1"],"picked":"SKIP","floor":28.0},{"not_picked":["Deflect","Tools of the Trade"],"picked":"Footwork+1","floor":30.0},{"not_picked":["Calculated Gamble","Crippling Poison","Underhanded Strike","Flechettes"],"picked":"SKIP","floor":31.0},{"not_picked":["Doppelganger","Corpse Explosion","Venomology"],"picked":"Malaise","floor":33.0},{"not_picked":["Dodge and Roll+1","PiercingWail","Prepared","Dagger Throw"],"picked":"SKIP","floor":35.0},{"not_picked":["Deflect","Dagger Throw+1","Deadly Poison"],"picked":"Noxious Fumes","floor":37.0},{"not_picked":["Dagger Throw","Underhanded Strike","Dagger Spray+1"],"picked":"Backflip+1","floor":39.0},{"not_picked":["Reflex","Bouncing Flask","Sucker Punch"],"picked":"Backflip","floor":46.0}],"player_experience":231637,"relics_obtained":[{"floor":9.0,"key":"Ninja Scroll"},{"floor":10.0,"key":"Torii"},{"floor":11.0,"key":"Odd Mushroom"},{"floor":14.0,"key":"Mercury Hourglass"},{"floor":24.0,"key":"Dream Catcher"},{"floor":26.0,"key":"The Courier"},{"floor":29.0,"key":"Unceasing Top"},{"floor":29.0,"key":"Dodecahedron"},{"floor":30.0,"key":"Question Card"},{"floor":43.0,"key":"Strawberry"}],"event_choices":[{"damage_healed":0.0,"max_hp_gain":0.0,"max_hp_loss":0.0,"gold_gain":0.0,"event_name":"Shining Light","player_choice":"Entered Light","floor":4.0,"gold_loss":0.0,"damage_taken":14.0,"cards_upgraded":["Defend_G","Defend_G"]},{"damage_healed":0.0,"max_hp_gain":0.0,"max_hp_loss":0.0,"gold_gain":0.0,"event_name":"Mushrooms","player_choice":"Fought Mushrooms","floor":11.0,"gold_loss":0.0,"damage_taken":0.0},{"damage_healed":0.0,"max_hp_gain":0.0,"max_hp_loss":21.0,"gold_gain":0.0,"event_name":"Vampires","player_choice":"Became a vampire","floor":19.0,"gold_loss":0.0,"damage_taken":0.0,"cards_obtained":["Bite","Bite","Bite","Bite","Bite"]},{"damage_healed":0.0,"max_hp_gain":0.0,"max_hp_loss":25.0,"gold_gain":0.0,"event_name":"Ghosts","player_choice":"Became a Ghost","floor":22.0,"gold_loss":0.0,"damage_taken":0.0,"cards_obtained":["Ghostly","Ghostly","Ghostly","Ghostly","Ghostly"]},{"damage_healed":0.0,"max_hp_gain":0.0,"max_hp_loss":0.0,"gold_gain":0.0,"event_name":"Colosseum","player_choice":"Fight","floor":29.0,"gold_loss":0.0,"damage_taken":0.0},{"damage_healed":0.0,"max_hp_gain":0.0,"max_hp_loss":0.0,"gold_gain":0.0,"event_name":"Colosseum","player_choice":"Fought Nobs","floor":29.0,"gold_loss":0.0,"damage_taken":0.0},{"cards_removed":["Bite"],"damage_healed":0.0,"max_hp_gain":0.0,"max_hp_loss":0.0,"gold_gain":0.0,"event_name":"Purifier","player_choice":"Purged","floor":36.0,"gold_loss":0.0,"damage_taken":0.0},{"damage_healed":0.0,"max_hp_gain":0.0,"max_hp_loss":1.0,"gold_gain":0.0,"event_name":"Winding Halls","player_choice":"Max HP","floor":41.0,"gold_loss":0.0,"damage_taken":0.0},{"cards_removed":["Dagger Spray"],"damage_healed":0.0,"max_hp_gain":0.0,"max_hp_loss":0.0,"gold_gain":0.0,"event_name":"Falling","player_choice":"Removed Attack","floor":45.0,"gold_loss":0.0,"damage_taken":0.0}],"is_beta":false,"boss_relics":[{"not_picked":["Orrery","Coffee Dripper"],"picked":"Velvet Choker"},{"not_picked":["Busted Crown","HoveringKite"],"picked":"Sozu"}],"items_purged_floors":[20,38,42,48],"is_endless":false,"potions_floor_spawned":[1,5,11,14,21,29,29,30,46],"ascension_level":1}