{"gold_per_floor":[110,110,127,127,143,143,169,189,189,200,200,220,220,220,220,220],"floor_reached":16,"playtime":698,"items_purged":[],"score":189,"play_id":"700db2a2-25be-4ff5-9426-f7126b03f83c","local_time":"20190703215457","is_ascension_mode":true,"campfire_choices":[{"data":"Bash","floor":6,"key":"SMITH"},{"data":"Feel No Pain","floor":11,"key":"SMITH"},{"floor":13,"key":"REST"},{"data":"Heavy Blade","floor":15,"key":"SMITH"}],"neow_cost":"NONE","seed_source_timestamp":1374125426429900,"circlet_count":0,"master_deck":["AscendersBane","Strike_R","Strike_R","Strike_R","Strike_R","Strike_R","Defend_R","Defend_R","Defend_R","Defend_R","Bash+1","Pommel Strike","Heavy Blade+1","Seeing Red","Feel No Pain+1","Shrug It Off","Anger+1"],"relics":["Burning Blood","NeowsBlessing","The Courier","Toxic Egg 2"],"potions_floor_usage":[7,7,12,12],"damage_taken":[{"damage":0,"enemies":"Cultist","floor":1,"turns":1},{"damage":0,"enemies":"Jaw Worm","floor":3,"turns":1},{"damage":0,"enemies":"2 Louse","floor":5,"turns":1},{"damage":51,"enemies":"Lagavulin","floor":7,"turns":8},{"damage":7,"enemies":"Looter","floor":8,"turns":3},{"damage":4,"enemies":"2 Fungi Beasts","floor":10,"turns":4},{"damage":39,"enemies":"Gremlin Gang","floor":12,"turns":5},{"damage":44,"enemies":"The Guardian","floor":16,"turns":7}],"seed_played":"-7096723954589086227","potions_obtained":[{"floor":1,"key":"Swift Potion"},{"floor":3,"key":"BloodPotion"},{"floor":8,"key":"Dexterity Potion"},{"floor":10,"key":"Strength Potion"}],"is_trial":false,"path_per_floor":["M","$","M","$","M","R","E","M","T","M","R","M","R","?","R","B"],"character_chosen":"IRONCLAD","items_purchased":[],"campfire_rested":1,"item_purchase_floors":[],"current_hp_per_floor":[74,74,75,75,75,75,48,47,47,49,49,16,38,38,38,0],"gold":220,"neow_bonus":"THREE_ENEMY_KILL","is_prod":false,"is_daily":false,"chose_seed":false,"campfire_upgraded":3,"win_rate":0,"timestamp":1562183697,"path_taken":["M","$","?","$","M","R","E","M","T","M","R","M","R","?","R","BOSS"],"build_version":"2019-07-01","purchased_purges":0,"victory":false,"max_hp_per_floor":[75,75,75,75,75,75,75,75,75,75,75,75,75,75,75,75],"card_choices":[{"not_picked":["Sentinel","Dual Wield"],"picked":"Pommel Strike","floor":1},{"not_picked":["Perfected Strike","Twin Strike"],"picked":"Heavy Blade","floor":3},{"not_picked":["Armaments","Sentinel"],"picked":"Seeing Red","floor":5},{"not_picked":["Twin Strike","Thunderclap"],"picked":"Feel No Pain","floor":7},{"not_picked":["Hemokinesis","Pommel Strike"],"picked":"Shrug It Off","floor":8},{"not_picked":["Iron Wave","Wild Strike"],"picked":"Anger","floor":10},{"not_picked":["Sword Boomerang","Twin Strike","Dropkick"],"picked":"SKIP","floor":12}],"player_experience":1572492,"relics_obtained":[{"floor":7,"key":"The Courier"},{"floor":9,"key":"Toxic Egg 2"}],"event_choices":[{"damage_healed":0,"gold_gain":0,"player_choice":"Forge","damage_taken":0,"max_hp_gain":0,"max_hp_loss":0,"event_name":"Accursed Blacksmith","floor":14,"gold_loss":0,"cards_upgraded":["Anger"]}],"is_beta":false,"boss_relics":[],"items_purged_floors":[],"is_endless":false,"potions_floor_spawned":[1,3,8,10],"killed_by":"The Guardian","ascension_level":17}