{"gold_per_floor":[114,39,50,50,67,67,93,93,93,93,108,143,143,161,161,259,259,274,287,298,198,297,330,330,346,346,346,346,80,91,124,124,220,220,240,340,353,45,57,86,86,98,125,0,0,0,0,10,10,10,10,10,10,40,40],"floor_reached":56,"playtime":2576,"items_purged":["Strike_B","Strike_B","Strike_B"],"score":1329,"play_id":"cd799205-d3e8-4be7-9605-e780f2a1e726","local_time":"20181119213041","is_ascension_mode":true,"campfire_choices":[{"data":"Barrage","floor":6,"key":"SMITH"},{"data":"Hologram","floor":10,"key":"SMITH"},{"floor":15,"key":"REST"},{"data":"Static Discharge","floor":24,"key":"SMITH"},{"data":"Biased Cognition","floor":27,"key":"SMITH"},{"data":"Coolheaded","floor":32,"key":"SMITH"},{"floor":41,"key":"RECALL"},{"data":"Static Discharge","floor":45,"key":"SMITH"},{"data":"Loop","floor":47,"key":"SMITH"},{"data":"Static Discharge","floor":49,"key":"SMITH"},{"data":"Multi-Cast","floor":52,"key":"SMITH"}],"neow_cost":"NONE","seed_source_timestamp":169813338685991,"circlet_count":0,"master_deck":["Defend_B","Defend_B","Defend_B","Defend_B","Zap","Dualcast","White Noise","Hologram+1","Barrage+1","Streamline+1","Static Discharge+1","Coolheaded+1","All For One+1","Turbo","Biased Cognition+1","Gash","Glacier","Glacier","Conserve Battery","Conserve Battery","Thunder Strike+1","Static Discharge+1","Ball Lightning+1","Multi-Cast+1","Hologram+1","Doom and Gloom","Static Discharge+1","Loop+1","Darkness+1","Melter","Lockon+1","Glacier+1"],"relics":["Cracked Core","PreservedInsect","Darkstone Periapt","Mercury Hourglass","Bag of Marbles","Snecko Eye","Happy Flower","Symbiotic Virus","Pen Nib","Inserter","Turnip","Whetstone","Blood Vial","Red Mask","Centennial Puzzle"],"potions_floor_usage":[33,42,50,55],"damage_taken":[{"damage":0,"enemies":"Small Slimes","floor":1,"turns":3},{"damage":1,"enemies":"Jaw Worm","floor":3,"turns":4},{"damage":0,"enemies":"2 Louse","floor":5,"turns":2},{"damage":22,"enemies":"3 Sentries","floor":7,"turns":6},{"damage":3,"enemies":"Gremlin Gang","floor":11,"turns":3},{"damage":21,"enemies":"Lagavulin","floor":12,"turns":4},{"damage":7,"enemies":"Large Slime","floor":14,"turns":4},{"damage":22,"enemies":"The Guardian","floor":16,"turns":9},{"damage":11,"enemies":"Shell Parasite","floor":18,"turns":3},{"damage":3,"enemies":"2 Thieves","floor":19,"turns":3},{"damage":3,"enemies":"Centurion and Healer","floor":20,"turns":4},{"damage":8,"enemies":"Gremlin Leader","floor":23,"turns":4},{"damage":1,"enemies":"Snake Plant","floor":25,"turns":3},{"damage":8,"enemies":"Snecko","floor":30,"turns":3},{"damage":0,"enemies":"Book of Stabbing","floor":31,"turns":3},{"damage":19,"enemies":"Champ","floor":33,"turns":11},{"damage":0,"enemies":"3 Darklings","floor":35,"turns":5},{"damage":0,"enemies":"Mind Bloom Boss Battle","floor":36,"turns":7},{"damage":0,"enemies":"3 Shapes","floor":37,"turns":3},{"damage":16,"enemies":"3 Darklings","floor":39,"turns":3},{"damage":3,"enemies":"Giant Head","floor":40,"turns":3},{"damage":0,"enemies":"Sphere and 2 Shapes","floor":42,"turns":3},{"damage":0,"enemies":"4 Shapes","floor":48,"turns":2},{"damage":52,"enemies":"Donu and Deca","floor":50,"turns":5},{"damage":46,"enemies":"Shield and Spear","floor":54,"turns":5},{"damage":12,"enemies":"The Heart","floor":55,"turns":6}],"seed_played":"4518074724321793366","potions_obtained":[{"floor":7,"key":"FocusPotion"},{"floor":11,"key":"SpeedPotion"},{"floor":12,"key":"LiquidBronze"},{"floor":25,"key":"Fire Potion"},{"floor":33,"key":"SkillPotion"},{"floor":35,"key":"Swift Potion"}],"is_trial":false,"path_per_floor":["M","$","M","?","M","R","E","?","T","R","M","E","?","M","R","B",null,"M","M","M","$","?","E","R","M","T","R","?","$","M","E","R","B",null,"M","?","M","$","M","E","R","M","T","?","R","$","R","M","R","B",null,"R","$","E","B",null],"character_chosen":"DEFECT","items_purchased":["Thunder Strike","Doom and Gloom","Whetstone","Static Discharge"],"campfire_rested":1,"item_purchase_floors":[29,38,38,38],"current_hp_per_floor":[75,75,74,67,67,67,45,45,45,45,42,21,21,14,36,14,75,64,61,58,58,58,50,50,49,49,49,49,49,41,41,41,22,75,75,75,75,75,59,56,56,58,58,58,58,58,58,60,60,10,75,75,75,29,19],"gold":40,"neow_bonus":"RANDOM_COMMON_RELIC","is_prod":false,"is_daily":false,"chose_seed":false,"campfire_upgraded":9,"win_rate":0,"timestamp":1542663041,"path_taken":["M","$","M","?","M","R","E","?","T","R","M","E","?","M","R","BOSS","M","?","M","$","?","E","R","M","T","R","?","?","?","E","R","BOSS","M","?","M","$","M","E","R","M","T","?","R","$","R","M","R","BOSS","R","$","E","BOSS"],"build_version":"2018-11-15","purchased_purges":3,"victory":true,"max_hp_per_floor":[75,75,75,75,75,75,75,75,75,75,75,75,75,75,75,75,75,75,75,75,75,75,75,75,75,75,75,75,75,75,75,75,75,75,75,75,75,75,75,75,75,75,75,75,75,75,75,75,75,75,75,75,75,75,75],"card_choices":[{"not_picked":["Beam Cell","Leap"],"picked":"White Noise","floor":1},{"not_picked":["Reinforced Body","Chill"],"picked":"Hologram","floor":3},{"not_picked":["Stack","Rebound"],"picked":"Barrage","floor":5},{"not_picked":["White Noise","Redo"],"picked":"Streamline","floor":7},{"not_picked":["Cold Snap","Sweeping Beam"],"picked":"Static Discharge","floor":11},{"not_picked":["Skim","Chill"],"picked":"Coolheaded","floor":12},{"not_picked":["Leap","Streamline"],"picked":"Turbo","floor":14},{"not_picked":["Creative AI","Machine Learning"],"picked":"Biased Cognition","floor":16},{"not_picked":["Leap","Fusion"],"picked":"Gash","floor":18},{"not_picked":["Turbo","Coolheaded"],"picked":"Glacier","floor":19},{"not_picked":["Cold Snap","Coolheaded"],"picked":"Glacier","floor":20},{"not_picked":["Gash","Rebound"],"picked":"Conserve Battery","floor":23},{"not_picked":["Streamline","Blizzard"],"picked":"Conserve Battery","floor":25},{"not_picked":["FTL+1","Rebound"],"picked":"Static Discharge","floor":30},{"not_picked":["Chill","Beam Cell"],"picked":"Ball Lightning+1","floor":31},{"not_picked":["Amplify","Rainbow"],"picked":"Multi-Cast","floor":33},{"not_picked":["Cold Snap","Redo+1"],"picked":"Hologram+1","floor":35},{"not_picked":["Streamline+1","Reprogram+1","Sweeping Beam+1"],"picked":"SKIP","floor":37},{"not_picked":["Go for the Eyes","Cold Snap"],"picked":"Loop","floor":39},{"not_picked":["Capacitor","Rip and Tear+1"],"picked":"Darkness+1","floor":40},{"not_picked":["Stack","Go for the Eyes"],"picked":"Melter","floor":42},{"not_picked":["Darkness","Fusion"],"picked":"Lockon+1","floor":48},{"not_picked":["Auto Shields","Reprogram"],"picked":"Glacier+1","floor":54}],"player_experience":992054,"relics_obtained":[{"floor":7,"key":"Darkstone Periapt"},{"floor":9,"key":"Mercury Hourglass"},{"floor":12,"key":"Bag of Marbles"},{"floor":23,"key":"Happy Flower"},{"floor":26,"key":"Symbiotic Virus"},{"floor":31,"key":"Pen Nib"},{"floor":36,"key":"Turnip"},{"floor":40,"key":"Blood Vial"},{"floor":54,"key":"Centennial Puzzle"}],"event_choices":[{"cards_removed":["Strike_B"],"damage_healed":0,"gold_gain":0,"player_choice":"Card Removal","damage_taken":7,"max_hp_gain":0,"max_hp_loss":0,"event_name":"Golden Wing","floor":4,"gold_loss":0},{"damage_healed":0,"gold_gain":0,"player_choice":"Grow","damage_taken":0,"max_hp_gain":0,"max_hp_loss":0,"event_name":"Living Wall","floor":8,"gold_loss":0,"cards_upgraded":["Streamline"]},{"damage_healed":0,"gold_gain":0,"player_choice":"1 cards matched","damage_taken":0,"max_hp_gain":0,"max_hp_loss":0,"event_name":"Match and Keep!","floor":13,"gold_loss":0,"cards_obtained":["All For One"]},{"damage_healed":0,"gold_gain":99,"player_choice":"Stole From Cult","damage_taken":0,"max_hp_gain":0,"max_hp_loss":0,"event_name":"Nest","floor":22,"gold_loss":0},{"damage_healed":0,"gold_gain":0,"player_choice":"Ignored","damage_taken":0,"max_hp_gain":0,"max_hp_loss":0,"event_name":"Ghosts","floor":28,"gold_loss":0},{"damage_healed":0,"gold_gain":0,"player_choice":"Fight","damage_taken":0,"max_hp_gain":0,"max_hp_loss":0,"event_name":"MindBloom","floor":36,"gold_loss":0},{"damage_healed":0,"gold_gain":0,"player_choice":"Paid","damage_taken":0,"relics_obtained":["Red Mask"],"max_hp_gain":0,"max_hp_loss":0,"event_name":"Tomb of Lord Red Mask","floor":44,"gold_loss":125}],"is_beta":false,"boss_relics":[{"not_picked":["Philosopher\u0027s Stone","Orrery"],"picked":"Snecko Eye"},{"not_picked":["Calling Bell","Coffee Dripper"],"picked":"Inserter"}],"items_purged_floors":[2,21,29],"is_endless":false,"potions_floor_spawned":[7,11,12,19,25,33,35,36,40],"ascension_level":1}