{"gold_per_floor":[118,39,59,59,75,75,109,109,109,144,144,169,169,187,187,187],"floor_reached":16,"playtime":425,"items_purged":[],"score":173,"play_id":"5643b3e0-c00a-409d-976e-32597007f450","local_time":"20181030201137","is_ascension_mode":true,"campfire_choices":[{"data":"Neutralize","floor":6,"key":"SMITH"},{"floor":8,"key":"REST"},{"floor":11,"key":"REST"},{"data":"Cloak And Dagger","floor":15,"key":"SMITH"}],"neow_cost":"NONE","seed_source_timestamp":214518702206886,"circlet_count":0,"master_deck":["Defend_G","Defend_G","Defend_G","Defend_G","Defend_G","Strike_G","Strike_G","Strike_G","Strike_G","Strike_G+1","Survivor","Neutralize+1","AscendersBane","Cloak And Dagger","Footwork","Backstab+1","Cloak And Dagger+1","Bouncing Flask+1","Bouncing Flask"],"relics":["Ring of the Snake","NeowsBlessing","Question Card","Blood Vial","Whetstone","Boot"],"potions_floor_usage":[10,16],"damage_taken":[{"damage":0,"enemies":"Cultist","floor":1,"turns":1},{"damage":0,"enemies":"2 Louse","floor":3,"turns":1},{"damage":0,"enemies":"Small Slimes","floor":5,"turns":1},{"damage":54,"enemies":"Gremlin Nob","floor":7,"turns":7},{"damage":14,"enemies":"Lagavulin","floor":10,"turns":7},{"damage":0,"enemies":"3 Louse","floor":14,"turns":4},{"damage":46,"enemies":"Slime Boss","floor":16,"turns":8}],"seed_played":"5424649431916187333","potions_obtained":[{"floor":3,"key":"Fire Potion"},{"floor":5,"key":"SkillPotion"}],"is_trial":false,"path_per_floor":["M","$","M","$","M","R","E","R","T","E","R","T","?","M","R"],"character_chosen":"THE_SILENT","items_purchased":["Footwork"],"campfire_rested":2,"item_purchase_floors":[2],"current_hp_per_floor":[63,63,63,63,63,63,9,30,30,18,39,39,39,41,41,0],"gold":187,"neow_bonus":"THREE_ENEMY_KILL","is_prod":false,"is_daily":false,"chose_seed":false,"campfire_upgraded":2,"win_rate":0,"timestamp":1540930297,"path_taken":["M","$","M","$","?","R","E","R","T","E","R","?","?","M","R","BOSS"],"build_version":"2018-10-25v2","purchased_purges":0,"victory":false,"max_hp_per_floor":[70,70,70,70,70,70,70,70,70,70,70,70,70,70,70,70],"card_choices":[{"not_picked":["Sucker Punch","Reflex"],"picked":"Cloak And Dagger","floor":1},{"not_picked":["PiercingWail","Infinite Blades"],"picked":"Backstab","floor":3},{"not_picked":["Blade Dance","Eviscerate"],"picked":"Cloak And Dagger","floor":5},{"not_picked":["Blade Dance","Sucker Punch"],"picked":"Bouncing Flask","floor":7},{"not_picked":["Blade Dance","Doppelganger","Outmaneuver","Tactician"],"picked":"SKIP","floor":10},{"not_picked":["Quick Slash","Slice","Acrobatics"],"picked":"Bouncing Flask","floor":14}],"player_experience":943418,"relics_obtained":[{"floor":7,"key":"Question Card"},{"floor":9,"key":"Blood Vial"},{"floor":10,"key":"Whetstone"},{"floor":12,"key":"Boot"}],"event_choices":[{"damage_healed":0,"gold_gain":0,"player_choice":"Grow","damage_taken":0,"max_hp_gain":0,"max_hp_loss":0,"event_name":"Living Wall","floor":13,"gold_loss":0,"cards_upgraded":["Bouncing Flask"]}],"is_beta":false,"boss_relics":[],"items_purged_floors":[],"is_endless":false,"potions_floor_spawned":[3,5,7],"killed_by":"Slime Boss","ascension_level":12}