{"gold_per_floor":[118,132,143,160,160,160,191,191,191,191,32,51,201,201],"floor_reached":14,"playtime":928,"items_purged":["Strike_R"],"score":192,"play_id":"b458fa15-aa9c-4134-99a6-8dae32cccead","local_time":"20190704224417","is_ascension_mode":true,"campfire_choices":[{"data":"Body Slam","floor":6,"key":"SMITH"},{"data":"True Grit","floor":10,"key":"SMITH"}],"neow_cost":"NONE","seed_source_timestamp":1463257209752100,"circlet_count":0,"master_deck":["AscendersBane","Strike_R","Strike_R","Strike_R","Strike_R","Defend_R","Defend_R","Defend_R","Defend_R","Bash","Thunderclap","True Grit","True Grit+1","Body Slam+1","Anger","Inflame","Flex","Doubt"],"relics":["Burning Blood","Charon\u0027s Ashes","Turnip","Mango"],"potions_floor_usage":[12,14],"damage_taken":[{"damage":5,"enemies":"2 Louse","floor":1,"turns":3},{"damage":14,"enemies":"Small Slimes","floor":2,"turns":3},{"damage":12,"enemies":"Jaw Worm","floor":3,"turns":5},{"damage":33,"enemies":"Large Slime","floor":4,"turns":9},{"damage":50,"enemies":"Gremlin Nob","floor":7,"turns":6},{"damage":11,"enemies":"Looter","floor":12,"turns":2},{"damage":32,"enemies":"Gremlin Gang","floor":14,"turns":3}],"seed_played":"-5841375116371533982","potions_obtained":[{"floor":1,"key":"FearPotion"},{"floor":7,"key":"Dexterity Potion"}],"is_trial":false,"path_per_floor":["M","M","M","M","?","R","E","?","T","R","$","M","?","M"],"character_chosen":"IRONCLAD","items_purchased":["Inflame"],"campfire_rested":0,"item_purchase_floors":[11],"current_hp_per_floor":[76,68,62,35,62,62,18,13,27,27,27,22,22,0],"gold":201,"neow_bonus":"TEN_PERCENT_HP_BONUS","is_prod":false,"is_daily":false,"chose_seed":false,"campfire_upgraded":2,"win_rate":0,"timestamp":1562273057,"path_taken":["M","M","M","M","?","R","E","?","T","R","?","M","?","M"],"build_version":"2019-07-01","purchased_purges":1,"victory":false,"max_hp_per_floor":[82,82,82,82,82,82,82,82,96,96,96,96,96,96],"card_choices":[{"not_picked":["Carnage","Clash"],"picked":"Thunderclap","floor":1},{"not_picked":["Iron Wave","Armaments"],"picked":"True Grit","floor":2},{"not_picked":["Wild Strike","Havoc"],"picked":"True Grit","floor":3},{"not_picked":["Heavy Blade","Power Through"],"picked":"Body Slam","floor":4},{"not_picked":["Carnage","Clothesline"],"picked":"Anger","floor":7},{"not_picked":["Warcry","Wild Strike"],"picked":"Flex","floor":12}],"player_experience":1588065,"relics_obtained":[{"floor":7,"key":"Charon\u0027s Ashes"},{"floor":9,"key":"Mango"}],"event_choices":[{"damage_healed":27,"gold_gain":0,"player_choice":"Banana","damage_taken":0,"max_hp_gain":0,"max_hp_loss":0,"event_name":"Big Fish","floor":5,"gold_loss":0},{"damage_healed":0,"gold_gain":0,"player_choice":"Success","damage_taken":5,"relics_obtained":["Turnip"],"max_hp_gain":0,"max_hp_loss":0,"event_name":"Scrap Ooze","floor":8,"gold_loss":0},{"damage_healed":0,"gold_gain":150,"player_choice":"AGREE","damage_taken":0,"max_hp_gain":0,"max_hp_loss":0,"event_name":"Liars Game","floor":13,"gold_loss":0,"cards_obtained":["Doubt"]}],"is_beta":false,"boss_relics":[],"items_purged_floors":[11],"is_endless":false,"potions_floor_spawned":[1,7],"killed_by":"Gremlin Gang","ascension_level":17}