{"gold_per_floor":[210,222,222,238,254,254,281,246,246,278,29,29],"floor_reached":12,"playtime":582,"items_purged":["Strike_G"],"score":154,"play_id":"0a715db5-e2e7-4409-b1e1-47d16ad6cacf","local_time":"20190629184722","is_ascension_mode":true,"campfire_choices":[{"data":"Dash","floor":6,"key":"SMITH"}],"neow_cost":"NONE","seed_source_timestamp":172528567132365,"circlet_count":0,"master_deck":["AscendersBane","Defend_G","Defend_G","Defend_G","Defend_G","Defend_G","Strike_G","Strike_G","Strike_G","Strike_G","Survivor","Neutralize","Caltrops","Dash+1","Backflip","Dagger Throw","Deadly Poison","Footwork"],"relics":["Ring of the Snake","Bottled Lightning","Dodecahedron","Omamori"],"potions_floor_usage":[7,10,12],"damage_taken":[{"damage":0,"enemies":"2 Louse","floor":1,"turns":4},{"damage":0,"enemies":"Small Slimes","floor":2,"turns":3},{"damage":0,"enemies":"Jaw Worm","floor":4,"turns":6},{"damage":2,"enemies":"3 Louse","floor":5,"turns":5},{"damage":32,"enemies":"Gremlin Nob","floor":7,"turns":6},{"damage":12,"enemies":"3 Sentries","floor":10,"turns":10},{"damage":39,"enemies":"Gremlin Nob","floor":12,"turns":5}],"seed_played":"-3134906408676431553","potions_obtained":[{"floor":2,"key":"SkillPotion"},{"floor":5,"key":"Weak Potion"},{"floor":7,"key":"GhostInAJar"}],"is_trial":false,"path_per_floor":["M","M","?","M","M","R","E","?","T","E","$","E"],"character_chosen":"THE_SILENT","items_purchased":["Footwork","EntropicBrew"],"campfire_rested":0,"item_purchase_floors":[11,11],"current_hp_per_floor":[59,59,64,64,62,62,30,47,47,35,35,0],"gold":29,"neow_bonus":"HUNDRED_GOLD","is_prod":false,"is_daily":false,"chose_seed":false,"campfire_upgraded":1,"win_rate":0,"timestamp":1561830442,"path_taken":["M","M","?","M","M","R","E","?","T","E","?","E"],"build_version":"2019-01-23","purchased_purges":1,"victory":false,"max_hp_per_floor":[66,66,71,71,71,71,71,71,71,71,71,71],"card_choices":[{"not_picked":["Poisoned Stab","Setup"],"picked":"Caltrops","floor":1},{"not_picked":["Masterful Stab","Accuracy","Sucker Punch"],"picked":"SKIP","floor":2},{"not_picked":["Setup","Deadly Poison"],"picked":"Dash","floor":4},{"not_picked":["Setup","Caltrops"],"picked":"Backflip","floor":5},{"not_picked":["Riddle With Holes","Bane"],"picked":"Dagger Throw","floor":7},{"not_picked":["Blur","Outmaneuver"],"picked":"Deadly Poison","floor":10}],"player_experience":1120328,"relics_obtained":[{"floor":7,"key":"Bottled Lightning"},{"floor":9,"key":"Dodecahedron"},{"floor":10,"key":"Omamori"}],"event_choices":[{"damage_healed":0,"gold_gain":0,"player_choice":"Donut","damage_taken":0,"max_hp_gain":5,"max_hp_loss":0,"event_name":"Big Fish","floor":3,"gold_loss":0},{"damage_healed":17,"gold_gain":0,"player_choice":"Healed","damage_taken":0,"max_hp_gain":0,"max_hp_loss":0,"event_name":"The Cleric","floor":8,"gold_loss":35}],"is_beta":false,"boss_relics":[],"items_purged_floors":[11],"is_endless":false,"potions_floor_spawned":[2,5,7],"killed_by":"Gremlin Nob","ascension_level":15}