{"gold_per_floor":[118,132,57,57,57,57,90,106,106,125,125,135,135,169,169,242,242,255,267,60,60,73,73,89,89,114,114],"floor_reached":27,"playtime":801,"items_purged":["Perfected Strike+1"],"score":471,"play_id":"d74ae8d1-10da-4fb7-8115-3115091cdfda","local_time":"20190722041523","is_ascension_mode":true,"campfire_choices":[{"data":"Inflame","floor":6.0,"key":"SMITH"},{"data":"Feel No Pain","floor":11,"key":"SMITH"},{"data":"Flame Barrier","floor":13,"key":"SMITH"},{"data":"Bash","floor":15,"key":"SMITH"},{"floor":23,"key":"REST"}],"neow_cost":"NONE","seed_source_timestamp":66048886070299,"circlet_count":0,"master_deck":["AscendersBane","Bash+1","Inflame+1","Uppercut+1","Flame Barrier+1","Feel No Pain+1","Second Wind+1","Flex+1","Pommel Strike+1","Juggernaut","Flex+1","Bloodletting+1","Infernal Blade+1","Flame Barrier+1","Shrug It Off+1","Dropkick+1","Searing Blow+1","Armaments+1","Anger+1","Feel No Pain","Anger+1","Ghostly+1","Ghostly+1","Ghostly+1","Rage+1","Clash+1"],"special_seed":0,"relics":["Burning Blood","NeowsBlessing","Bottled Flame","Toxic Egg 2","Molten Egg 2","Pandora\u0027s Box","Mercury Hourglass","Blood Vial"],"potions_floor_usage":[8,12,12,14,24],"damage_taken":[{"damage":0.0,"enemies":"Cultist","floor":1.0,"turns":1.0},{"damage":0.0,"enemies":"2 Louse","floor":2.0,"turns":1.0},{"damage":0.0,"enemies":"3 Sentries","floor":7.0,"turns":1.0},{"damage":0,"enemies":"Small Slimes","floor":8,"turns":3},{"damage":28,"enemies":"Exordium Thugs","floor":10,"turns":5},{"damage":0,"enemies":"Exordium Wildlife","floor":12,"turns":3},{"damage":31,"enemies":"Lagavulin","floor":14,"turns":8},{"damage":29,"enemies":"Hexaghost","floor":16,"turns":12},{"damage":3,"enemies":"Chosen","floor":18,"turns":3},{"damage":15,"enemies":"2 Thieves","floor":19,"turns":3},{"damage":21,"enemies":"Sentry and Sphere","floor":22,"turns":7},{"damage":20,"enemies":"Snake Plant","floor":24,"turns":4},{"damage":26,"enemies":"Book of Stabbing","floor":27,"turns":5}],"seed_played":"66059496209092776","potions_obtained":[{"floor":2.0,"key":"Swift Potion"},{"floor":7,"key":"Block Potion"},{"floor":10,"key":"Energy Potion"},{"floor":12,"key":"GamblersBrew"},{"floor":19,"key":"SteroidPotion"}],"is_trial":false,"path_per_floor":["M","M","?","$","?","R","E","M","T","M","R","M","R","E","R","B",null,"M","M","$","?","M","R","M","T","T","E"],"character_chosen":"IRONCLAD","items_purchased":["Feel No Pain","Anger+1"],"campfire_rested":1,"item_purchase_floors":[20,20],"current_hp_per_floor":[74,75,75,75,75,75,75,75,75,53,53,59,59,34,34,11,59,62,53,53,37,22,33,19,19,19,0],"gold":114,"neow_bonus":"THREE_ENEMY_KILL","is_prod":false,"is_daily":false,"chose_seed":false,"campfire_upgraded":4,"win_rate":0,"timestamp":1563761723,"path_taken":["M","?","?","$","?","R","E","M","T","M","R","M","R","E","R","BOSS","M","M","$","?","M","R","M","?","T","E"],"build_version":"2019-07-17","purchased_purges":1,"victory":false,"max_hp_per_floor":[75,75,75,75,75,75,75,75,75,75,75,75,75,75,75,75,75,75,75,75,37,37,37,37,37,37,37],"card_choices":[{"not_picked":["Flex","Perfected Strike"],"picked":"Inflame","floor":1.0},{"not_picked":["Fire Breathing","Pommel Strike"],"picked":"Uppercut","floor":2.0},{"not_picked":["Anger","Havoc"],"picked":"Flame Barrier","floor":7},{"not_picked":["Anger","Perfected Strike"],"picked":"Feel No Pain","floor":8},{"not_picked":["Warcry+1","Anger"],"picked":"Second Wind+1","floor":10},{"not_picked":["Flame Barrier+1","Shrug It Off+1"],"picked":"Flex+1","floor":12},{"not_picked":["Thunderclap","Fire Breathing"],"picked":"Pommel Strike","floor":14},{"not_picked":["Limit Break+1","Double Tap+1"],"picked":"Juggernaut","floor":16},{"not_picked":["Intimidate+1","Sword Boomerang+1"],"picked":"Armaments+1","floor":18},{"not_picked":["Iron Wave+1","Warcry+1"],"picked":"Anger+1","floor":19},{"not_picked":["Fire Breathing+1","Rupture+1"],"picked":"Rage+1","floor":22},{"not_picked":["Shrug It Off+1","Havoc+1"],"picked":"Clash+1","floor":24}],"player_experience":1731927,"relics_obtained":[{"floor":7,"key":"Bottled Flame"},{"floor":9,"key":"Toxic Egg 2"},{"floor":14,"key":"Molten Egg 2"},{"floor":25,"key":"Mercury Hourglass"},{"floor":26,"key":"Blood Vial"}],"event_choices":[{"cards_removed":["Strike_R"],"damage_healed":0.0,"max_hp_gain":0.0,"max_hp_loss":0.0,"gold_gain":0.0,"event_name":"The Cleric","player_choice":"Card Removal","floor":3.0,"gold_loss":75.0,"damage_taken":0.0},{"damage_healed":0.0,"max_hp_gain":0.0,"max_hp_loss":0.0,"gold_gain":0.0,"event_name":"Upgrade Shrine","player_choice":"Upgraded","floor":5.0,"gold_loss":0.0,"damage_taken":0.0,"cards_upgraded":["Uppercut"]},{"damage_healed":0,"gold_gain":0,"player_choice":"Became a Ghost","damage_taken":0,"max_hp_gain":0,"max_hp_loss":38,"event_name":"Ghosts","floor":21,"gold_loss":0,"cards_obtained":["Ghostly","Ghostly","Ghostly"]}],"is_beta":false,"boss_relics":[{"not_picked":["Orrery","Philosopher\u0027s Stone"],"picked":"Pandora\u0027s Box"}],"items_purged_floors":[20],"is_endless":false,"potions_floor_spawned":[2,7,10,12,19],"killed_by":"Book of Stabbing","ascension_level":18}