{"gold_per_floor":[109,126,126,126,126,156,176,202,202,233,245,245,264,274,274,348,348,367,381,381],"floor_reached":20,"playtime":936,"items_purged":[],"score":442,"play_id":"5da75171-1b58-4daf-865e-4f88512b0ce7","local_time":"20190225210140","is_ascension_mode":true,"campfire_choices":[{"floor":12.0,"key":"REST"},{"floor":15.0,"key":"REST"}],"neow_cost":"NONE","seed_source_timestamp":0,"circlet_count":0,"master_deck":["AscendersBane","Defend_G","Defend_G","Defend_G","Defend_G","Defend_G","Strike_G","Strike_G","Strike_G","Strike_G","Survivor","Neutralize","Footwork","Dash","Acrobatics","Bouncing Flask","Noxious Fumes","Tactician","Finisher","Noxious Fumes","Malaise","Clumsy","Clumsy","Decay","Bouncing Flask","Footwork"],"special_seed":0,"relics":["Ring of the Snake","NeowsBlessing","Ancient Tea Set","Mummified Hand","Pen Nib","Ornamental Fan","Calling Bell","Orichalcum","Letter Opener","Ice Cream"],"potions_floor_usage":[16],"damage_taken":[{"damage":0.0,"enemies":"2 Louse","floor":1.0,"turns":1.0},{"damage":0.0,"enemies":"Small Slimes","floor":2.0,"turns":2.0},{"damage":0.0,"enemies":"Gremlin Nob","floor":6.0,"turns":1.0},{"damage":0.0,"enemies":"Cultist","floor":7.0,"turns":5.0},{"damage":44.0,"enemies":"Lagavulin","floor":8.0,"turns":8.0},{"damage":20.0,"enemies":"3 Sentries","floor":10.0,"turns":12.0},{"damage":10.0,"enemies":"Gremlin Gang","floor":11.0,"turns":5.0},{"damage":9.0,"enemies":"Large Slime","floor":13.0,"turns":6.0},{"damage":11.0,"enemies":"2 Fungi Beasts","floor":14.0,"turns":4.0},{"damage":23,"enemies":"Slime Boss","floor":16,"turns":9},{"damage":34,"enemies":"Chosen","floor":18,"turns":7},{"damage":13,"enemies":"Spheric Guardian","floor":19,"turns":5},{"damage":11,"enemies":"Cultist and Chosen","floor":20,"turns":3}],"seed_played":"289930846945381114","potions_obtained":[{"floor":1.0,"key":"Regen Potion"},{"floor":5.0,"key":"EntropicBrew"},{"floor":8.0,"key":"LiquidBronze"},{"floor":10.0,"key":"Regen Potion"},{"floor":13.0,"key":"SteroidPotion"},{"floor":18,"key":"SteroidPotion"}],"is_trial":false,"path_per_floor":["M","M","?","?","?","E","M","E","T","E","M","R","M","M","R","B",null,"M","M","M"],"character_chosen":"THE_SILENT","items_purchased":[],"campfire_rested":2,"item_purchase_floors":[],"current_hp_per_floor":[59,59,59,64,64,64,64,33,33,13,17,38,29,18,39,16,57,23,10,0],"gold":381,"neow_bonus":"THREE_ENEMY_KILL","is_prod":false,"is_daily":false,"chose_seed":false,"campfire_upgraded":0,"win_rate":0,"timestamp":1551124900,"path_taken":["M","M","?","?","?","E","M","E","T","E","M","R","?","M","R","BOSS","M","M","M"],"build_version":"2019-01-23","purchased_purges":0,"victory":false,"max_hp_per_floor":[66,66,66,71,71,71,71,71,71,71,71,71,71,71,71,71,71,71,71,71],"card_choices":[{"not_picked":["Backflip","Blade Dance"],"picked":"Footwork","floor":1.0},{"not_picked":["Dodge and Roll","Choke"],"picked":"Dash","floor":2.0},{"not_picked":["Sucker Punch","Flechettes","Outmaneuver"],"picked":"SKIP","floor":6.0},{"not_picked":["Masterful Stab","Sucker Punch","Slice"],"picked":"SKIP","floor":7.0},{"not_picked":["Dagger Spray","Slice"],"picked":"Bouncing Flask","floor":8.0},{"not_picked":["A Thousand Cuts","Riddle With Holes"],"picked":"Noxious Fumes","floor":10.0},{"not_picked":["Bouncing Flask","Outmaneuver"],"picked":"Tactician","floor":11.0},{"not_picked":["Masterful Stab","Prepared"],"picked":"Finisher","floor":13.0},{"not_picked":["PiercingWail","Underhanded Strike"],"picked":"Noxious Fumes","floor":14.0},{"not_picked":["Unload","Envenom"],"picked":"Malaise","floor":16},{"not_picked":["Escape Plan","Flechettes"],"picked":"Bouncing Flask","floor":18},{"not_picked":["Underhanded Strike","Masterful Stab"],"picked":"Footwork","floor":19}],"player_experience":665385,"relics_obtained":[{"floor":6.0,"key":"Ancient Tea Set"},{"floor":8.0,"key":"Mummified Hand"},{"floor":9.0,"key":"Pen Nib"},{"floor":10.0,"key":"Ornamental Fan"},{"floor":17,"key":"Orichalcum"},{"floor":17,"key":"Letter Opener"},{"floor":17,"key":"Ice Cream"}],"event_choices":[{"damage_healed":0.0,"max_hp_gain":0.0,"max_hp_loss":0.0,"gold_gain":0.0,"cards_transformed":["Strike_G"],"event_name":"Living Wall","player_choice":"Change","floor":3.0,"gold_loss":0.0,"damage_taken":0.0,"cards_obtained":["Acrobatics"]},{"damage_healed":0.0,"max_hp_gain":5.0,"max_hp_loss":0.0,"gold_gain":0.0,"event_name":"Big Fish","player_choice":"Donut","floor":4.0,"gold_loss":0.0,"damage_taken":0.0},{"damage_healed":0.0,"max_hp_gain":0.0,"max_hp_loss":0.0,"gold_gain":0.0,"event_name":"Lab","player_choice":"Got Potions","floor":5.0,"gold_loss":0.0,"damage_taken":0.0}],"is_beta":false,"boss_relics":[{"not_picked":["Ectoplasm","Empty Cage"],"picked":"Calling Bell"}],"items_purged_floors":[],"is_endless":false,"potions_floor_spawned":[1,8,10,13,18],"killed_by":"Cultist and Chosen","ascension_level":20}