{"gold_per_floor":[113,123,123,143,155,155,110,110,110,128,197,197],"floor_reached":12,"playtime":355,"items_purged":[],"score":126,"play_id":"36fbce6a-96cd-4e35-a1d1-2f97f4052f4d","local_time":"20190609051724","is_ascension_mode":true,"campfire_choices":[{"data":"True Grit","floor":6,"key":"SMITH"},{"data":"Bash","floor":8,"key":"SMITH"}],"neow_cost":"NONE","seed_source_timestamp":175375049606600,"circlet_count":0,"master_deck":["AscendersBane","Strike_R","Strike_R","Strike_R","Strike_R","Defend_R","Defend_R","Defend_R","Defend_R","Bash+1","Shrug It Off","Headbutt","True Grit+1","Reaper","Perfected Strike","Armaments"],"relics":["Burning Blood","Magic Flower","Ornamental Fan","Dodecahedron"],"potions_floor_usage":[4,5],"damage_taken":[{"damage":2,"enemies":"Cultist","floor":1,"turns":5},{"damage":14,"enemies":"Jaw Worm","floor":2,"turns":5},{"damage":0,"enemies":"2 Louse","floor":4,"turns":3},{"damage":14,"enemies":"Blue Slaver","floor":5,"turns":6},{"damage":42,"enemies":"Lots of Slimes","floor":10,"turns":5},{"damage":61,"enemies":"Gremlin Gang","floor":12,"turns":3}],"seed_played":"26958181209341920","potions_obtained":[{"floor":1,"key":"FearPotion"},{"floor":2,"key":"Block Potion"},{"floor":10,"key":"SpeedPotion"}],"is_trial":false,"path_per_floor":["M","M","?","M","M","R","?","R","T","M","T","M"],"character_chosen":"IRONCLAD","items_purchased":[],"campfire_rested":0,"item_purchase_floors":[],"current_hp_per_floor":[72,64,29,38,35,35,35,35,35,32,32,0],"gold":197,"neow_bonus":"TRANSFORM_CARD","is_prod":false,"is_daily":false,"chose_seed":false,"campfire_upgraded":2,"win_rate":0,"timestamp":1560050244,"path_taken":["M","M","?","M","M","R","?","R","T","M","?","M"],"build_version":"2019-01-23","purchased_purges":0,"victory":false,"max_hp_per_floor":[75,75,75,75,75,75,75,75,75,75,75,75],"card_choices":[{"not_picked":["Rupture","Intimidate"],"picked":"Headbutt","floor":1},{"not_picked":["Thunderclap","Clash"],"picked":"True Grit","floor":2},{"not_picked":["Flex","Clothesline"],"picked":"Reaper","floor":4},{"not_picked":["Clash","Blood for Blood"],"picked":"Perfected Strike","floor":5},{"not_picked":["Cleave","Anger"],"picked":"Armaments","floor":10}],"player_experience":1251082,"relics_obtained":[{"floor":9,"key":"Ornamental Fan"},{"floor":11,"key":"Dodecahedron"}],"event_choices":[{"damage_healed":0,"gold_gain":0,"player_choice":"Success","damage_taken":35,"relics_obtained":["Magic Flower"],"max_hp_gain":0,"max_hp_loss":0,"event_name":"Scrap Ooze","floor":3,"gold_loss":0},{"damage_healed":0,"gold_gain":0,"player_choice":"Left Gold","damage_taken":0,"max_hp_gain":0,"max_hp_loss":0,"event_name":"World of Goop","floor":7,"gold_loss":45}],"is_beta":false,"boss_relics":[],"items_purged_floors":[],"is_endless":false,"potions_floor_spawned":[1,2,10],"killed_by":"Gremlin Gang","ascension_level":16}