{"gold_per_floor":[116,116,129,144,160,160,185,185,185,205,205,234,35,66,66,140,140,157,175,194,40,40,40,67,81,129,129,344,354,75,86,86,86],"floor_reached":33,"playtime":2298,"items_purged":["Strike_R","Strike_R"],"score":570,"play_id":"0e59819c-9d40-454f-97db-39bdf2992b02","local_time":"20190807190550","is_ascension_mode":true,"campfire_choices":[{"data":"Immolate","floor":6,"key":"SMITH"},{"data":"Inflame","floor":8,"key":"SMITH"},{"data":"Armaments","floor":15,"key":"SMITH"},{"data":"Dual Wield","floor":23,"key":"SMITH"},{"floor":27,"key":"REST"},{"floor":32,"key":"REST"}],"neow_cost":"NONE","seed_source_timestamp":438011002985000,"circlet_count":0,"master_deck":["AscendersBane","Strike_R","Strike_R","Defend_R","Defend_R","Defend_R","Defend_R","Bash","Immolate+1","Metallicize","Body Slam","Disarm","Inflame+1","Impervious","Armaments+1","Metallicize","Dual Wield+1","Battle Trance","Feed+1","Heavy Blade+1","Flame Barrier","Headbutt+1","True Grit","Decay","Evolve","Rage","Seeing Red","Whirlwind+1","Feel No Pain","Pommel Strike+1"],"relics":["Burning Blood","Mummified Hand","Singing Bowl","Centennial Puzzle","Molten Egg 2","Sozu","Juzu Bracelet","Ancient Tea Set","Old Coin","Bronze Scales"],"potions_floor_usage":[7,8,12,16,16],"damage_taken":[{"damage":0,"enemies":"Cultist","floor":1,"turns":3},{"damage":7,"enemies":"Small Slimes","floor":3,"turns":3},{"damage":9,"enemies":"Jaw Worm","floor":4,"turns":2},{"damage":13,"enemies":"Blue Slaver","floor":5,"turns":4},{"damage":15,"enemies":"Lagavulin","floor":7,"turns":5},{"damage":0,"enemies":"Exordium Wildlife","floor":10,"turns":1},{"damage":10,"enemies":"3 Sentries","floor":12,"turns":5},{"damage":34,"enemies":"Gremlin Nob","floor":14,"turns":5},{"damage":27,"enemies":"Slime Boss","floor":16,"turns":11},{"damage":19,"enemies":"3 Byrds","floor":18,"turns":6},{"damage":9,"enemies":"Shell Parasite","floor":19,"turns":2},{"damage":10,"enemies":"Centurion and Healer","floor":20,"turns":6},{"damage":36,"enemies":"Book of Stabbing","floor":24,"turns":7},{"damage":21,"enemies":"Sentry and Sphere","floor":25,"turns":4},{"damage":20,"enemies":"Snecko","floor":29,"turns":10},{"damage":30,"enemies":"3 Cultists","floor":31,"turns":6},{"damage":54,"enemies":"Collector","floor":33,"turns":10}],"seed_played":"-222146695185367274","potions_obtained":[{"floor":1,"key":"SpeedPotion"},{"floor":3,"key":"FearPotion"},{"floor":7,"key":"Fruit Juice"},{"floor":10,"key":"EssenceOfSteel"},{"floor":14,"key":"AttackPotion"}],"is_trial":false,"path_per_floor":["M","?","M","M","M","R","E","R","T","M","?","E","$","E","R","B",null,"M","M","M","$","?","R","E","M","T","R","?","M","$","M","R","B"],"character_chosen":"IRONCLAD","items_purchased":["Metallicize","Dual Wield","True Grit","Whirlwind+1","Bronze Scales","Feel No Pain"],"campfire_rested":2,"item_purchase_floors":[13,13,21,30,30,30],"current_hp_per_floor":[74,74,73,70,63,63,54,59,59,67,72,68,68,40,40,19,70,61,58,58,58,58,58,28,17,17,46,46,32,32,12,42,0],"gold":86,"neow_bonus":"ONE_RANDOM_RARE_CARD","is_prod":false,"is_daily":false,"chose_seed":false,"campfire_upgraded":4,"win_rate":0,"timestamp":1565197550,"path_taken":["M","?","M","M","M","R","E","R","T","?","?","E","$","E","R","BOSS","M","M","M","$","?","R","E","M","T","R","?","M","?","M","R","BOSS"],"build_version":"2019-07-17","purchased_purges":2,"victory":false,"max_hp_per_floor":[75,75,75,75,75,75,75,80,80,82,87,87,87,87,87,87,87,91,91,95,95,95,95,95,99,99,99,99,99,99,103,103,103],"card_choices":[{"not_picked":["Pommel Strike","True Grit"],"picked":"Metallicize","floor":1},{"not_picked":["Sword Boomerang","Carnage"],"picked":"Body Slam","floor":3},{"not_picked":["Havoc","Body Slam"],"picked":"Disarm","floor":4},{"not_picked":["Sentinel","Reckless Charge"],"picked":"Inflame","floor":5},{"not_picked":["Thunderclap","Cleave"],"picked":"Impervious","floor":7},{"not_picked":["Bloodletting","Clash","Twin Strike"],"picked":"Singing Bowl","floor":10},{"not_picked":["True Grit","Body Slam"],"picked":"Armaments","floor":12},{"not_picked":["Blood for Blood","Rage"],"picked":"Battle Trance","floor":14},{"not_picked":["Berserk","Bludgeon+1"],"picked":"Feed+1","floor":16},{"not_picked":["Body Slam+1","Flex+1"],"picked":"Heavy Blade+1","floor":18},{"not_picked":["Corruption","Heavy Blade+1"],"picked":"Flame Barrier","floor":19},{"not_picked":["Rage","Power Through+1"],"picked":"Headbutt+1","floor":20},{"not_picked":["Pommel Strike+1","Twin Strike+1"],"picked":"Evolve","floor":24},{"not_picked":["Thunderclap+1","Warcry"],"picked":"Rage","floor":25},{"not_picked":["Bloodletting","Cleave+1"],"picked":"Seeing Red","floor":29},{"not_picked":["Havoc","Rage"],"picked":"Pommel Strike+1","floor":31}],"player_experience":1799785,"relics_obtained":[{"floor":7,"key":"Mummified Hand"},{"floor":9,"key":"Singing Bowl"},{"floor":12,"key":"Centennial Puzzle"},{"floor":14,"key":"Molten Egg 2"},{"floor":24,"key":"Juzu Bracelet"},{"floor":26,"key":"Ancient Tea Set"}],"event_choices":[{"cards_removed":["Strike_R"],"damage_healed":0,"gold_gain":0,"player_choice":"Purged","damage_taken":0,"max_hp_gain":0,"max_hp_loss":0,"event_name":"Purifier","floor":2,"gold_loss":0},{"damage_healed":0,"gold_gain":0,"player_choice":"Donut","damage_taken":0,"max_hp_gain":5,"max_hp_loss":0,"event_name":"Big Fish","floor":11,"gold_loss":0},{"damage_healed":0,"gold_gain":0,"player_choice":"Smashed Altar","damage_taken":0,"max_hp_gain":0,"max_hp_loss":0,"event_name":"Forgotten Altar","floor":22,"gold_loss":0,"cards_obtained":["Decay"]},{"damage_healed":0,"gold_gain":0,"player_choice":"Obtained Relic","damage_taken":0,"relics_obtained":["Old Coin"],"max_hp_gain":0,"max_hp_loss":0,"event_name":"Addict","floor":28,"gold_loss":85}],"is_beta":false,"boss_relics":[{"not_picked":["Black Blood","Ectoplasm"],"picked":"Sozu"}],"items_purged_floors":[13,21],"is_endless":false,"potions_floor_spawned":[1,3,7,10,14,19,24,25,31],"killed_by":"Collector","ascension_level":18}