{"path_per_floor":["M","?","M","?","$","R","?","$","T","M","M","?","R","E","R","B",null,"M","M","?","$"],"character_chosen":"IRONCLAD","items_purchased":["Dropkick","Girya","Power Through"],"gold_per_floor":[119,179,194,194,81,81,81,81,81,98,118,193,193,223,223,322,352,371,382,382,47],"floor_reached":22,"campfire_rested":0,"playtime":911,"current_hp_per_floor":[70,70,70,54,54,54,54,54,54,60,66,55,55,56,56,28,67,63,11,11,11],"items_purged":["Strike_R"],"gold":47,"score":263,"play_id":"50f6364a-64f6-4e76-b960-7ff7077a78d2","is_prod":false,"is_daily":false,"is_ascension_mode":true,"campfire_upgraded":3,"path_taken":["M","?","?","?","?","R","?","$","T","M","?","?","R","E","R","BOSS","M","M","?","$","M"],"build_version":"2018-02-12-PROD1","purchased_purges":1,"victory":false,"master_deck":["Defend_R+1","Defend_R","Defend_R","Defend_R","Bash+1","Heavy Blade+1","Shrug It Off","Dropkick","Thunderclap","Flex+1","Immolate","Reaper","Injury","Regret","Parasite","Dual Wield","Rampage","Bite","Bite","Bite","Bite","Bite","Power Through"],"max_hp_per_floor":[80,80,80,80,80,80,80,80,80,80,80,80,80,80,80,80,80,80,80,56,56],"relics":["Burning Blood","Ancient Tea Set","Dream Catcher","Calling Bell","Frozen Egg 2","Gremlin Horn","Tiny Chest","Girya"],"card_choices":[{"not_picked":["Cleave","True Grit"],"picked":"Heavy Blade"},{"not_picked":["Clash","Body Slam"],"picked":"Shrug It Off"},{"not_picked":["Sword Boomerang","Armaments"],"picked":"Thunderclap"},{"not_picked":["Metallicize","Cleave"],"picked":"Flex"},{"not_picked":["Perfected Strike","Ghostly Armor"],"picked":"Immolate"},{"not_picked":["Exhume","Brutality"],"picked":"Reaper"},{"not_picked":["Body Slam","Flex"],"picked":"Dual Wield"},{"not_picked":["Clash","Cleave"],"picked":"Rampage"}],"player_experience":198571,"potions_floor_usage":[14,18],"damage_taken":[{"damage":8,"enemies":"Jaw Worm","floor":1,"turns":5},{"damage":6,"enemies":"2 Louse","floor":3,"turns":3},{"damage":0,"enemies":"Blue Slaver","floor":10,"turns":3},{"damage":0,"enemies":"Large Slime","floor":11,"turns":4},{"damage":20,"enemies":"3 Sentries","floor":14,"turns":8},{"damage":34,"enemies":"The Guardian","floor":16,"turns":9},{"damage":22,"enemies":"Chosen","floor":18,"turns":5},{"damage":58,"enemies":"Shell Parasite","floor":19,"turns":8},{"damage":20,"enemies":"Sentry and Sphere","floor":22,"turns":3}],"event_choices":[{"event_name":"Golden Wing","player_choice":"Gained Gold","floor":2,"damage_taken":0},{"event_name":"Shining Light","player_choice":"Entered Light","floor":4,"damage_taken":0},{"event_name":"Purifier","player_choice":"One Purge","floor":7,"damage_taken":0},{"event_name":"World of Goop","player_choice":"Gather Gold","floor":12,"damage_taken":0},{"event_name":"Vampires","player_choice":"Became a vampire","floor":20,"damage_taken":0}],"boss_relics":[{"not_picked":["Orrery","Eternal Feather"],"picked":"Calling Bell"}],"potions_floor_spawned":[1,11],"seed_played":"-3018067572937297234","killed_by":"Sentry and Sphere","ascension_level":6,"is_trial":false}