{"path_per_floor":["M","M","M","$","?","E","R","?","T","M","R","M","?","M","R","B",null,"M","?","M","$","M","R","$","R","T","?","R","$","M","?","R","B",null,"M","?","M","?","T","R","?","M","T","R","$","M","M","M","R","B"],"character_chosen":"DEFECT","items_purchased":["Self Repair","Heatsinks","Barrage","Torii"],"gold_per_floor":[117,136,150,5,5,38,38,3,52,65,65,79,109,124,124,221,221,233,233,251,79,97,97,97,97,177,177,177,155,170,170,170,271,271,291,339,351,351,351,351,351,367,392,392,96,113,128,140,140,140],"floor_reached":51,"campfire_rested":0,"playtime":4191,"item_purchase_floors":[],"current_hp_per_floor":[75,72,71,71,56,40,40,58,58,56,56,63,63,70,70,75,75,75,82,73,73,74,74,74,74,74,58,58,58,55,55,55,19,87,79,32,31,76,76,76,66,61,61,71,71,53,55,57,69,48],"items_purged":["Strike_B","Defend_B"],"gold":140,"score":672,"play_id":"e46ad3fc-26ac-42d1-b5ff-a014c637ae99","local_time":"20180604183442","is_prod":false,"is_daily":false,"chose_seed":false,"is_ascension_mode":false,"campfire_upgraded":10,"win_rate":0,"timestamp":1528133682,"campfire_choices":[{"data":"Beam Cell","floor":7.0,"key":"SMITH"},{"data":"Chill","floor":11.0,"key":"SMITH"},{"data":"Rip and Tear","floor":15.0,"key":"SMITH"},{"data":"Chaos","floor":23.0,"key":"SMITH"},{"data":"Zap","floor":25.0,"key":"SMITH"},{"data":"Self Repair","floor":28.0,"key":"SMITH"},{"data":"Sweeping Beam","floor":32.0,"key":"SMITH"},{"data":"Loop","floor":40,"key":"SMITH"},{"data":"Go for the Eyes","floor":44,"key":"SMITH"},{"data":"Barrage","floor":49,"key":"SMITH"}],"path_taken":["M","?","?","$","?","E","R","?","T","M","R","M","?","M","R","BOSS","M","?","M","$","M","R","$","R","T","?","R","?","M","?","R","BOSS","M","?","M","?","?","R","?","?","T","R","$","?","M","M","R","BOSS"],"build_version":"2018-05-31","seed_source_timestamp":0,"purchased_purges":2,"victory":true,"master_deck":["Strike_B","Defend_B+1","Defend_B","Zap+1","Dualcast","Beam Cell+1","Rip and Tear+1","Ball Lightning","Capacitor+1","Self Repair+1","Sweeping Beam+1","Chill+1","Conserve Battery","Ball Lightning","Rainbow","Biased Cognition+1","Hologram+1","Glacier+1","Chaos+1","Heatsinks","Barrage+1","Sweeping Beam+1","Biased Cognition+1","Cold Snap+1","Go for the Eyes+1","Loop+1","Madness","Madness","Static Discharge+1","Redo+1","Ball Lightning","Consume+1"],"max_hp_per_floor":[75,75,75,75,75,75,75,75,75,75,75,75,75,75,75,75,75,75,82,82,82,82,82,82,82,82,87,87,87,87,87,87,87,87,87,87,87,76,76,76,76,76,76,76,76,76,76,76,76,76],"relics":["Cracked Core","Orichalcum","Oddly Smooth Stone","Potion Belt","Astrolabe","Strawberry","Tiny Chest","Eternal Feather","Girya","Bottled Lightning","Regal Pillow","Torii"],"card_choices":[{"not_picked":["Conserve Battery","Ball Lightning"],"picked":"Beam Cell","floor":0.0},{"not_picked":["Barrage","Stack"],"picked":"Rip and Tear","floor":1.0},{"not_picked":["Stack","Compile Driver"],"picked":"Ball Lightning","floor":2.0},{"not_picked":["Double Energy","Cold Snap"],"picked":"Capacitor","floor":3.0},{"not_picked":["Go for the Eyes","Capacitor"],"picked":"Sweeping Beam","floor":6.0},{"not_picked":["Cold Snap","Beam Cell"],"picked":"Chill","floor":10.0},{"not_picked":["Gash","Reinforced Body"],"picked":"Conserve Battery","floor":12.0},{"not_picked":["Sunder","Meteor Strike"],"picked":"Ball Lightning","floor":14.0},{"not_picked":["All For One","Fission"],"picked":"Rainbow","floor":16.0},{"not_picked":["Stack","Double Energy","Conserve Battery"],"picked":"SKIP","floor":18.0},{"not_picked":["Sweeping Beam","Redo+1"],"picked":"Chaos","floor":20.0},{"not_picked":["Self Repair","Leap","Reprogram"],"picked":"SKIP","floor":22.0},{"not_picked":["Cold Snap+1","Conserve Battery"],"picked":"Sweeping Beam+1","floor":30.0},{"not_picked":["Hologram+1","Sweeping Beam+1"],"picked":"Cold Snap+1","floor":35.0},{"not_picked":["Sweeping Beam","Conserve Battery+1"],"picked":"Go for the Eyes","floor":36.0},{"not_picked":["Conserve Battery+1","Go for the Eyes+1"],"picked":"Loop","floor":37},{"not_picked":["Reprogram+1","Tempest"],"picked":"Static Discharge+1","floor":42},{"not_picked":["Leap+1","Seek"],"picked":"Redo+1","floor":46},{"not_picked":["Steam+1","Chaos"],"picked":"Ball Lightning","floor":47},{"not_picked":["BootSequence+1","Rebound+1"],"picked":"Consume+1","floor":48}],"player_experience":422018,"potions_floor_usage":[46,50,50,50,50,50],"damage_taken":[{"damage":0.0,"enemies":"Cultist","floor":1.0,"turns":3.0},{"damage":3.0,"enemies":"Jaw Worm","floor":2.0,"turns":3.0},{"damage":1.0,"enemies":"Small Slimes","floor":3.0,"turns":3.0},{"damage":23.0,"enemies":"Lagavulin","floor":6.0,"turns":5.0},{"damage":9.0,"enemies":"Exordium Wildlife","floor":10.0,"turns":3.0},{"damage":0.0,"enemies":"3 Louse","floor":12.0,"turns":3.0},{"damage":0.0,"enemies":"2 Fungi Beasts","floor":14.0,"turns":2.0},{"damage":0.0,"enemies":"Slime Boss","floor":16.0,"turns":8.0},{"damage":0.0,"enemies":"Spheric Guardian","floor":18.0,"turns":4.0},{"damage":9.0,"enemies":"3 Byrds","floor":20.0,"turns":5.0},{"damage":6.0,"enemies":"Centurion and Healer","floor":22.0,"turns":6.0},{"damage":13.0,"enemies":"Snake Plant","floor":30.0,"turns":3.0},{"damage":46.0,"enemies":"Champ","floor":33.0,"turns":9.0},{"damage":18.0,"enemies":"3 Darklings","floor":35.0,"turns":5.0},{"damage":57.0,"enemies":"Mysterious Sphere","floor":36.0,"turns":6.0},{"damage":11,"enemies":"3 Shapes","floor":37,"turns":4},{"damage":15,"enemies":"Sphere and 2 Shapes","floor":42,"turns":6},{"damage":28,"enemies":"4 Shapes","floor":46,"turns":5},{"damage":8,"enemies":"Maw","floor":47,"turns":8},{"damage":8,"enemies":"Sphere and 2 Shapes","floor":48,"turns":6},{"damage":31,"enemies":"Time Eater","floor":50,"turns":9}],"relics_obtained":[{"floor":6.0,"key":"Orichalcum"},{"floor":9.0,"key":"Oddly Smooth Stone"},{"floor":26.0,"key":"Tiny Chest"},{"floor":36.0,"key":"Girya"},{"floor":39,"key":"Bottled Lightning"},{"floor":43,"key":"Regal Pillow"}],"event_choices":[{"event_name":"Shining Light","player_choice":"Entered Light","floor":5.0,"damage_taken":0.0},{"event_name":"The Cleric","player_choice":"Healed","floor":8.0,"damage_taken":0.0},{"event_name":"Dead Adventurer","player_choice":"Searched \u00272\u0027 times","floor":13.0,"damage_taken":0.0},{"event_name":"The Mausoleum","player_choice":"Yes","floor":19.0,"damage_taken":0.0},{"event_name":"Forgotten Altar","player_choice":"Shed Blood","floor":27.0,"damage_taken":0.0},{"event_name":"Duplicator","player_choice":"One dupe","floor":31.0,"damage_taken":0.0},{"event_name":"Mysterious Sphere","player_choice":"Fight","floor":36.0,"damage_taken":0.0},{"event_name":"The Moai Head","player_choice":"Heal","floor":38,"damage_taken":0},{"event_name":"Winding Halls","player_choice":"Embrace Madness","floor":41,"damage_taken":0}],"boss_relics":[],"items_purged_floors":[],"potions_floor_spawned":[1,3,6,10,22,30,35,37,46,48],"seed_played":"3524874267431138747","ascension_level":0,"potions_obtained":[{"floor":1.0,"key":"Energy Potion"},{"floor":3.0,"key":"Swift Potion"},{"floor":6.0,"key":"Energy Potion"},{"floor":10.0,"key":"Strength Potion"},{"floor":22.0,"key":"SpeedPotion"},{"floor":30.0,"key":"Weak Potion"},{"floor":35.0,"key":"Fire Potion"},{"floor":37,"key":"Strength Potion"},{"floor":46,"key":"SteroidPotion"},{"floor":48,"key":"Strength Potion"}],"is_trial":false}