{"gold_per_floor":[367,385,257,270,25,51,51,51,51,16,28,28],"floor_reached":12,"playtime":367,"items_purged":[],"score":121,"play_id":"2571d4e7-c7be-4768-aebe-8b9ef68ae50b","local_time":"20180908175803","is_ascension_mode":true,"campfire_choices":[{"data":"Chaos","floor":7,"key":"SMITH"}],"neow_cost":"PERCENT_DAMAGE","seed_source_timestamp":1840204197121279,"circlet_count":0,"master_deck":["Strike_B","Strike_B","Strike_B","Strike_B","Defend_B","Defend_B","Defend_B","Defend_B","Zap","Dualcast","AscendersBane","Chaos+1","Lockon","Beam Cell","Conserve Battery","Defragment","Chaos","Sunder"],"relics":["Cracked Core","Gremlin Horn","Incense Burner","Bottled Flame"],"potions_floor_usage":[6,6],"damage_taken":[{"damage":2,"enemies":"Jaw Worm","floor":1,"turns":4},{"damage":0,"enemies":"Small Slimes","floor":2,"turns":3},{"damage":0,"enemies":"2 Louse","floor":4,"turns":2},{"damage":11,"enemies":"Lagavulin","floor":6,"turns":5},{"damage":38,"enemies":"Large Slime","floor":11,"turns":6},{"damage":20,"enemies":"3 Sentries","floor":12,"turns":2}],"seed_played":"-4077434527449342141","potions_obtained":[{"floor":1,"key":"Block Potion"}],"is_trial":false,"path_per_floor":["M","M","$","M","$","E","R","?","T","?","M"],"character_chosen":"DEFECT","items_purchased":["Fire Potion","Beam Cell","Conserve Battery","Gremlin Horn"],"campfire_rested":0,"item_purchase_floors":[3,3,3,5],"current_hp_per_floor":[48,48,48,48,48,37,37,37,37,55,17,0],"gold":28,"neow_bonus":"TWO_FIFTY_GOLD","is_prod":false,"is_daily":false,"chose_seed":false,"campfire_upgraded":1,"win_rate":0,"timestamp":1536425883,"path_taken":["M","M","$","M","$","E","R","?","T","?","M","E"],"build_version":"2018-09-06","purchased_purges":0,"victory":false,"max_hp_per_floor":[75,75,75,75,75,75,75,75,75,75,75,75],"card_choices":[{"not_picked":["Coolheaded","Undo"],"picked":"Chaos","floor":1},{"not_picked":["Gash","Compile Driver"],"picked":"Lockon","floor":2},{"not_picked":["Rebound","Gash"],"picked":"Defragment","floor":4},{"not_picked":["Turbo","Conserve Battery"],"picked":"Chaos","floor":6},{"not_picked":["Streamline","Static Discharge"],"picked":"Sunder","floor":11}],"player_experience":695748,"relics_obtained":[{"floor":6,"key":"Incense Burner"},{"floor":9,"key":"Bottled Flame"}],"event_choices":[{"event_name":"Golden Idol","player_choice":"Ignored","floor":8,"damage_taken":0},{"event_name":"The Cleric","player_choice":"Healed","floor":10,"damage_taken":0}],"is_beta":false,"boss_relics":[],"items_purged_floors":[],"is_endless":false,"potions_floor_spawned":[1],"killed_by":"3 Sentries","ascension_level":11}