{"gold_per_floor":[112,129,144,69,69,96,96,113,140,140,152,152,183,31,31,108,108,123,136,36,36,48,48,65,65],"floor_reached":25,"playtime":821,"items_purged":["Strike_B","Strike_B"],"score":394,"play_id":"e77170dd-bf21-466c-9425-a67da0918df1","local_time":"20190801163348","is_ascension_mode":true,"campfire_choices":[{"floor":7,"key":"REST"},{"data":"Rainbow","floor":10,"key":"SMITH"},{"floor":12,"key":"REST"},{"data":"Defragment","floor":15,"key":"SMITH"},{"floor":23,"key":"REST"}],"neow_cost":"PERCENT_DAMAGE","seed_source_timestamp":260601620752800,"circlet_count":0,"master_deck":["AscendersBane","Strike_B+1","Defend_B","Defend_B","Defend_B","Defend_B","Zap","Dualcast","Rainbow+1","Melter","Go for the Eyes+1","Genetic Algorithm","Cold Snap","Electrodynamics","Static Discharge","Stack","Defragment+1","Biased Cognition","Force Field","Hologram","Undo","Genetic Algorithm"],"relics":["Cracked Core","Ancient Tea Set","Whetstone","DataDisk","Potion Belt","White Beast Statue"],"potions_floor_usage":[8,8,16,18,22,25],"damage_taken":[{"damage":10,"enemies":"Jaw Worm","floor":1,"turns":4},{"damage":0,"enemies":"2 Louse","floor":2,"turns":3},{"damage":0,"enemies":"Small Slimes","floor":3,"turns":2},{"damage":20,"enemies":"Lagavulin","floor":6,"turns":6},{"damage":0,"enemies":"Exordium Thugs","floor":8,"turns":3},{"damage":0,"enemies":"2 Fungi Beasts","floor":11,"turns":2},{"damage":10,"enemies":"Gremlin Nob","floor":13,"turns":3},{"damage":12,"enemies":"Hexaghost","floor":16,"turns":7},{"damage":13,"enemies":"Shell Parasite","floor":18,"turns":5},{"damage":3,"enemies":"Spheric Guardian","floor":19,"turns":4},{"damage":26,"enemies":"Snake Plant","floor":22,"turns":4},{"damage":28,"enemies":"3 Cultists","floor":24,"turns":3},{"damage":6,"enemies":"Cultist and Chosen","floor":25,"turns":2}],"seed_played":"-473329606157163512","potions_obtained":[{"floor":1,"key":"Fire Potion"},{"floor":6,"key":"SpeedPotion"},{"floor":8,"key":"Dexterity Potion"},{"floor":11,"key":"Energy Potion"},{"floor":18,"key":"LiquidBronze"},{"floor":19,"key":"Ancient Potion"},{"floor":22,"key":"FearPotion"},{"floor":24,"key":"GamblersBrew"}],"is_trial":false,"path_per_floor":["M","M","M","?","?","E","R","M","T","R","M","R","E","$","R","B",null,"M","M","$","?","M","R","M","M"],"character_chosen":"DEFECT","items_purchased":["Defragment"],"campfire_rested":3,"item_purchase_floors":[14],"current_hp_per_floor":[36,36,36,36,25,5,26,26,26,26,26,47,37,37,37,25,60,47,44,44,34,8,29,1,0],"gold":65,"neow_bonus":"THREE_RARE_CARDS","is_prod":false,"is_daily":false,"chose_seed":false,"campfire_upgraded":2,"win_rate":0,"timestamp":1564670028,"path_taken":["M","M","M","?","?","E","R","?","T","R","M","R","E","$","R","BOSS","M","M","$","?","M","R","?","M"],"build_version":"2019-07-17","purchased_purges":2,"victory":false,"max_hp_per_floor":[71,71,71,71,71,71,71,71,71,71,71,71,71,71,71,71,71,71,71,71,71,71,71,71,71],"card_choices":[{"not_picked":["Machine Learning","Reboot"],"picked":"Rainbow","floor":0},{"not_picked":["Go for the Eyes","Redo"],"picked":"Melter","floor":1},{"not_picked":["Turbo","Consume"],"picked":"Go for the Eyes","floor":2},{"not_picked":["Coolheaded","Reprogram"],"picked":"Genetic Algorithm","floor":3},{"not_picked":["Barrage","Rip and Tear"],"picked":"Cold Snap","floor":6},{"not_picked":["Steam","Hologram"],"picked":"Electrodynamics","floor":8},{"not_picked":["Blizzard","Coolheaded"],"picked":"Static Discharge","floor":11},{"not_picked":["Streamline","Steam Power"],"picked":"Stack","floor":13},{"not_picked":["Electrodynamics","Machine Learning"],"picked":"Biased Cognition","floor":16},{"not_picked":["Turbo","Static Discharge"],"picked":"Force Field","floor":18},{"not_picked":["Sweeping Beam","Glacier"],"picked":"Hologram","floor":19},{"not_picked":["Compile Driver","Storm"],"picked":"Undo","floor":22},{"not_picked":["Ball Lightning","Go for the Eyes"],"picked":"Genetic Algorithm","floor":24}],"player_experience":1787459,"relics_obtained":[{"floor":6,"key":"Whetstone"},{"floor":9,"key":"DataDisk"},{"floor":13,"key":"Potion Belt"}],"event_choices":[{"cards_removed":["Strike_B"],"damage_healed":0,"gold_gain":0,"player_choice":"Card Removal","damage_taken":0,"max_hp_gain":0,"max_hp_loss":0,"event_name":"The Cleric","floor":4,"gold_loss":75},{"damage_healed":0,"gold_gain":0,"player_choice":"Success","damage_taken":11,"relics_obtained":["Ancient Tea Set"],"max_hp_gain":0,"max_hp_loss":0,"event_name":"Scrap Ooze","floor":5,"gold_loss":0},{"damage_healed":0,"gold_gain":0,"player_choice":"Damaged","damage_taken":10,"max_hp_gain":0,"max_hp_loss":0,"event_name":"Wheel of Change","floor":21,"gold_loss":0}],"is_beta":false,"boss_relics":[{"not_picked":["Lizard Tail","Runic Dome"],"picked":"White Beast Statue"}],"items_purged_floors":[14,20],"is_endless":false,"potions_floor_spawned":[1,6,8,11,18,19,22,24],"killed_by":"Cultist and Chosen","ascension_level":17}