{"gold_per_floor":[11,29,40,40,40,100,100,100,100,130,130,144,144,160,160,235,235,253,253,270,270],"floor_reached":21,"playtime":718,"items_purged":[],"score":359,"play_id":"a7ddffde-c4b6-4d7f-8a51-1b8816d89932","local_time":"20190716225603","is_ascension_mode":true,"campfire_choices":[{"data":"Neutralize","floor":8,"key":"SMITH"},{"floor":11,"key":"REST"},{"data":"Noxious Fumes","floor":13,"key":"SMITH"},{"floor":15,"key":"REST"}],"neow_cost":"NO_GOLD","seed_source_timestamp":353470372565000,"circlet_count":0,"master_deck":["AscendersBane","Strike_G","Strike_G","Strike_G","Strike_G","Defend_G","Defend_G","Defend_G","Defend_G","Defend_G","Survivor","Neutralize+1","Dagger Throw","Dagger Spray","Dash","Deflect","Noxious Fumes","Noxious Fumes+1","Crippling Poison","Bullet Time","Skewer","Poisoned Stab","Pain","Escape Plan+1"],"relics":["Ring of the Serpent","StoneCalendar","Question Card","Tiny Chest","Bottled Lightning","Smiling Mask"],"potions_floor_usage":[6,18,21],"damage_taken":[{"damage":0,"enemies":"Cultist","floor":1,"turns":4},{"damage":2,"enemies":"Jaw Worm","floor":2,"turns":6},{"damage":2,"enemies":"2 Louse","floor":3,"turns":2},{"damage":33,"enemies":"Gremlin Nob","floor":6,"turns":5},{"damage":20,"enemies":"3 Sentries","floor":10,"turns":7},{"damage":0,"enemies":"2 Fungi Beasts","floor":12,"turns":4},{"damage":8,"enemies":"Lots of Slimes","floor":14,"turns":3},{"damage":20,"enemies":"Slime Boss","floor":16,"turns":7},{"damage":23,"enemies":"Shell Parasite","floor":18,"turns":6},{"damage":23,"enemies":"Spheric Guardian","floor":20,"turns":5},{"damage":19,"enemies":"Snecko","floor":21,"turns":4}],"seed_played":"-8151080426218037499","potions_obtained":[{"floor":1,"key":"Swift Potion"},{"floor":16,"key":"PowerPotion"},{"floor":20,"key":"PowerPotion"}],"is_trial":false,"path_per_floor":["M","M","M","$","?","E","?","R","T","E","R","M","R","M","R","B",null,"M","?","M","M"],"character_chosen":"THE_SILENT","items_purchased":[],"campfire_rested":2,"item_purchase_floors":[],"current_hp_per_floor":[59,57,55,55,44,11,27,27,27,7,26,26,26,18,37,17,54,31,31,8,0],"gold":270,"neow_bonus":"ONE_RARE_RELIC","is_prod":false,"is_daily":false,"chose_seed":false,"campfire_upgraded":2,"win_rate":0,"timestamp":1563310563,"path_taken":["M","M","M","?","?","E","?","R","T","E","R","M","R","M","R","BOSS","M","?","M","M"],"build_version":"2019-07-05","purchased_purges":0,"victory":false,"max_hp_per_floor":[66,66,66,66,66,66,66,66,66,66,66,66,66,66,66,66,66,66,63,63,63],"card_choices":[{"not_picked":["Acrobatics","Terror"],"picked":"Dagger Throw","floor":1},{"not_picked":["Dodge and Roll","Slice"],"picked":"Dagger Spray","floor":2},{"not_picked":["Endless Agony","Bane"],"picked":"Dash","floor":3},{"not_picked":["Glass Knife","Escape Plan","All Out Attack"],"picked":"Deflect","floor":6},{"not_picked":["Endless Agony","Sucker Punch","Heel Hook"],"picked":"Noxious Fumes","floor":10},{"not_picked":["Poisoned Stab","Blade Dance","Eviscerate"],"picked":"Noxious Fumes","floor":12},{"not_picked":["Dagger Throw","Finisher","Dagger Spray"],"picked":"Crippling Poison","floor":14},{"not_picked":["Night Terror","Tools of the Trade","Storm of Steel"],"picked":"Bullet Time","floor":16},{"not_picked":["Outmaneuver","Noxious Fumes","Deadly Poison"],"picked":"Skewer","floor":18},{"not_picked":["Backstab","Setup","Noxious Fumes"],"picked":"Escape Plan+1","floor":20}],"player_experience":1663827,"relics_obtained":[{"floor":6,"key":"Tiny Chest"},{"floor":9,"key":"Bottled Lightning"},{"floor":10,"key":"Smiling Mask"}],"event_choices":[{"damage_healed":0,"gold_gain":0,"player_choice":"Success","damage_taken":11,"relics_obtained":["Question Card"],"max_hp_gain":0,"max_hp_loss":0,"event_name":"Scrap Ooze","floor":5,"gold_loss":0},{"damage_healed":16,"gold_gain":0,"player_choice":"Healed and dodged fight","damage_taken":0,"max_hp_gain":0,"max_hp_loss":0,"event_name":"Mushrooms","floor":7,"gold_loss":0,"cards_obtained":["Parasite"]},{"damage_healed":0,"gold_gain":0,"cards_transformed":["Strike_G","Parasite"],"player_choice":"Became Test Subject","damage_taken":0,"max_hp_gain":0,"max_hp_loss":0,"event_name":"Drug Dealer","floor":19,"gold_loss":0,"cards_obtained":["Poisoned Stab","Pain"]}],"is_beta":false,"boss_relics":[{"not_picked":["Runic Dome","Orrery"],"picked":"Ring of the Serpent"}],"items_purged_floors":[],"is_endless":false,"potions_floor_spawned":[1,16,20],"killed_by":"Snecko","ascension_level":18}