{"gold_per_floor":[111,129,0,0,0,0,31,31,82,113,130,145,160,179,179,253,253,272,272,285,285,73,73],"floor_reached":23,"playtime":687,"items_purged":["Strike_B","Defend_B"],"score":439,"play_id":"e9925311-5533-483f-82ac-ea4abe4176bc","local_time":"20190520004609","is_ascension_mode":true,"campfire_choices":[{"data":"Zap","floor":6,"key":"SMITH"},{"data":"White Noise","floor":8,"key":"SMITH"},{"data":"Meteor Strike","floor":15,"key":"SMITH"}],"neow_cost":"NONE","seed_source_timestamp":523893878832500,"circlet_count":0,"master_deck":["AscendersBane","Defend_B","Defend_B","Defend_B+1","Zap+1","Dualcast","Sunder+1","White Noise+1","Conserve Battery+1","Meteor Strike+1","Echo Form","Genetic Algorithm","Cold Snap","Ball Lightning","Chill","Multi-Cast","Turbo+1","Creative AI+1","Fusion+1","Redo","Necronomicurse","Auto Shields","Sunder"],"relics":["Coffee Dripper","Gremlin Horn","StoneCalendar","War Paint","Pantograph","Astrolabe","Singing Bowl","Necronomicon"],"potions_floor_usage":[7,13,20,23],"damage_taken":[{"damage":3,"enemies":"Jaw Worm","floor":1,"turns":4},{"damage":2,"enemies":"Small Slimes","floor":2,"turns":3},{"damage":5,"enemies":"3 Sentries","floor":7,"turns":5},{"damage":20,"enemies":"Gremlin Nob","floor":10,"turns":4},{"damage":0,"enemies":"Cultist","floor":11,"turns":3},{"damage":0,"enemies":"2 Fungi Beasts","floor":12,"turns":2},{"damage":5,"enemies":"Red Slaver","floor":13,"turns":3},{"damage":3,"enemies":"Looter","floor":14,"turns":4},{"damage":0,"enemies":"Slime Boss","floor":16,"turns":5},{"damage":12,"enemies":"Shell Parasite","floor":18,"turns":4},{"damage":30,"enemies":"3 Byrds","floor":20,"turns":5},{"damage":5,"enemies":"Book of Stabbing","floor":23,"turns":2}],"seed_played":"152690530658627803","potions_obtained":[{"floor":1,"key":"Energy Potion"},{"floor":10,"key":"AttackPotion"},{"floor":14,"key":"LiquidBronze"},{"floor":16,"key":"Poison Potion"},{"floor":20,"key":"SkillPotion"}],"is_trial":false,"path_per_floor":["M","M","$","?","?","R","E","R","T","E","M","M","M","M","R","B",null,"M","?","M","?","$","E"],"character_chosen":"DEFECT","items_purchased":["Conserve Battery","Auto Shields","Sunder"],"campfire_rested":0,"item_purchase_floors":[3,22,22],"current_hp_per_floor":[61,59,59,54,54,54,49,49,49,29,29,29,24,21,21,46,65,53,53,25,4,4,0],"gold":73,"neow_bonus":"BOSS_RELIC","is_prod":false,"is_daily":false,"chose_seed":false,"campfire_upgraded":3,"win_rate":0,"timestamp":1558305969,"path_taken":["M","M","$","?","?","R","E","R","T","E","M","M","?","M","R","BOSS","M","?","?","?","$","E"],"build_version":"2019-01-23","purchased_purges":2,"victory":false,"max_hp_per_floor":[71,71,71,71,71,71,71,71,71,71,71,71,71,71,71,71,71,71,71,73,73,73,73],"card_choices":[{"not_picked":["Glacier","Capacitor"],"picked":"Sunder","floor":1},{"not_picked":["Streamline","Force Field"],"picked":"White Noise","floor":2},{"not_picked":["Skim","Streamline"],"picked":"Meteor Strike","floor":7},{"not_picked":["Stack","Darkness"],"picked":"Echo Form","floor":10},{"not_picked":["Redo","Compile Driver"],"picked":"Genetic Algorithm","floor":11},{"not_picked":["Fusion","Go for the Eyes"],"picked":"Cold Snap","floor":12},{"not_picked":["Redo","Conserve Battery"],"picked":"Ball Lightning","floor":13},{"not_picked":["Steam","Sweeping Beam"],"picked":"Chill","floor":14},{"not_picked":["Seek","All For One"],"picked":"Multi-Cast","floor":16},{"not_picked":["Turbo","Stack"],"picked":"Redo","floor":18},{"not_picked":["Barrage","Turbo+1","Steam"],"picked":"Singing Bowl","floor":20}],"player_experience":1159674,"relics_obtained":[{"floor":7,"key":"StoneCalendar"},{"floor":9,"key":"War Paint"},{"floor":10,"key":"Pantograph"},{"floor":19,"key":"Singing Bowl"},{"floor":21,"key":"Necronomicon"}],"event_choices":[{"damage_healed":0,"gold_gain":0,"player_choice":"Success","damage_taken":5,"relics_obtained":["Gremlin Horn"],"max_hp_gain":0,"max_hp_loss":0,"event_name":"Scrap Ooze","floor":4,"gold_loss":0},{"damage_healed":0,"gold_gain":0,"player_choice":"Forge","damage_taken":0,"max_hp_gain":0,"max_hp_loss":0,"event_name":"Accursed Blacksmith","floor":5,"gold_loss":0,"cards_upgraded":["Sunder"]},{"damage_healed":0,"gold_gain":0,"player_choice":"Relic","damage_taken":0,"max_hp_gain":0,"max_hp_loss":0,"event_name":"Wheel of Change","floor":19,"gold_loss":0},{"damage_healed":0,"gold_gain":0,"player_choice":"Obtained Book","damage_taken":21,"max_hp_gain":0,"max_hp_loss":0,"event_name":"Cursed Tome","floor":21,"gold_loss":0}],"is_beta":false,"boss_relics":[{"not_picked":["Empty Cage","Fusion Hammer"],"picked":"Astrolabe"}],"items_purged_floors":[3,22],"is_endless":false,"potions_floor_spawned":[1,10,14,16,20],"killed_by":"Book of Stabbing","ascension_level":15}