{"gold_per_floor":[15,15,34,34,47,64,64,95,95,95,95,107,107,132,132,132],"floor_reached":16,"playtime":798,"items_purged":[],"score":190,"play_id":"a2bbef24-dc9d-4fd8-9cd5-2ce7679274e1","local_time":"20180903190703","is_ascension_mode":true,"campfire_choices":[{"data":"Havoc","floor":7,"key":"SMITH"},{"floor":11,"key":"REST"},{"floor":13,"key":"REST"},{"data":"Body Slam","floor":15,"key":"SMITH"}],"neow_cost":"NO_GOLD","seed_source_timestamp":1411902673012446,"circlet_count":0,"master_deck":["Strike_R","Strike_R","Strike_R","Strike_R","Defend_R","Defend_R","Defend_R","Defend_R","Bash","AscendersBane","Body Slam+1","Clothesline","Pommel Strike","Havoc+1","Disarm","Sword Boomerang","Shrug It Off"],"relics":["Burning Blood","Vajra","Shuriken","Question Card"],"potions_floor_usage":[10,16],"damage_taken":[{"damage":8,"enemies":"Jaw Worm","floor":1,"turns":4},{"damage":6,"enemies":"Cultist","floor":3,"turns":3},{"damage":2,"enemies":"Small Slimes","floor":5,"turns":4},{"damage":15,"enemies":"Gremlin Gang","floor":6,"turns":7},{"damage":50,"enemies":"3 Sentries","floor":8,"turns":9},{"damage":12,"enemies":"Large Slime","floor":10,"turns":6},{"damage":14,"enemies":"Blue Slaver","floor":12,"turns":3},{"damage":37,"enemies":"Lagavulin","floor":14,"turns":6},{"damage":38,"enemies":"Slime Boss","floor":16,"turns":7}],"seed_played":"5254822717526868923","potions_obtained":[{"floor":3,"key":"Ancient Potion"},{"floor":5,"key":"SmokeBomb"},{"floor":14,"key":"Poison Potion"}],"is_trial":false,"path_per_floor":["M","?","M","$","M","M","R","E","T","M","R","M","R","E","R"],"character_chosen":"IRONCLAD","items_purchased":[],"campfire_rested":2,"item_purchase_floors":[],"current_hp_per_floor":[80,80,80,80,84,75,75,31,31,25,51,43,69,38,38,0],"gold":132,"neow_bonus":"TWENTY_PERCENT_HP_BONUS","is_prod":false,"is_daily":false,"chose_seed":false,"campfire_upgraded":2,"win_rate":0,"timestamp":1535998023,"path_taken":["M","?","M","$","?","M","R","E","T","?","R","M","R","E","R","BOSS"],"build_version":"2018-08-30","purchased_purges":0,"victory":false,"max_hp_per_floor":[89,89,89,89,89,89,89,89,89,89,89,89,89,89,89,89],"card_choices":[{"not_picked":["Sword Boomerang","Sever Soul"],"picked":"Body Slam","floor":1},{"not_picked":["Clash","Warcry"],"picked":"Clothesline","floor":3},{"not_picked":["Body Slam","Inflame"],"picked":"Pommel Strike","floor":5},{"not_picked":["Iron Wave","Twin Strike"],"picked":"Havoc","floor":6},{"not_picked":["Body Slam","Thunderclap"],"picked":"Disarm","floor":8},{"not_picked":["Sentinel","Entrench"],"picked":"Sword Boomerang","floor":12},{"not_picked":["Twin Strike","Blood for Blood"],"picked":"Shrug It Off","floor":14}],"player_experience":629770,"relics_obtained":[{"floor":8,"key":"Vajra"},{"floor":9,"key":"Shuriken"},{"floor":14,"key":"Question Card"}],"event_choices":[{"event_name":"Purifier","player_choice":"One Purge","floor":2,"damage_taken":0}],"is_beta":false,"boss_relics":[],"items_purged_floors":[],"is_endless":false,"potions_floor_spawned":[3,5,8,14],"killed_by":"Slime Boss","ascension_level":14}