{"gold_per_floor":[362,362,362,385,409,409,425,425,425,461,15,56,56,7,7,131,131,131,131,131,57,57,57,9,9,9,9,9,9,9,9,9,9,9,9,9,9,9,9,9],"floor_reached":41,"playtime":1988,"items_purged":["Strike_B"],"score":1008,"play_id":"39fe7251-63a6-4df6-bba6-ea64aceb225a","local_time":"20180811113326","is_ascension_mode":true,"campfire_choices":[{"data":"Defragment","floor":6,"key":"SMITH"},{"data":"Zap","floor":8,"key":"SMITH"},{"floor":15,"key":"REST"},{"data":"Coolheaded","floor":23,"key":"SMITH"},{"data":"Leap","floor":28,"key":"SMITH"},{"floor":32,"key":"REST"}],"neow_cost":"CURSE","seed_source_timestamp":213467229502947,"circlet_count":0,"master_deck":["Strike_B+1","Strike_B","Defend_B","Defend_B","Defend_B","Defend_B","Zap+1","Dualcast","Coolheaded+1","Leap+1","Defragment+1","Ball Lightning","Steam","Loop+1","Machine Learning+1","Buffer+1","Defragment+1","Compile Driver+1","Auto Shields","Defragment+1","Coolheaded","Cold Snap+1","Biased Cognition+1","Madness","Madness","Storm+1","Redo"],"relics":["Cracked Core","Golden Idol","Frozen Egg 2","Odd Mushroom","Thread and Needle","Mummified Hand","Ectoplasm","Whetstone","Lizard Tail"],"potions_floor_usage":[10,12,19,40,40,40],"damage_taken":[{"damage":8,"enemies":"Jaw Worm","floor":1,"turns":4},{"damage":4,"enemies":"Cultist","floor":4,"turns":3},{"damage":1,"enemies":"2 Louse","floor":5,"turns":2},{"damage":13,"enemies":"Looter","floor":7,"turns":3},{"damage":24,"floor":10,"turns":4},{"damage":0,"enemies":"Gremlin Nob","floor":12,"turns":3},{"damage":0,"enemies":"Hexaghost","floor":16,"turns":9},{"damage":3,"enemies":"Chosen","floor":18,"turns":4},{"damage":3,"enemies":"3 Byrds","floor":19,"turns":2},{"damage":0,"enemies":"Sentry and Sphere","floor":22,"turns":4},{"damage":0,"enemies":"Cultist and Chosen","floor":27,"turns":5},{"damage":3,"enemies":"Chosen and Byrds","floor":30,"turns":5},{"damage":0,"enemies":"Snake Plant","floor":31,"turns":5},{"damage":0,"enemies":"Collector","floor":33,"turns":9},{"damage":13,"enemies":"3 Shapes","floor":35,"turns":4},{"damage":0,"enemies":"Orb Walker","floor":37,"turns":4},{"damage":8,"enemies":"Maw","floor":38,"turns":5},{"damage":0,"enemies":"Donu and Deca","floor":40,"turns":8}],"seed_played":"-3632209790373920544","potions_obtained":[{"floor":7,"key":"EssenceOfSteel"},{"floor":10,"key":"Strength Potion"},{"floor":13,"key":"Poison Potion"},{"floor":13,"key":"LiquidBronze"},{"floor":13,"key":"Strength Potion"}],"is_trial":false,"path_per_floor":["M","?","?","M","M","R","M","R","T","?","$","E","?","$","R","B",null,"M","M","?","$","M","R","$","?","T","M","R","$","M","M","R","B",null,"M","?","M","M","?","B"],"character_chosen":"DEFECT","items_purchased":["Thread and Needle","Loop+1","Block Potion","FocusPotion","Coolheaded"],"campfire_rested":2,"item_purchase_floors":[11,11,14,21,24],"current_hp_per_floor":[67,67,60,56,55,55,42,42,42,18,18,18,18,18,38,38,61,58,55,55,55,55,55,55,55,55,55,55,55,52,52,69,69,69,56,47,47,39,39,39],"gold":9,"neow_bonus":"TWO_FIFTY_GOLD","is_prod":false,"is_daily":false,"chose_seed":false,"campfire_upgraded":4,"win_rate":0,"timestamp":1533983606,"path_taken":["M","?","?","M","?","R","M","R","T","?","$","E","?","$","R","BOSS","M","M","?","$","M","R","$","?","T","M","R","?","M","M","R","BOSS","M","?","M","M","?","BOSS"],"build_version":"2018-08-09","purchased_purges":1,"victory":true,"max_hp_per_floor":[75,69,69,69,69,69,69,69,69,69,69,69,69,69,69,69,69,69,69,69,69,69,69,69,69,69,69,69,69,69,69,69,69,69,69,69,69,69,69,69],"card_choices":[{"not_picked":["Go for the Eyes","White Noise"],"picked":"Coolheaded","floor":1},{"not_picked":["Fusion","Gash"],"picked":"Leap","floor":4},{"not_picked":["Beam Cell","Aggregate"],"picked":"Defragment","floor":5},{"not_picked":["Chaos","Force Field"],"picked":"Ball Lightning","floor":7},{"not_picked":["Stack","Cold Snap"],"picked":"Steam","floor":10},{"not_picked":["Auto Shields","Self Repair+1"],"picked":"Machine Learning+1","floor":12},{"not_picked":["Rainbow","Multi-Cast"],"picked":"Buffer+1","floor":16},{"not_picked":["Doom and Gloom","Hologram"],"picked":"Defragment+1","floor":18},{"not_picked":["Steam","Recycle"],"picked":"Compile Driver","floor":19},{"not_picked":["Sweeping Beam+1","Conserve Battery"],"picked":"Defragment+1","floor":22},{"not_picked":["Scrape","Gash","Reprogram"],"picked":"SKIP","floor":27},{"not_picked":["Consume","Undo+1"],"picked":"Cold Snap+1","floor":30},{"not_picked":["Stack","Compile Driver","Steam"],"picked":"SKIP","floor":31},{"not_picked":["All For One","Multi-Cast"],"picked":"Biased Cognition+1","floor":33},{"not_picked":["Steam+1","Barrage+1","Go for the Eyes"],"picked":"SKIP","floor":35},{"not_picked":["BootSequence","Coolheaded"],"picked":"Storm+1","floor":37},{"not_picked":["Stack","Lockon+1"],"picked":"Redo","floor":38}],"player_experience":554633,"relics_obtained":[{"floor":9,"key":"Frozen Egg 2"},{"floor":10,"key":"Odd Mushroom"},{"floor":12,"key":"Mummified Hand"},{"floor":26,"key":"Whetstone"}],"event_choices":[{"event_name":"Golden Idol","player_choice":"Lose Max HP","floor":2,"damage_taken":0},{"event_name":"Golden Wing","player_choice":"Card Removal","floor":3,"damage_taken":0},{"event_name":"Mushrooms","player_choice":"Fought Mushrooms","floor":10,"damage_taken":0},{"event_name":"The Lab","player_choice":"Got Potions","floor":13,"damage_taken":0},{"event_name":"Transmorgrifier","player_choice":"Transform","floor":20,"damage_taken":0},{"event_name":"Vampires","player_choice":"Ignored","floor":25,"damage_taken":0},{"event_name":"Winding Halls","player_choice":"Embrace Madness","floor":36,"damage_taken":0},{"event_name":"SecretPortal","player_choice":"Took Portal.","floor":39,"damage_taken":0}],"is_beta":false,"boss_relics":[{"not_picked":["Coffee Dripper","Busted Crown"],"picked":"Ectoplasm"},{"not_picked":["Black Star","Astrolabe"],"picked":"Lizard Tail"}],"items_purged_floors":[11],"is_endless":false,"potions_floor_spawned":[7,10,16,27,30,31,37],"ascension_level":5}