{"gold_per_floor":[118,129,144,164,174,209,33,33,33,33,108,122,397,410,410,410],"floor_reached":16,"playtime":465,"items_purged":[],"score":208,"play_id":"5c1a1ebe-3df8-4209-8c4a-99457f9e0165","local_time":"20190413000217","is_ascension_mode":true,"campfire_choices":[{"data":"Footwork","floor":8.0,"key":"SMITH"},{"data":"Footwork","floor":10.0,"key":"SMITH"},{"floor":15.0,"key":"REST"}],"neow_cost":"NONE","seed_source_timestamp":19532064616250,"circlet_count":0,"master_deck":["AscendersBane","Defend_G","Defend_G","Defend_G","Defend_G","Defend_G","Strike_G","Strike_G","Survivor","Neutralize","Corpse Explosion+1","Eviscerate+1","Masterful Stab+1","Predator","Sucker Punch","PiercingWail","Footwork+1","Footwork+1","Dash","Bouncing Flask","Regret","Dash"],"special_seed":0,"relics":["Astrolabe","Shovel","Paper Crane"],"potions_floor_usage":[],"damage_taken":[{"damage":0.0,"enemies":"Small Slimes","floor":1.0,"turns":2.0},{"damage":4.0,"enemies":"Jaw Worm","floor":2.0,"turns":2.0},{"damage":0.0,"enemies":"Cultist","floor":3.0,"turns":3.0},{"damage":5.0,"enemies":"Exordium Thugs","floor":4.0,"turns":2.0},{"damage":1.0,"enemies":"3 Louse","floor":5.0,"turns":3.0},{"damage":24.0,"enemies":"3 Sentries","floor":6.0,"turns":3.0},{"damage":0.0,"enemies":"Blue Slaver","floor":12.0,"turns":5.0},{"damage":0.0,"enemies":"2 Fungi Beasts","floor":14.0,"turns":4.0},{"damage":35,"enemies":"Slime Boss","floor":16,"turns":11}],"seed_played":"-4103544078093346077","potions_obtained":[{"floor":2.0,"key":"Swift Potion"},{"floor":3.0,"key":"GamblersBrew"},{"floor":5.0,"key":"Swift Potion"}],"is_trial":false,"path_per_floor":["M","M","M","M","M","E","$","R","T","R","?","M","?","M","R","B"],"character_chosen":"THE_SILENT","items_purchased":["Footwork","Dash"],"campfire_rested":1,"item_purchase_floors":[7,7],"current_hp_per_floor":[59,55,55,50,49,25,25,25,25,25,14,14,14,14,33,0],"gold":410,"neow_bonus":"BOSS_RELIC","is_prod":false,"is_daily":false,"chose_seed":false,"campfire_upgraded":2,"win_rate":0,"timestamp":1555106537,"path_taken":["M","M","M","M","M","E","$","R","T","R","?","M","?","M","R","BOSS"],"build_version":"2019-01-23","purchased_purges":0,"victory":false,"max_hp_per_floor":[66,66,66,66,66,66,66,66,66,66,66,66,66,66,66,66],"card_choices":[{"not_picked":["Prepared","Riddle With Holes"],"picked":"Predator","floor":1.0},{"not_picked":["Flying Knee","Setup","Endless Agony"],"picked":"SKIP","floor":2.0},{"not_picked":["Flying Knee","Deflect","Dagger Throw"],"picked":"SKIP","floor":3.0},{"not_picked":["Flying Knee","Deflect","Dagger Throw"],"picked":"SKIP","floor":3.0},{"not_picked":["Blur","Dodge and Roll"],"picked":"Sucker Punch","floor":4.0},{"not_picked":["Backflip","Poisoned Stab"],"picked":"PiercingWail","floor":5.0},{"not_picked":["Quick Slash","Slice"],"picked":"Footwork","floor":6.0},{"not_picked":["Grand Finale","Flying Knee"],"picked":"Bouncing Flask","floor":12.0},{"not_picked":["Flechettes","Sucker Punch"],"picked":"Dash","floor":14.0}],"player_experience":770622,"relics_obtained":[{"floor":6.0,"key":"Shovel"},{"floor":9.0,"key":"Paper Crane"}],"event_choices":[{"damage_healed":0.0,"max_hp_gain":0.0,"max_hp_loss":0.0,"gold_gain":75.0,"event_name":"World of Goop","player_choice":"Gather Gold","floor":11.0,"gold_loss":0.0,"damage_taken":11.0},{"damage_healed":0.0,"max_hp_gain":0.0,"max_hp_loss":0.0,"gold_gain":275.0,"event_name":"Golden Shrine","player_choice":"Desecrate","floor":13.0,"gold_loss":0.0,"damage_taken":0.0,"cards_obtained":["Regret"]}],"is_beta":false,"boss_relics":[],"items_purged_floors":[],"is_endless":false,"potions_floor_spawned":[2,3,5],"killed_by":"Slime Boss","ascension_level":20}