{"gold_per_floor":[113,113,113,133,133,133,164,164,188,207,207,220,220,16,16,16],"floor_reached":16,"playtime":431,"items_purged":[],"score":186,"play_id":"2046fe03-eea5-464f-b684-66592dd35d9a","local_time":"20190815041609","is_ascension_mode":true,"campfire_choices":[{"floor":6,"key":"REST"},{"data":"True Grit","floor":8,"key":"SMITH"},{"floor":11,"key":"REST"},{"floor":13,"key":"REST"},{"data":"Apotheosis","floor":15,"key":"SMITH"}],"neow_cost":"NONE","seed_source_timestamp":83738310081600,"circlet_count":0,"master_deck":["AscendersBane","Strike_R","Strike_R","Strike_R","Strike_R","Strike_R","Defend_R","Defend_R","Defend_R","Defend_R","Bash","Impatience","Whirlwind+1","Flex","True Grit+1","Flex","Infernal Blade","Apotheosis+1"],"relics":["Burning Blood","Singing Bowl","Vajra","Bag of Preparation"],"potions_floor_usage":[16,16],"damage_taken":[{"damage":8,"enemies":"2 Louse","floor":1,"turns":3},{"damage":12,"enemies":"Small Slimes","floor":4,"turns":3},{"damage":35,"enemies":"3 Sentries","floor":7,"turns":4},{"damage":2,"enemies":"Jaw Worm","floor":10,"turns":4},{"damage":21,"enemies":"Exordium Thugs","floor":12,"turns":6},{"damage":53,"enemies":"Hexaghost","floor":16,"turns":9}],"seed_played":"-5164428688343234496","potions_obtained":[{"floor":7,"key":"Strength Potion"},{"floor":12,"key":"AttackPotion"}],"is_trial":false,"path_per_floor":["M","?","?","M","$","R","E","R","T","M","R","M","R","$","R","B"],"character_chosen":"IRONCLAD","items_purchased":["Apotheosis"],"campfire_rested":3,"item_purchase_floors":[14],"current_hp_per_floor":[66,66,31,25,25,47,18,18,18,22,44,29,51,51,51,0],"gold":16,"neow_bonus":"RANDOM_COLORLESS","is_prod":false,"is_daily":false,"chose_seed":false,"campfire_upgraded":2,"win_rate":0,"timestamp":1565835369,"path_taken":["M","?","?","?","$","R","E","R","T","M","R","M","R","?","R","BOSS"],"build_version":"2019-07-17","purchased_purges":0,"victory":false,"max_hp_per_floor":[75,75,75,75,75,75,75,75,75,75,75,75,75,75,75,75],"card_choices":[{"not_picked":["Perfected Strike","Headbutt"],"picked":"Whirlwind","floor":1},{"not_picked":["Fire Breathing","Inflame"],"picked":"Flex","floor":4},{"not_picked":["Reaper","Dual Wield"],"picked":"True Grit","floor":7},{"not_picked":["Burning Pact","Armaments"],"picked":"Flex","floor":10},{"not_picked":["Iron Wave","Bloodletting"],"picked":"Infernal Blade","floor":12}],"player_experience":1911995,"relics_obtained":[{"floor":7,"key":"Vajra"},{"floor":9,"key":"Bag of Preparation"}],"event_choices":[{"damage_healed":0,"gold_gain":0,"player_choice":"Grow","damage_taken":0,"max_hp_gain":0,"max_hp_loss":0,"event_name":"Living Wall","floor":2,"gold_loss":0,"cards_upgraded":["Whirlwind"]},{"damage_healed":0,"gold_gain":0,"player_choice":"Success","damage_taken":35,"relics_obtained":["Singing Bowl"],"max_hp_gain":0,"max_hp_loss":0,"event_name":"Scrap Ooze","floor":3,"gold_loss":0}],"is_beta":false,"boss_relics":[],"items_purged_floors":[],"is_endless":false,"potions_floor_spawned":[7,12],"killed_by":"Hexaghost","ascension_level":18}