{"gold_per_floor":[111,123,138,150,18,49,49,84,109,19,19],"floor_reached":11,"playtime":264,"items_purged":["Strike_R"],"score":166,"play_id":"6a12a52c-ff29-486f-b0d5-b278cc9d8a93","local_time":"20190108193727","is_ascension_mode":true,"campfire_choices":[{"floor":7.0,"key":"REST"}],"neow_cost":"PERCENT_DAMAGE","seed_source_timestamp":525328881242890,"circlet_count":0,"master_deck":["AscendersBane","Strike_R","Strike_R","Strike_R","Strike_R","Defend_R","Defend_R","Defend_R","Defend_R","Bash","Trip","Forethought","Ghostly Armor","Inflame","Twin Strike","Clothesline","Sword Boomerang","Twin Strike","Barricade","Inflame"],"special_seed":0,"relics":["Burning Blood","Bag of Preparation","Omamori","Strawberry"],"potions_floor_usage":[],"damage_taken":[{"damage":15.0,"enemies":"Small Slimes","floor":1.0,"turns":3.0},{"damage":19.0,"enemies":"Jaw Worm","floor":2.0,"turns":4.0},{"damage":2.0,"enemies":"2 Louse","floor":3.0,"turns":4.0},{"damage":5.0,"enemies":"Exordium Wildlife","floor":4.0,"turns":3.0},{"damage":20.0,"enemies":"Lagavulin","floor":6.0,"turns":4.0},{"damage":25,"enemies":"Gremlin Nob","floor":8,"turns":4},{"damage":30,"enemies":"3 Sentries","floor":11,"turns":3}],"seed_played":"4615751234043523051","potions_obtained":[{"floor":1.0,"key":"Weak Potion"},{"floor":3.0,"key":"Poison Potion"}],"is_trial":false,"path_per_floor":["M","M","M","M","$","E","R","E","T","$","E"],"character_chosen":"IRONCLAD","items_purchased":["Sword Boomerang","Inflame"],"campfire_rested":1,"item_purchase_floors":[5,10],"current_hp_per_floor":[41,28,32,33,33,19,41,22,29,29,0],"gold":19,"neow_bonus":"RANDOM_COLORLESS_2","is_prod":false,"is_daily":false,"chose_seed":false,"campfire_upgraded":0,"win_rate":0,"timestamp":1546972647,"path_taken":["M","M","M","M","$","E","R","E","T","$","E"],"build_version":"2019-01-03v4","purchased_purges":1,"victory":false,"max_hp_per_floor":[75,75,75,75,75,75,75,75,82,82,82],"card_choices":[{"not_picked":["Corruption","Cleave"],"picked":"Ghostly Armor","floor":1.0},{"not_picked":["Flex","Heavy Blade"],"picked":"Inflame","floor":2.0},{"not_picked":["Battle Trance","Flex"],"picked":"Twin Strike","floor":3.0},{"not_picked":["Wild Strike","Anger"],"picked":"Clothesline","floor":4.0},{"not_picked":["Clash","Headbutt"],"picked":"Twin Strike","floor":6.0},{"not_picked":["Warcry","Havoc"],"picked":"Barricade","floor":8}],"player_experience":586440,"relics_obtained":[{"floor":6.0,"key":"Bag of Preparation"},{"floor":8,"key":"Omamori"},{"floor":9,"key":"Strawberry"}],"event_choices":[],"is_beta":false,"boss_relics":[],"items_purged_floors":[5],"is_endless":false,"potions_floor_spawned":[1,3,4],"killed_by":"3 Sentries","ascension_level":20}