{"gold_per_floor":[114,189,199,349,170,170,186,186,211,233,272,78,78,94,94,94],"floor_reached":16,"playtime":476,"items_purged":["Doubt"],"score":185,"play_id":"665118a1-da38-404f-a998-70d4cb8fca04","local_time":"20190722015959","is_ascension_mode":true,"campfire_choices":[{"data":"Zap","floor":6,"key":"SMITH"},{"data":"White Noise","floor":13,"key":"SMITH"},{"data":"Consume","floor":15,"key":"SMITH"}],"neow_cost":"NONE","seed_source_timestamp":58265295211600,"circlet_count":0,"master_deck":["AscendersBane","Strike_B","Strike_B","Strike_B","Defend_B","Defend_B","Defend_B","Defend_B","Zap+1","Dualcast","Consume+1","Reinforced Body","Melter","Steam","Auto Shields","Chill","Steam","White Noise+1","Leap","Self Repair","Beam Cell"],"relics":["Cracked Core","Orichalcum","MawBank","Ornamental Fan"],"potions_floor_usage":[10,16,16],"damage_taken":[{"damage":5,"enemies":"Small Slimes","floor":1,"turns":4},{"damage":9,"enemies":"Jaw Worm","floor":3,"turns":4},{"damage":0,"enemies":"2 Louse","floor":7,"turns":2},{"damage":7,"enemies":"Lots of Slimes","floor":10,"turns":4},{"damage":1,"enemies":"3 Sentries","floor":11,"turns":11},{"damage":0,"enemies":"Looter","floor":14,"turns":4},{"damage":41,"enemies":"Slime Boss","floor":16,"turns":6}],"seed_played":"-7441005099158655496","potions_obtained":[{"floor":1,"key":"Strength Potion"},{"floor":3,"key":"Swift Potion"},{"floor":11,"key":"Strength Potion"}],"is_trial":false,"path_per_floor":["M","?","M","?","$","R","M","?","T","M","E","$","R","M","R","B"],"character_chosen":"DEFECT","items_purchased":["Melter","Steam","White Noise","Leap","Self Repair"],"campfire_rested":0,"item_purchase_floors":[5,5,12,12,12],"current_hp_per_floor":[59,48,39,39,39,39,39,39,39,32,31,31,31,38,38,0],"gold":94,"neow_bonus":"RANDOM_COMMON_RELIC","is_prod":false,"is_daily":false,"chose_seed":false,"campfire_upgraded":3,"win_rate":0,"timestamp":1563753599,"path_taken":["M","?","M","?","$","R","M","?","T","M","E","$","R","M","R","BOSS"],"build_version":"2019-07-17","purchased_purges":1,"victory":false,"max_hp_per_floor":[71,71,71,71,71,71,71,71,71,71,71,71,71,71,71,71],"card_choices":[{"not_picked":["Aggregate","Heatsinks"],"picked":"Consume","floor":1},{"not_picked":["Beam Cell","Blizzard"],"picked":"Reinforced Body","floor":3},{"not_picked":["Heatsinks","Steam"],"picked":"Auto Shields","floor":7},{"not_picked":["Streamline","Beam Cell"],"picked":"Chill","floor":10},{"not_picked":["Consume","Force Field"],"picked":"Steam","floor":11},{"not_picked":["Scrape","Melter"],"picked":"Beam Cell","floor":14}],"player_experience":1724472,"relics_obtained":[{"floor":9,"key":"MawBank"},{"floor":11,"key":"Ornamental Fan"}],"event_choices":[{"damage_healed":0,"gold_gain":75,"player_choice":"Gather Gold","damage_taken":11,"max_hp_gain":0,"max_hp_loss":0,"event_name":"World of Goop","floor":2,"gold_loss":0},{"damage_healed":0,"gold_gain":150,"player_choice":"AGREE","damage_taken":0,"max_hp_gain":0,"max_hp_loss":0,"event_name":"Liars Game","floor":4,"gold_loss":0,"cards_obtained":["Doubt"]},{"cards_removed":["Strike_B"],"damage_healed":0,"gold_gain":0,"player_choice":"Card Removal","damage_taken":0,"max_hp_gain":0,"max_hp_loss":0,"event_name":"Wheel of Change","floor":8,"gold_loss":0}],"is_beta":false,"boss_relics":[],"items_purged_floors":[5],"is_endless":false,"potions_floor_spawned":[1,3,11],"killed_by":"Slime Boss","ascension_level":17}