{"gold_per_floor":[113,113,113,38,58,93,93,110,110,139,152,152,163,183,183,284,284,297,309,320,220,238,238],"floor_reached":23,"playtime":1296,"items_purged":["Strike_G","Pain"],"score":205,"play_id":"7ad1d250-c1d2-42f4-aae0-9489452d9ca3","local_time":"20190609011057","is_ascension_mode":false,"campfire_choices":[{"floor":7,"key":"REST"},{"floor":12,"key":"REST"},{"floor":15,"key":"REST"}],"neow_cost":"NONE","seed_source_timestamp":1323947128335612,"circlet_count":0,"master_deck":["Defend_G","Defend_G","Defend_G","Defend_G","Defend_G","Strike_G","Strike_G","Survivor","Neutralize","Poisoned Stab","Noxious Fumes","Backflip","Deadly Poison","Catalyst","Noxious Fumes","Crippling Poison","Die Die Die","Parasite","Injury","Catalyst","Distraction"],"relics":["Ring of the Snake","FossilizedHelix","Girya","Bottled Tornado","Calling Bell","PreservedInsect","Meat on the Bone","Tingsha"],"potions_floor_usage":[6,6,11,16,16,16,23],"damage_taken":[{"damage":2,"enemies":"Jaw Worm","floor":1,"turns":7},{"damage":0,"enemies":"Small Slimes","floor":5,"turns":5},{"damage":34,"enemies":"Gremlin Nob","floor":6,"turns":6},{"damage":0,"enemies":"Cultist","floor":8,"turns":4},{"damage":19,"enemies":"3 Sentries","floor":10,"turns":10},{"damage":0,"enemies":"Lots of Slimes","floor":11,"turns":4},{"damage":0,"enemies":"Exordium Thugs","floor":13,"turns":5},{"damage":0,"enemies":"Looter","floor":14,"turns":4},{"damage":23,"enemies":"Hexaghost","floor":16,"turns":6},{"damage":24,"enemies":"3 Byrds","floor":18,"turns":5},{"damage":4,"enemies":"Chosen","floor":19,"turns":4},{"damage":22,"enemies":"Snecko","floor":20,"turns":6},{"damage":26,"enemies":"3 Cultists","floor":22,"turns":5},{"damage":18,"enemies":"Snake Plant","floor":23,"turns":4}],"seed_played":"3409821726952841850","potions_obtained":[{"floor":3,"key":"Energy Potion"},{"floor":3,"key":"AttackPotion"},{"floor":3,"key":"Weak Potion"},{"floor":5,"key":"Block Potion"},{"floor":11,"key":"Energy Potion"},{"floor":13,"key":"PowerPotion"},{"floor":14,"key":"Poison Potion"},{"floor":22,"key":"LiquidBronze"}],"is_trial":false,"path_per_floor":["M","?","?","$","M","E","R","M","T","E","M","R","M","M","R","B",null,"M","M","M","$","M","M"],"character_chosen":"THE_SILENT","items_purchased":[],"campfire_rested":3,"item_purchase_floors":[],"current_hp_per_floor":[68,68,68,68,68,34,55,55,55,36,36,57,57,57,70,47,70,46,42,32,32,18,0],"gold":238,"neow_bonus":"REMOVE_CARD","is_prod":false,"is_daily":false,"chose_seed":false,"campfire_upgraded":0,"win_rate":0,"timestamp":1560057057,"path_taken":["M","?","?","$","M","E","R","M","T","E","M","R","?","?","R","BOSS","M","M","M","$","M","M"],"build_version":"2019-01-23","purchased_purges":2,"victory":false,"max_hp_per_floor":[70,70,70,70,70,70,70,70,70,70,70,70,70,70,70,70,70,70,70,70,70,70,70],"card_choices":[{"not_picked":["Dodge and Roll","Dagger Spray"],"picked":"Poisoned Stab","floor":1},{"not_picked":["Cloak And Dagger","Heel Hook"],"picked":"Noxious Fumes","floor":5},{"not_picked":["Blade Dance","Endless Agony","Caltrops"],"picked":"SKIP","floor":6},{"not_picked":["Accuracy","Dagger Throw"],"picked":"Backflip","floor":8},{"not_picked":["Tools of the Trade","Cloak And Dagger"],"picked":"Deadly Poison","floor":10},{"not_picked":["Blade Dance","Leg Sweep"],"picked":"Catalyst","floor":11},{"not_picked":["Infinite Blades","Well Laid Plans"],"picked":"Noxious Fumes","floor":13},{"not_picked":["Backstab","PiercingWail"],"picked":"Crippling Poison","floor":14},{"not_picked":["Doppelganger","Bullet Time"],"picked":"Die Die Die","floor":16},{"not_picked":["Footwork","Noxious Fumes+1"],"picked":"Catalyst","floor":18},{"not_picked":["Dagger Throw","Blade Dance","Quick Slash"],"picked":"SKIP","floor":19},{"not_picked":["Terror","Flying Knee","Dagger Spray"],"picked":"SKIP","floor":20},{"not_picked":["Well Laid Plans","Dodge and Roll+1"],"picked":"Distraction","floor":22}],"player_experience":180217,"relics_obtained":[{"floor":6,"key":"FossilizedHelix"},{"floor":9,"key":"Girya"},{"floor":10,"key":"Bottled Tornado"},{"floor":17,"key":"PreservedInsect"},{"floor":17,"key":"Meat on the Bone"},{"floor":17,"key":"Tingsha"}],"event_choices":[{"cards_removed":["Strike_G"],"damage_healed":0,"gold_gain":0,"player_choice":"Forget","damage_taken":0,"max_hp_gain":0,"max_hp_loss":0,"event_name":"Living Wall","floor":2,"gold_loss":0},{"damage_healed":0,"gold_gain":0,"player_choice":"Got Potions","damage_taken":0,"max_hp_gain":0,"max_hp_loss":0,"event_name":"Lab","floor":3,"gold_loss":0}],"is_beta":false,"boss_relics":[{"not_picked":["Astrolabe","Ring of the Serpent"],"picked":"Calling Bell"}],"items_purged_floors":[4,21],"is_endless":false,"potions_floor_spawned":[5,11,13,14,22],"killed_by":"Snake Plant","ascension_level":0}