{"gold_per_floor":[119,133,151,301,313,340,272,302,302,302,331,331,296,45,45,117,117,130,143,160,171,171,171,118,118,118,118,136,151,201,201,201,201],"floor_reached":33,"playtime":1422,"items_purged":["Doubt"],"score":530,"play_id":"54ec420c-f056-4a0b-bea9-5acb89f4d43c","local_time":"20190302051419","is_ascension_mode":true,"campfire_choices":[{"floor":10.0,"key":"REST"},{"data":"Streamline","floor":12.0,"key":"SMITH"},{"data":"Genetic Algorithm","floor":15.0,"key":"SMITH"},{"floor":23,"key":"REST"},{"floor":25,"key":"REST"},{"floor":27,"key":"REST"},{"floor":32,"key":"REST"}],"neow_cost":"NONE","seed_source_timestamp":1184240090015279,"circlet_count":0,"master_deck":["AscendersBane","Strike_B","Strike_B","Strike_B","Strike_B","Defend_B","Defend_B","Defend_B","Defend_B","Zap","Dualcast","Auto Shields","Compile Driver","Ball Lightning","Cold Snap","Go for the Eyes","Streamline+1","Heatsinks+1","Static Discharge+1","Genetic Algorithm+1","Creative AI+1","Hologram","Hello World+1","Conserve Battery+1","Ball Lightning","Coolheaded+1"],"special_seed":0,"relics":["Cracked Core","NeowsBlessing","Meat on the Bone","Frozen Egg 2","Mercury Hourglass","Ornamental Fan","Fusion Hammer","Lantern","Symbiotic Virus"],"potions_floor_usage":[20,20],"damage_taken":[{"damage":0.0,"enemies":"Small Slimes","floor":1.0,"turns":1.0},{"damage":0.0,"enemies":"Jaw Worm","floor":2.0,"turns":1.0},{"damage":0.0,"enemies":"2 Louse","floor":3.0,"turns":1.0},{"damage":1.0,"enemies":"2 Fungi Beasts","floor":5.0,"turns":3.0},{"damage":45.0,"enemies":"Gremlin Nob","floor":6.0,"turns":5.0},{"damage":16.0,"enemies":"3 Sentries","floor":8.0,"turns":8.0},{"damage":21.0,"enemies":"Lagavulin","floor":11.0,"turns":5.0},{"damage":25.0,"enemies":"The Guardian","floor":16.0,"turns":9.0},{"damage":9.0,"enemies":"Chosen","floor":18.0,"turns":3.0},{"damage":20.0,"enemies":"Shell Parasite","floor":19.0,"turns":4.0},{"damage":20,"enemies":"Snecko","floor":20,"turns":4},{"damage":0,"enemies":"Centurion and Healer","floor":21,"turns":6},{"damage":26,"enemies":"Cultist and Chosen","floor":28,"turns":5},{"damage":15,"enemies":"Sentry and Sphere","floor":29,"turns":5},{"damage":10,"enemies":"Colosseum Slavers","floor":31,"turns":3},{"damage":105,"enemies":"Collector","floor":33,"turns":9}],"seed_played":"-6985887078573440350","potions_obtained":[{"floor":2.0,"key":"Poison Potion"},{"floor":6.0,"key":"SkillPotion"},{"floor":16.0,"key":"EssenceOfSteel"},{"floor":18.0,"key":"Block Potion"},{"floor":19.0,"key":"Weak Potion"}],"is_trial":false,"path_per_floor":["M","M","M","?","M","E","?","E","T","R","E","R","?","$","R","B",null,"M","M","M","M","?","R","?","R","T","R","M","M","?","?","R","B"],"character_chosen":"DEFECT","items_purchased":["Static Discharge+1","Genetic Algorithm"],"campfire_rested":5,"item_purchase_floors":[14,14],"current_hp_per_floor":[64,64,64,64,63,18,18,14,14,35,26,26,43,43,43,30,61,52,44,36,36,16,38,38,60,60,76,50,47,47,49,71,0],"gold":201,"neow_bonus":"THREE_ENEMY_KILL","is_prod":false,"is_daily":false,"chose_seed":false,"campfire_upgraded":2,"win_rate":0,"timestamp":1551500059,"path_taken":["M","M","M","?","M","E","?","E","T","R","E","R","?","$","R","BOSS","M","M","M","M","?","R","?","R","T","R","M","?","?","?","R","BOSS"],"build_version":"2019-01-23","purchased_purges":1,"victory":false,"max_hp_per_floor":[71,71,71,71,71,71,71,71,71,71,71,71,71,71,71,71,71,71,71,71,71,76,76,76,76,76,76,76,76,76,76,76,76],"card_choices":[{"not_picked":["Stack","Leap"],"picked":"Auto Shields","floor":1.0},{"not_picked":["Coolheaded","Rebound"],"picked":"Compile Driver","floor":2.0},{"not_picked":["Compile Driver","White Noise"],"picked":"Ball Lightning","floor":3.0},{"not_picked":["Coolheaded","Barrage"],"picked":"Cold Snap","floor":5.0},{"not_picked":["Meteor Strike","Compile Driver"],"picked":"Go for the Eyes","floor":6.0},{"not_picked":["Amplify","Doom and Gloom"],"picked":"Streamline","floor":8.0},{"not_picked":["Barrage","Compile Driver"],"picked":"Heatsinks+1","floor":11.0},{"not_picked":["Buffer+1","Multi-Cast"],"picked":"Creative AI+1","floor":16.0},{"not_picked":["Aggregate","Compile Driver+1"],"picked":"Hologram","floor":18.0},{"not_picked":["Compile Driver","Streamline","Blizzard"],"picked":"SKIP","floor":19.0},{"not_picked":["Gash","Coolheaded"],"picked":"Hello World+1","floor":20},{"not_picked":["Go for the Eyes","Scrape"],"picked":"Conserve Battery+1","floor":21},{"not_picked":["Streamline","Hologram"],"picked":"Ball Lightning","floor":28},{"not_picked":["Compile Driver+1","Hologram"],"picked":"Coolheaded+1","floor":29}],"player_experience":677955,"relics_obtained":[{"floor":6.0,"key":"Meat on the Bone"},{"floor":8.0,"key":"Frozen Egg 2"},{"floor":9.0,"key":"Mercury Hourglass"},{"floor":11.0,"key":"Ornamental Fan"},{"floor":26,"key":"Symbiotic Virus"}],"event_choices":[{"damage_healed":0.0,"max_hp_gain":0.0,"max_hp_loss":0.0,"gold_gain":150.0,"event_name":"Liars Game","player_choice":"AGREE","floor":4.0,"gold_loss":0.0,"damage_taken":0.0,"cards_obtained":["Doubt"]},{"damage_healed":0.0,"max_hp_gain":0.0,"max_hp_loss":0.0,"gold_gain":0.0,"event_name":"World of Goop","player_choice":"Left Gold","floor":7.0,"gold_loss":68.0,"damage_taken":0.0},{"damage_healed":17.0,"max_hp_gain":0.0,"max_hp_loss":0.0,"gold_gain":0.0,"event_name":"The Cleric","player_choice":"Healed","floor":13.0,"gold_loss":35.0,"damage_taken":0.0},{"damage_healed":0,"gold_gain":0,"player_choice":"Shed Blood","damage_taken":25,"max_hp_gain":5,"max_hp_loss":0,"event_name":"Forgotten Altar","floor":22,"gold_loss":0},{"damage_healed":0,"gold_gain":0,"player_choice":"Paid Gold","damage_taken":0,"relics_obtained":["Lantern"],"max_hp_gain":0,"max_hp_loss":0,"event_name":"WeMeetAgain","floor":24,"gold_loss":53},{"damage_healed":0,"gold_gain":50,"player_choice":"Stole From Cult","damage_taken":0,"max_hp_gain":0,"max_hp_loss":0,"event_name":"Nest","floor":30,"gold_loss":0},{"damage_healed":0,"gold_gain":0,"player_choice":"Fight","damage_taken":0,"max_hp_gain":0,"max_hp_loss":0,"event_name":"Colosseum","floor":31,"gold_loss":0},{"damage_healed":0,"gold_gain":0,"player_choice":"Fled From Nobs","damage_taken":0,"max_hp_gain":0,"max_hp_loss":0,"event_name":"Colosseum","floor":31,"gold_loss":0}],"is_beta":false,"boss_relics":[{"not_picked":["Pandora\u0027s Box","Lizard Tail"],"picked":"Fusion Hammer"}],"items_purged_floors":[14],"is_endless":false,"potions_floor_spawned":[2,6,16,18,19,31],"killed_by":"Collector","ascension_level":20}