{"gold_per_floor":[112,62,74,87,16,16,49,65,65,85,112,112,112,139,139,241,241,258,258,258,278,278,278],"floor_reached":23,"playtime":803,"items_purged":[],"score":239,"play_id":"7b99c271-802b-4bd8-bfe4-e92c37f135f2","local_time":"20190721213842","is_ascension_mode":true,"campfire_choices":[{"data":"Uppercut","floor":6,"key":"SMITH"},{"floor":15,"key":"REST"}],"neow_cost":"PERCENT_DAMAGE","seed_source_timestamp":1030303846869777,"circlet_count":0,"master_deck":["Defend_R","Defend_R","Defend_R","Defend_R","Bash","Shrug It Off","Rampage","Uppercut+1","Double Tap","Cleave","Inflame","Rampage","Shrug It Off","Juggernaut","J.A.X.","Pommel Strike","J.A.X."],"relics":["Burning Blood","PreservedInsect","Paper Frog","Odd Mushroom","Pantograph","Darkstone Periapt","Empty Cage"],"potions_floor_usage":[10,11,14,21,23,23,23],"damage_taken":[{"damage":9,"enemies":"2 Louse","floor":1,"turns":2},{"damage":19,"enemies":"Jaw Worm","floor":3,"turns":7},{"damage":6,"enemies":"Cultist","floor":4,"turns":3},{"damage":20,"enemies":"Lagavulin","floor":7,"turns":6},{"damage":0,"enemies":"3 Louse","floor":8,"turns":4},{"damage":3,"enemies":"Looter","floor":10,"turns":2},{"damage":1,"enemies":"The Mushroom Lair","floor":11,"turns":3},{"damage":12,"enemies":"Gremlin Nob","floor":14,"turns":3},{"damage":20,"enemies":"Slime Boss","floor":16,"turns":8},{"damage":0,"enemies":"Chosen","floor":18,"turns":4},{"damage":27,"enemies":"Shell Parasite","floor":21,"turns":4},{"damage":74,"enemies":"Gremlin Leader","floor":23,"turns":6}],"seed_played":"73774887358826150","potions_obtained":[{"floor":7,"key":"SteroidPotion"},{"floor":8,"key":"Explosive Potion"},{"floor":11,"key":"Ancient Potion"},{"floor":20,"key":"FearPotion"},{"floor":20,"key":"Regen Potion"},{"floor":20,"key":"LiquidBronze"},{"floor":21,"key":"Block Potion"}],"is_trial":false,"path_per_floor":["M","?","M","M","$","R","E","M","T","M","?","?","?","E","R","B",null,"M","?","?","M","?","E"],"character_chosen":"IRONCLAD","items_purchased":["Uppercut"],"campfire_rested":1,"item_purchase_floors":[5],"current_hp_per_floor":[53,53,40,40,40,40,26,32,32,35,40,40,22,16,40,51,80,80,80,80,59,59,0],"gold":278,"neow_bonus":"REMOVE_TWO","is_prod":false,"is_daily":false,"chose_seed":false,"campfire_upgraded":1,"win_rate":0,"timestamp":1563759522,"path_taken":["M","?","M","M","?","R","E","M","T","?","?","?","?","E","R","BOSS","M","?","?","?","?","E"],"build_version":"2019-07-17","purchased_purges":0,"victory":false,"max_hp_per_floor":[80,80,80,80,80,80,80,80,80,80,80,80,80,80,80,80,80,80,80,80,80,80,80],"card_choices":[{"not_picked":["Pommel Strike","Wild Strike"],"picked":"Shrug It Off","floor":1},{"not_picked":["Bloodletting","Perfected Strike"],"picked":"Rampage","floor":3},{"not_picked":["Bloodletting","Reckless Charge","Sword Boomerang"],"picked":"SKIP","floor":4},{"not_picked":["Thunderclap","Flex"],"picked":"Double Tap","floor":7},{"not_picked":["Sword Boomerang","Infernal Blade"],"picked":"Cleave","floor":8},{"not_picked":["Body Slam","Havoc"],"picked":"Inflame","floor":10},{"not_picked":["Shrug It Off","Pommel Strike"],"picked":"Rampage","floor":11},{"not_picked":["Body Slam","True Grit"],"picked":"Shrug It Off","floor":14},{"not_picked":["Dark Embrace","Barricade"],"picked":"Juggernaut","floor":16},{"not_picked":["Flex","Second Wind+1","Iron Wave"],"picked":"SKIP","floor":18},{"not_picked":["Twin Strike","Dropkick"],"picked":"Pommel Strike","floor":21}],"player_experience":286588,"relics_obtained":[{"floor":7,"key":"PreservedInsect"},{"floor":9,"key":"Paper Frog"},{"floor":11,"key":"Odd Mushroom"},{"floor":14,"key":"Darkstone Periapt"}],"event_choices":[{"cards_removed":["Strike_R"],"damage_healed":0,"gold_gain":0,"player_choice":"Card Removal","damage_taken":0,"max_hp_gain":0,"max_hp_loss":0,"event_name":"The Cleric","floor":2,"gold_loss":50},{"damage_healed":0,"gold_gain":0,"player_choice":"Fought Mushrooms","damage_taken":0,"max_hp_gain":0,"max_hp_loss":0,"event_name":"Mushrooms","floor":11,"gold_loss":0},{"damage_healed":0,"gold_gain":0,"player_choice":"Ignored","damage_taken":0,"max_hp_gain":0,"max_hp_loss":0,"event_name":"Golden Idol","floor":12,"gold_loss":0},{"damage_healed":0,"gold_gain":0,"player_choice":"Success","damage_taken":18,"relics_obtained":["Pantograph"],"max_hp_gain":0,"max_hp_loss":0,"event_name":"Scrap Ooze","floor":13,"gold_loss":0},{"damage_healed":0,"gold_gain":0,"player_choice":"Obtain J.A.X.","damage_taken":0,"max_hp_gain":0,"max_hp_loss":0,"event_name":"Drug Dealer","floor":19,"gold_loss":0,"cards_obtained":["J.A.X."]},{"damage_healed":0,"gold_gain":0,"player_choice":"Got Potions","damage_taken":0,"max_hp_gain":0,"max_hp_loss":0,"event_name":"Lab","floor":20,"gold_loss":0},{"damage_healed":0,"gold_gain":0,"player_choice":"Copied","damage_taken":0,"max_hp_gain":0,"max_hp_loss":0,"event_name":"Duplicator","floor":22,"gold_loss":0,"cards_obtained":["J.A.X."]}],"is_beta":false,"boss_relics":[{"not_picked":["Eternal Feather","Tiny House"],"picked":"Empty Cage"}],"items_purged_floors":[],"is_endless":false,"potions_floor_spawned":[7,8,11,21],"killed_by":"Gremlin Leader","ascension_level":4}