{"gold_per_floor":[113,113,63,76,151,151,166,166,166,3,20,20,31,60,60,60],"floor_reached":16,"playtime":370,"items_purged":["Strike_B"],"score":160,"play_id":"fdcc2cff-4321-4afb-a38c-95b63225e57b","local_time":"20190226211247","is_ascension_mode":true,"campfire_choices":[{"data":"Zap","floor":6,"key":"SMITH"},{"data":"Sunder","floor":8,"key":"SMITH"},{"data":"Streamline","floor":12,"key":"SMITH"},{"data":"Creative AI","floor":15,"key":"SMITH"}],"neow_cost":"NONE","seed_source_timestamp":581677114148000,"circlet_count":0,"master_deck":["AscendersBane","Strike_B","Strike_B","Defend_B","Defend_B","Defend_B","Defend_B","Zap+1","Dualcast","Sunder+1","Redo","Streamline+1","Madness","Leap","Creative AI+1","BootSequence"],"relics":["Cracked Core","NeowsBlessing","Darkstone Periapt","Anchor"],"potions_floor_usage":[11,16,16],"damage_taken":[{"damage":0,"enemies":"2 Louse","floor":1,"turns":1},{"damage":0,"enemies":"Small Slimes","floor":4,"turns":1},{"damage":0,"enemies":"Jaw Worm","floor":7,"turns":1},{"damage":20,"enemies":"Gremlin Gang","floor":11,"turns":3},{"damage":8,"enemies":"Blue Slaver","floor":13,"turns":3},{"damage":16,"enemies":"3 Sentries","floor":14,"turns":6},{"damage":20,"enemies":"Hexaghost","floor":16,"turns":8}],"seed_played":"1505821186067024341","potions_obtained":[{"floor":1,"key":"FearPotion"},{"floor":4,"key":"Ancient Potion"},{"floor":13,"key":"Dexterity Potion"},{"floor":14,"key":"Strength Potion"}],"is_trial":false,"path_per_floor":["M","?","?","M","?","R","M","R","T","$","M","R","M","E","R","B"],"character_chosen":"DEFECT","items_purchased":["Madness"],"campfire_rested":0,"item_purchase_floors":[10],"current_hp_per_floor":[68,73,73,73,62,62,62,62,62,62,42,42,34,18,18,0],"gold":60,"neow_bonus":"THREE_ENEMY_KILL","is_prod":false,"is_daily":false,"chose_seed":false,"campfire_upgraded":4,"win_rate":0,"timestamp":1551211967,"path_taken":["M","?","?","M","?","R","?","R","T","$","?","R","M","E","R","BOSS"],"build_version":"2019-01-23","purchased_purges":1,"victory":false,"max_hp_per_floor":[75,80,80,80,80,80,80,80,80,80,80,80,80,80,80,80],"card_choices":[{"not_picked":["Steam Power","Sweeping Beam"],"picked":"Sunder","floor":1},{"not_picked":["Lockon","Blizzard"],"picked":"Redo","floor":4},{"not_picked":["Conserve Battery","Loop"],"picked":"Streamline","floor":7},{"not_picked":["Recycle","Force Field"],"picked":"Leap","floor":11},{"not_picked":["Sunder","Stack"],"picked":"Creative AI","floor":13},{"not_picked":["Coolheaded","Hello World"],"picked":"BootSequence","floor":14}],"player_experience":865521,"relics_obtained":[{"floor":9,"key":"Darkstone Periapt"},{"floor":14,"key":"Anchor"}],"event_choices":[{"damage_healed":0,"gold_gain":0,"player_choice":"Donut","damage_taken":0,"max_hp_gain":5,"max_hp_loss":0,"event_name":"Big Fish","floor":2,"gold_loss":0},{"cards_removed":["Strike_B"],"damage_healed":0,"gold_gain":0,"player_choice":"Card Removal","damage_taken":0,"max_hp_gain":0,"max_hp_loss":0,"event_name":"The Cleric","floor":3,"gold_loss":50},{"damage_healed":0,"gold_gain":75,"player_choice":"Gather Gold","damage_taken":11,"max_hp_gain":0,"max_hp_loss":0,"event_name":"World of Goop","floor":5,"gold_loss":0}],"is_beta":false,"boss_relics":[],"items_purged_floors":[10],"is_endless":false,"potions_floor_spawned":[1,4,13,14],"killed_by":"Hexaghost","ascension_level":12}