{"gold_per_floor":[119,70,70,70,93,93,93,43,43,43,66,12,12,51,51,177,177],"floor_reached":17,"playtime":232,"items_purged":[],"score":151,"play_id":"f4a9fbfb-8f60-4b97-b19f-2a7b1542c148","local_time":"20190922010450","is_ascension_mode":false,"campfire_choices":[{"data":"Bash","floor":6,"key":"SMITH"},{"data":"Shockwave","floor":13,"key":"SMITH"},{"data":"Sword Boomerang","floor":15,"key":"SMITH"}],"neow_cost":"NONE","seed_source_timestamp":13571993104322,"circlet_count":0,"master_deck":["Strike_R","Strike_R","Strike_R","Strike_R","Defend_R+1","Defend_R","Defend_R+1","Defend_R","Bash+1","Headbutt","Twin Strike","Sword Boomerang+1","Shockwave+1","Twin Strike","Thunderclap","Limit Break"],"special_seed":0,"relics":["Burning Blood","NeowsBlessing","Golden Idol","Oddly Smooth Stone","Pocketwatch","Akabeko","Toy Ornithopter"],"potions_floor_usage":[],"damage_taken":[{"damage":0.0,"enemies":"Small Slimes","floor":1.0,"turns":1.0},{"damage":0,"enemies":"Jaw Worm","floor":5,"turns":1},{"damage":0,"enemies":"Cultist","floor":11,"turns":1},{"damage":6,"enemies":"3 Sentries","floor":14,"turns":6},{"damage":15,"enemies":"Slime Boss","floor":16,"turns":9}],"seed_played":"6494941196919487568","potions_obtained":[{"floor":5,"key":"LiquidBronze"},{"floor":16,"key":"Energy Potion"}],"is_trial":false,"path_per_floor":["M","$","?","?","M","R","?","?","T","?","M","$","R","E","R","B",null],"character_chosen":"IRONCLAD","items_purchased":["Twin Strike","Twin Strike"],"campfire_rested":0,"item_purchase_floors":[2,12],"current_hp_per_floor":[80,80,74,74,74,74,59,59,59,56,62,62,62,62,62,53,74],"gold":177,"neow_bonus":"THREE_ENEMY_KILL","is_prod":false,"is_daily":false,"chose_seed":false,"campfire_upgraded":3,"win_rate":0,"timestamp":1569135890,"path_taken":["M","$","?","?","?","R","?","?","T","?","M","?","R","E","R","BOSS"],"build_version":"2019-09-20","purchased_purges":0,"victory":false,"max_hp_per_floor":[80,80,74,74,74,74,74,74,74,74,74,74,74,74,74,74,74],"card_choices":[{"not_picked":["Armaments","Corruption"],"picked":"Headbutt","floor":1.0},{"not_picked":["True Grit","Rampage"],"picked":"Sword Boomerang","floor":5},{"not_picked":["Anger","Cleave"],"picked":"Shockwave","floor":11},{"not_picked":["Cleave","True Grit"],"picked":"Thunderclap","floor":14},{"not_picked":["Double Tap","Barricade"],"picked":"Limit Break","floor":16}],"player_experience":1573579,"relics_obtained":[{"floor":4,"key":"Oddly Smooth Stone"},{"floor":9,"key":"Pocketwatch"},{"floor":14,"key":"Toy Ornithopter"}],"event_choices":[{"damage_healed":0,"gold_gain":0,"player_choice":"Lose Max HP","damage_taken":0,"relics_obtained":["Golden Idol"],"max_hp_gain":0,"max_hp_loss":6,"event_name":"Golden Idol","floor":3,"gold_loss":0},{"damage_healed":0,"gold_gain":0,"player_choice":"Relic","damage_taken":0,"max_hp_gain":0,"max_hp_loss":0,"event_name":"Wheel of Change","floor":4,"gold_loss":0},{"damage_healed":0,"gold_gain":0,"player_choice":"Entered Light","damage_taken":15,"max_hp_gain":0,"max_hp_loss":0,"event_name":"Shining Light","floor":7,"gold_loss":0,"cards_upgraded":["Defend_R","Defend_R"]},{"cards_removed":["Strike_R"],"damage_healed":0,"gold_gain":0,"player_choice":"Card Removal","damage_taken":0,"max_hp_gain":0,"max_hp_loss":0,"event_name":"The Cleric","floor":8,"gold_loss":50},{"damage_healed":0,"gold_gain":0,"player_choice":"Success","damage_taken":3,"relics_obtained":["Akabeko"],"max_hp_gain":0,"max_hp_loss":0,"event_name":"Scrap Ooze","floor":10,"gold_loss":0}],"is_beta":true,"boss_relics":[{"not_picked":[]}],"items_purged_floors":[],"is_endless":false,"potions_floor_spawned":[5,16],"ascension_level":0}