{"gold_per_floor":[119,44,2,2,18,44,44,74,74,87,101,112,140,160,160,232,232,243,52,72,92,92,92,125,175,202,236,252,284,284,298,298,372,372,386,386,67,79,29,29,64,64,142,142,11,23,36,46,46,46,46,46,46,46,46],"floor_reached":55,"playtime":4012,"items_purged":["Strike_B","Auto Shields+1","Defend_B","Defend_B"],"score":2004,"play_id":"cd7b6e27-d96c-4fd3-b928-688f1a67bb66","local_time":"20190618230735","is_ascension_mode":true,"campfire_choices":[{"data":"Streamline","floor":7.0,"key":"SMITH"},{"data":"Defragment","floor":15.0,"key":"SMITH"},{"floor":23.0,"key":"REST"},{"data":"Static Discharge","floor":30.0,"key":"SMITH"},{"floor":32.0,"key":"REST"},{"floor":40.0,"key":"REST"},{"floor":42.0,"key":"RECALL"},{"data":"Zap","floor":49.0,"key":"SMITH"},{"data":"FTL","floor":53.0,"key":"SMITH"}],"neow_cost":"NONE","seed_source_timestamp":0,"circlet_count":0,"master_deck":["AscendersBane","Defend_B","Zap+1","Streamline+1","Static Discharge+1","Cold Snap","Coolheaded+1","Electrodynamics","Coolheaded+1","FTL+1","Conserve Battery+1","Defragment+1","Multi-Cast+1","Compile Driver","Hologram+1","Leap+1","Glacier+1","Echo Form","Ball Lightning","Redo+1","Recycle+1","Conserve Battery+1","Rainbow+1","Reinforced Body+1","Steam+1","Leap+1","Skim+1","Defragment+1","Master of Strategy+1","Gash","Coolheaded+1","Gash+1","Barrage+1","BootSequence+1"],"special_seed":0,"relics":["Cracked Core","NeowsBlessing","Toxic Egg 2","Meat on the Bone","Bottled Flame","Symbiotic Virus","Nuclear Battery","Question Card","Smiling Mask","Blood Vial","Astrolabe","Pantograph","Bottled Tornado"],"potions_floor_usage":[],"damage_taken":[{"damage":0.0,"enemies":"2 Louse","floor":1.0,"turns":1.0},{"damage":0.0,"enemies":"Small Slimes","floor":5.0,"turns":1.0},{"damage":0.0,"enemies":"3 Sentries","floor":6.0,"turns":1.0},{"damage":24.0,"enemies":"Gremlin Nob","floor":8.0,"turns":4.0},{"damage":0.0,"enemies":"Cultist","floor":10.0,"turns":3.0},{"damage":2.0,"enemies":"2 Fungi Beasts","floor":11.0,"turns":2.0},{"damage":0.0,"enemies":"Large Slime","floor":12.0,"turns":4.0},{"damage":16.0,"enemies":"3 Sentries","floor":13.0,"turns":4.0},{"damage":6.0,"enemies":"Exordium Thugs","floor":14.0,"turns":3.0},{"damage":15.0,"enemies":"The Guardian","floor":16.0,"turns":12.0},{"damage":14.0,"enemies":"Shell Parasite","floor":18.0,"turns":4.0},{"damage":0.0,"enemies":"Chosen","floor":20.0,"turns":3.0},{"damage":0.0,"enemies":"Shelled Parasite and Fungi","floor":21.0,"turns":8.0},{"damage":0.0,"enemies":"Gremlin Leader","floor":24.0,"turns":6.0},{"damage":16.0,"enemies":"Slavers","floor":27.0,"turns":4.0},{"damage":1.0,"enemies":"Centurion and Healer","floor":28.0,"turns":6.0},{"damage":0.0,"enemies":"Gremlin Leader","floor":29.0,"turns":5.0},{"damage":14.0,"enemies":"Snecko","floor":31.0,"turns":5.0},{"damage":54.0,"enemies":"Collector","floor":33.0,"turns":13.0},{"damage":33.0,"enemies":"3 Darklings","floor":35.0,"turns":6.0},{"damage":0.0,"enemies":"3 Shapes","floor":38.0,"turns":1.0},{"damage":30.0,"enemies":"Nemesis","floor":41.0,"turns":13.0},{"damage":17.0,"enemies":"Spire Growth","floor":46.0,"turns":6.0},{"damage":13.0,"enemies":"Sphere and 2 Shapes","floor":47.0,"turns":6.0},{"damage":3.0,"enemies":"Writhing Mass","floor":48.0,"turns":7.0},{"damage":16.0,"enemies":"Donu and Deca","floor":50.0,"turns":12.0},{"damage":63.0,"enemies":"Awakened One","floor":51.0,"turns":17.0},{"damage":76,"enemies":"Shield and Spear","floor":55,"turns":3}],"seed_played":"-1977967179973666563","potions_obtained":[{"floor":1.0,"key":"Swift Potion"},{"floor":5.0,"key":"EssenceOfSteel"},{"floor":8.0,"key":"Strength Potion"},{"floor":16.0,"key":"FocusPotion"},{"floor":20.0,"key":"Energy Potion"},{"floor":21.0,"key":"Fruit Juice"},{"floor":28.0,"key":"Regen Potion"}],"is_trial":false,"path_per_floor":["M","?","$","?","M","E","R","E","T","M","M","M","E","M","R","B",null,"M","$","M","M","?","R","E","?","T","E","M","E","R","M","R","B",null,"M","?","$","M","$","R","E","R","T","?","$","M","M","M","R","B","B",null,"R","$","E"],"character_chosen":"DEFECT","items_purchased":["Static Discharge","Hologram+1","Leap+1","Master of Strategy+1","Gash","FocusPotion"],"campfire_rested":3,"item_purchase_floors":[3,19,19,37,37,45],"current_hp_per_floor":[64,64,64,54,54,54,54,30,30,42,40,40,36,42,42,39,63,49,49,49,49,49,70,70,70,70,54,53,53,53,41,62,22,59,40,40,40,42,42,63,47,47,47,47,52,49,50,49,49,60,40,67,67,67,0],"gold":46,"neow_bonus":"THREE_ENEMY_KILL","is_prod":false,"is_daily":false,"chose_seed":false,"campfire_upgraded":5,"win_rate":0,"timestamp":1560892055,"path_taken":["M","?","$","?","M","E","R","E","T","M","?","M","E","M","R","BOSS","M","$","M","M","?","R","E","?","T","E","M","E","R","M","R","BOSS","M","?","$","M","?","R","E","R","T","?","?","?","M","M","R","BOSS","BOSS","R","$","E"],"build_version":"2019-01-23","purchased_purges":4,"victory":false,"max_hp_per_floor":[71,71,71,71,71,71,71,71,71,71,71,71,71,71,71,71,71,71,71,71,71,71,71,71,71,71,71,71,71,71,71,71,71,71,71,71,71,71,71,71,71,71,71,71,76,76,76,76,76,76,76,76,76,76,76],"card_choices":[{"not_picked":["Genetic Algorithm","Compile Driver"],"picked":"Streamline","floor":1.0},{"not_picked":["Beam Cell","Coolheaded"],"picked":"Cold Snap","floor":5.0},{"not_picked":["Reinforced Body","Stack"],"picked":"Coolheaded","floor":6.0},{"not_picked":["Cold Snap","Echo Form"],"picked":"Electrodynamics","floor":8.0},{"not_picked":["Stack+1","Barrage"],"picked":"Coolheaded+1","floor":10.0},{"not_picked":["Doom and Gloom","Darkness+1"],"picked":"FTL","floor":11.0},{"not_picked":["Self Repair","FTL"],"picked":"Auto Shields+1","floor":12.0},{"not_picked":["Auto Shields+1","Undo+1"],"picked":"Conserve Battery+1","floor":13.0},{"not_picked":["Compile Driver","Rip and Tear"],"picked":"Defragment","floor":14.0},{"not_picked":["Amplify+1","Buffer"],"picked":"Multi-Cast+1","floor":16.0},{"not_picked":["Doom and Gloom","Streamline+1"],"picked":"Compile Driver","floor":18.0},{"not_picked":["Go for the Eyes","Streamline"],"picked":"Glacier+1","floor":20.0},{"not_picked":["Conserve Battery+1","Sweeping Beam"],"picked":"Echo Form","floor":21.0},{"not_picked":["Multi-Cast+1","Streamline","Compile Driver"],"picked":"SKIP","floor":24.0},{"not_picked":["Beam Cell","Compile Driver","Fusion+1"],"picked":"Redo+1","floor":27.0},{"not_picked":["Streamline","Redo+1","Undo+1"],"picked":"Recycle+1","floor":28.0},{"not_picked":["Ball Lightning","Thunder Strike","Sweeping Beam"],"picked":"Conserve Battery+1","floor":29.0},{"not_picked":["Stack+1","Heatsinks","Streamline","Leap+1"],"picked":"SKIP","floor":31.0},{"not_picked":["Thunder Strike","Echo Form","Hyperbeam"],"picked":"Rainbow+1","floor":33.0},{"not_picked":["Stack+1","Rip and Tear+1","Barrage+1"],"picked":"Skim+1","floor":35.0},{"not_picked":["Turbo+1","Barrage","Redo+1"],"picked":"Coolheaded+1","floor":38.0},{"not_picked":["Sunder","Hello World+1","Storm"],"picked":"Gash+1","floor":41.0},{"not_picked":["Steam Power+1","Heatsinks","Auto Shields+1"],"picked":"Barrage+1","floor":46.0},{"not_picked":["Auto Shields+1","Steam+1","Turbo+1"],"picked":"BootSequence+1","floor":47.0},{"not_picked":["Ball Lightning","Conserve Battery+1","Barrage+1","Compile Driver"],"picked":"SKIP","floor":48.0}],"player_experience":843484,"relics_obtained":[{"floor":6.0,"key":"Toxic Egg 2"},{"floor":8.0,"key":"Meat on the Bone"},{"floor":9.0,"key":"Bottled Flame"},{"floor":13.0,"key":"Symbiotic Virus"},{"floor":24.0,"key":"Question Card"},{"floor":27.0,"key":"Smiling Mask"},{"floor":29.0,"key":"Blood Vial"},{"floor":41.0,"key":"Pantograph"},{"floor":43.0,"key":"Bottled Tornado"}],"event_choices":[{"cards_removed":["Strike_B"],"damage_healed":0.0,"max_hp_gain":0.0,"max_hp_loss":0.0,"gold_gain":0.0,"event_name":"The Cleric","player_choice":"Card Removal","floor":2.0,"gold_loss":75.0,"damage_taken":0.0},{"damage_healed":0.0,"max_hp_gain":0.0,"max_hp_loss":0.0,"gold_gain":0.0,"event_name":"Wheel of Change","player_choice":"Damaged","floor":4.0,"gold_loss":0.0,"damage_taken":10.0},{"damage_healed":0.0,"max_hp_gain":0.0,"max_hp_loss":0.0,"gold_gain":0.0,"event_name":"The Library","player_choice":"Read","floor":22.0,"gold_loss":0.0,"damage_taken":0.0,"cards_obtained":["Ball Lightning"]},{"damage_healed":0.0,"max_hp_gain":0.0,"max_hp_loss":0.0,"gold_gain":50.0,"event_name":"Nest","player_choice":"Stole From Cult","floor":25.0,"gold_loss":0.0,"damage_taken":0.0},{"damage_healed":0.0,"max_hp_gain":0.0,"max_hp_loss":0.0,"gold_gain":0.0,"event_name":"Duplicator","player_choice":"Copied","floor":36.0,"gold_loss":0.0,"damage_taken":0.0,"cards_obtained":["Defragment"]},{"cards_removed":["Dualcast"],"damage_healed":0.0,"max_hp_gain":0.0,"max_hp_loss":0.0,"gold_gain":0.0,"event_name":"Falling","player_choice":"Removed Skill","floor":44.0,"gold_loss":0.0,"damage_taken":0.0}],"is_beta":false,"boss_relics":[{"not_picked":["Ectoplasm","Cursed Key"],"picked":"Nuclear Battery"},{"not_picked":["Calling Bell","Snecko Eye"],"picked":"Astrolabe"}],"items_purged_floors":[19,37,39,45],"is_endless":false,"potions_floor_spawned":[1,5,8,11,16,20,21,28,29,31,46,47],"killed_by":"Shield and Spear","ascension_level":20}