{"gold_per_floor":[116,133,133,283,30,30,65,65,65,340,351,351,25,52,52,124,124,97,114,39,39,51,51],"floor_reached":23,"playtime":805,"items_purged":["Doubt","Regret"],"score":433,"play_id":"297f8257-2611-4c11-9fd8-c7a5bf20c739","local_time":"20190814003837","is_ascension_mode":true,"campfire_choices":[{"data":"Bullet Time","floor":6,"key":"SMITH"},{"data":"Noxious Fumes","floor":8,"key":"SMITH"},{"data":"Neutralize","floor":12,"key":"SMITH"},{"data":"Caltrops","floor":15,"key":"SMITH"}],"neow_cost":"NONE","seed_source_timestamp":977881157951100,"circlet_count":0,"master_deck":["AscendersBane","Strike_G","Strike_G","Strike_G","Strike_G","Defend_G+1","Defend_G","Defend_G","Defend_G","Defend_G","Survivor","Neutralize+1","Noxious Fumes+1","Dash+1","Bullet Time+1","Deflect","Predator","Caltrops+1","Dodge and Roll","Flash of Steel","Choke","Envenom","Well Laid Plans","Flying Knee","RitualDagger","Poisoned Stab+1"],"relics":["Ring of the Snake","NeowsBlessing","Bottled Lightning","Shuriken","Strawberry","WristBlade"],"potions_floor_usage":[11,16,22,23],"damage_taken":[{"damage":0,"enemies":"Jaw Worm","floor":1,"turns":1},{"damage":0,"enemies":"2 Louse","floor":2,"turns":1},{"damage":0,"enemies":"Gremlin Nob","floor":7,"turns":1},{"damage":1,"enemies":"Small Slimes","floor":11,"turns":4},{"damage":26,"enemies":"3 Sentries","floor":14,"turns":7},{"damage":8,"enemies":"Hexaghost","floor":16,"turns":9},{"damage":8,"enemies":"2 Thieves","floor":18,"turns":4},{"damage":0,"enemies":"3 Byrds","floor":19,"turns":2},{"damage":38,"enemies":"3 Cultists","floor":22,"turns":6},{"damage":10,"enemies":"Gremlin Leader","floor":23,"turns":4}],"seed_played":"-3381437627507812871","potions_obtained":[{"floor":1,"key":"Energy Potion"},{"floor":7,"key":"GhostInAJar"},{"floor":16,"key":"SpeedPotion"},{"floor":22,"key":"Swift Potion"}],"is_trial":false,"path_per_floor":["M","M","?","?","$","R","E","R","T","?","M","R","$","E","R","B",null,"M","M","?","?","M","E"],"character_chosen":"THE_SILENT","items_purchased":["Bullet Time","Caltrops","Dodge and Roll","Flash of Steel"],"campfire_rested":0,"item_purchase_floors":[5,13,13,13],"current_hp_per_floor":[59,59,39,39,39,39,39,39,39,39,38,38,38,19,19,11,58,50,50,50,44,6,0],"gold":51,"neow_bonus":"THREE_ENEMY_KILL","is_prod":false,"is_daily":false,"chose_seed":false,"campfire_upgraded":4,"win_rate":0,"timestamp":1565735917,"path_taken":["M","M","?","?","?","R","E","R","T","?","?","R","$","E","R","BOSS","M","M","?","?","M","E"],"build_version":"2019-07-17","purchased_purges":2,"victory":false,"max_hp_per_floor":[66,66,66,66,66,66,66,66,66,66,66,66,66,73,73,73,73,73,73,73,73,73,73],"card_choices":[{"not_picked":["Prepared","Poisoned Stab"],"picked":"Noxious Fumes","floor":1},{"not_picked":["Underhanded Strike","Eviscerate"],"picked":"Dash","floor":2},{"not_picked":["Sucker Punch","Dagger Throw"],"picked":"Deflect","floor":7},{"not_picked":["Prepared","Dash"],"picked":"Predator","floor":11},{"not_picked":["Sucker Punch","Accuracy"],"picked":"Choke","floor":14},{"not_picked":["Storm of Steel","Night Terror"],"picked":"Envenom","floor":16},{"not_picked":["Deadly Poison","Expertise+1"],"picked":"Well Laid Plans","floor":18},{"not_picked":["Dodge and Roll","Acrobatics"],"picked":"Flying Knee","floor":19},{"not_picked":["Dodge and Roll","Envenom"],"picked":"Poisoned Stab+1","floor":22}],"player_experience":1879184,"relics_obtained":[{"floor":7,"key":"Bottled Lightning"},{"floor":9,"key":"Shuriken"},{"floor":14,"key":"Strawberry"}],"event_choices":[{"damage_healed":0,"gold_gain":0,"player_choice":"Entered Light","damage_taken":20,"max_hp_gain":0,"max_hp_loss":0,"event_name":"Shining Light","floor":3,"gold_loss":0,"cards_upgraded":["Dash","Defend_G"]},{"damage_healed":0,"gold_gain":150,"player_choice":"AGREE","damage_taken":0,"max_hp_gain":0,"max_hp_loss":0,"event_name":"Liars Game","floor":4,"gold_loss":0,"cards_obtained":["Doubt"]},{"damage_healed":0,"gold_gain":275,"player_choice":"Desecrate","damage_taken":0,"max_hp_gain":0,"max_hp_loss":0,"event_name":"Golden Shrine","floor":10,"gold_loss":0,"cards_obtained":["Regret"]},{"cards_removed":["Strike_G"],"damage_healed":0,"gold_gain":0,"player_choice":"Gave Gold","damage_taken":0,"max_hp_gain":0,"max_hp_loss":0,"event_name":"Beggar","floor":20,"gold_loss":75},{"damage_healed":0,"gold_gain":0,"player_choice":"Joined the Cult","damage_taken":6,"max_hp_gain":0,"max_hp_loss":0,"event_name":"Nest","floor":21,"gold_loss":0,"cards_obtained":["RitualDagger"]}],"is_beta":false,"boss_relics":[{"not_picked":["Calling Bell","Black Star"],"picked":"WristBlade"}],"items_purged_floors":[5,13],"is_endless":false,"potions_floor_spawned":[1,7,16,22],"killed_by":"Gremlin Leader","ascension_level":19}