{"gold_per_floor":[367,379,379,304,479,479,129,145,190,65,75,106,106,122,122,122],"floor_reached":16,"playtime":654,"items_purged":["Strike_R","Doubt","Strike_R"],"score":100,"play_id":"e84b0dec-c75d-43b8-9477-a8b29ce606bd","local_time":"20190608165301","is_ascension_mode":false,"campfire_choices":[{"data":"Bash","floor":6,"key":"SMITH"},{"data":"Limit Break","floor":13,"key":"SMITH"},{"floor":15,"key":"REST"}],"neow_cost":"CURSE","seed_source_timestamp":1294714622142498,"circlet_count":0,"master_deck":["Strike_R","Strike_R","Strike_R","Defend_R","Defend_R","Defend_R","Defend_R","Bash+1","Pommel Strike","Limit Break+1","Flex","Ghostly Armor"],"relics":["Burning Blood","Singing Bowl","Potion Belt"],"potions_floor_usage":[12,16],"damage_taken":[{"damage":0,"enemies":"2 Louse","floor":1,"turns":3},{"damage":0,"enemies":"Small Slimes","floor":2,"turns":3},{"damage":6,"enemies":"Jaw Worm","floor":8,"turns":3},{"damage":26,"enemies":"Gremlin Gang","floor":11,"turns":8},{"damage":43,"enemies":"3 Sentries","floor":12,"turns":11},{"damage":6,"enemies":"3 Louse","floor":14,"turns":4},{"damage":64,"enemies":"Hexaghost","floor":16,"turns":11}],"seed_played":"-6254998983584043926","potions_obtained":[{"floor":11,"key":"Regen Potion"},{"floor":14,"key":"AttackPotion"}],"is_trial":false,"path_per_floor":["M","M","?","$","?","R","$","M","T","$","M","E","R","M","R","B"],"character_chosen":"IRONCLAD","items_purchased":["Singing Bowl"],"campfire_rested":1,"item_purchase_floors":[7],"current_hp_per_floor":[80,80,80,80,80,80,80,80,80,80,60,38,38,38,62,0],"gold":122,"neow_bonus":"TWO_FIFTY_GOLD","is_prod":false,"is_daily":false,"chose_seed":false,"campfire_upgraded":2,"win_rate":0,"timestamp":1560027181,"path_taken":["M","M","?","$","?","R","$","M","T","$","M","E","R","M","R","BOSS"],"build_version":"2019-01-23","purchased_purges":3,"victory":false,"max_hp_per_floor":[80,80,80,80,80,80,80,80,80,80,80,80,80,80,80,80],"card_choices":[{"not_picked":["Warcry","Perfected Strike","Wild Strike"],"picked":"SKIP","floor":1},{"not_picked":["Cleave","Body Slam","Heavy Blade"],"picked":"SKIP","floor":2},{"not_picked":["Sword Boomerang","Flex"],"picked":"Pommel Strike","floor":8},{"not_picked":["Bloodletting","Havoc"],"picked":"Limit Break","floor":11},{"not_picked":["Evolve","Ghostly Armor"],"picked":"Flex","floor":12},{"not_picked":["Combust","True Grit"],"picked":"Ghostly Armor","floor":14}],"player_experience":154686,"relics_obtained":[{"floor":12,"key":"Potion Belt"}],"event_choices":[{"cards_removed":["Normality"],"damage_healed":0,"gold_gain":0,"player_choice":"Forget","damage_taken":0,"max_hp_gain":0,"max_hp_loss":0,"event_name":"Living Wall","floor":3,"gold_loss":0},{"damage_healed":0,"gold_gain":175,"player_choice":"AGREE","damage_taken":0,"max_hp_gain":0,"max_hp_loss":0,"event_name":"Liars Game","floor":5,"gold_loss":0,"cards_obtained":["Doubt"]}],"is_beta":false,"boss_relics":[],"items_purged_floors":[4,7,10],"is_endless":false,"potions_floor_spawned":[11,14],"killed_by":"Hexaghost","ascension_level":0}