{"gold_per_floor":[359,359,372,372,384,384,416,416,416,451,62,62,79,79,79,153,153,165,165],"floor_reached":19,"playtime":873,"items_purged":[],"score":315,"play_id":"eefae2b1-cc52-4998-91b3-6fdb8162ac10","local_time":"20190623040001","is_ascension_mode":true,"campfire_choices":[{"data":"Neutralize","floor":6,"key":"SMITH"},{"floor":8,"key":"REST"},{"floor":12,"key":"REST"},{"data":"Apotheosis","floor":15,"key":"SMITH"}],"neow_cost":"TEN_PERCENT_HP_LOSS","seed_source_timestamp":445424488505800,"circlet_count":0,"master_deck":["AscendersBane","Defend_G","Defend_G","Defend_G","Defend_G","Defend_G","Strike_G","Strike_G","Strike_G","Strike_G","Survivor","Neutralize+1","Endless Agony","Deadly Poison","Backflip","Noxious Fumes","Backstab","Apotheosis+1","A Thousand Cuts","PiercingWail","Storm of Steel","Dash"],"relics":["Ring of the Snake","Gremlin Horn","Centennial Puzzle","Ninja Scroll","Cursed Key"],"potions_floor_usage":[7,16,18,19,19],"damage_taken":[{"damage":13,"enemies":"Jaw Worm","floor":1,"turns":9},{"damage":1,"enemies":"Small Slimes","floor":3,"turns":3},{"damage":0,"enemies":"2 Louse","floor":5,"turns":3},{"damage":32,"enemies":"3 Sentries","floor":7,"turns":13},{"damage":13,"enemies":"Gremlin Nob","floor":10,"turns":4},{"damage":0,"enemies":"Exordium Thugs","floor":13,"turns":4},{"damage":2,"enemies":"The Guardian","floor":16,"turns":8},{"damage":0,"enemies":"3 Byrds","floor":18,"turns":4},{"damage":18,"enemies":"Colosseum Slavers","floor":19,"turns":4},{"damage":68,"enemies":"Colosseum Nobs","floor":19,"turns":5}],"seed_played":"4515321885480414682","potions_obtained":[{"floor":1,"key":"FearPotion"},{"floor":5,"key":"Energy Potion"},{"floor":10,"key":"Dexterity Potion"},{"floor":16,"key":"SpeedPotion"},{"floor":18,"key":"AttackPotion"}],"is_trial":false,"path_per_floor":["M","?","M","?","M","R","E","R","T","E","$","R","M","?","R","B",null,"M","?"],"character_chosen":"THE_SILENT","items_purchased":["Apotheosis","A Thousand Cuts"],"campfire_rested":2,"item_purchase_floors":[11,11],"current_hp_per_floor":[46,39,38,43,43,43,11,30,30,17,17,36,36,36,36,34,57,57,0],"gold":165,"neow_bonus":"TWO_FIFTY_GOLD","is_prod":false,"is_daily":false,"chose_seed":false,"campfire_upgraded":2,"win_rate":0,"timestamp":1561255201,"path_taken":["M","?","M","?","M","R","E","R","T","E","$","R","M","?","R","BOSS","M","?"],"build_version":"2019-01-23","purchased_purges":0,"victory":false,"max_hp_per_floor":[60,60,60,65,65,65,65,65,65,65,65,65,65,65,65,65,65,65,65],"card_choices":[{"not_picked":["Tactician","Deadly Poison"],"picked":"Endless Agony","floor":1},{"not_picked":["Heel Hook","Dagger Spray"],"picked":"Deadly Poison","floor":3},{"not_picked":["Cloak And Dagger","Sucker Punch"],"picked":"Backflip","floor":5},{"not_picked":["Flechettes","Dagger Throw"],"picked":"Noxious Fumes","floor":7},{"not_picked":["Blade Dance","Caltrops"],"picked":"Backstab","floor":10},{"not_picked":["Bane","Prepared"],"picked":"PiercingWail","floor":13},{"not_picked":["Malaise","A Thousand Cuts"],"picked":"Storm of Steel","floor":16},{"not_picked":["Setup","Concentrate"],"picked":"Dash","floor":18}],"player_experience":1453925,"relics_obtained":[{"floor":7,"key":"Gremlin Horn"},{"floor":9,"key":"Centennial Puzzle"},{"floor":10,"key":"Ninja Scroll"}],"event_choices":[{"cards_removed":["Strike_G"],"damage_healed":0,"gold_gain":0,"player_choice":"Card Removal","damage_taken":7,"max_hp_gain":0,"max_hp_loss":0,"event_name":"Golden Wing","floor":2,"gold_loss":0},{"damage_healed":0,"gold_gain":0,"player_choice":"Donut","damage_taken":0,"max_hp_gain":5,"max_hp_loss":0,"event_name":"Big Fish","floor":4,"gold_loss":0},{"damage_healed":0,"gold_gain":0,"player_choice":"Ignored","damage_taken":0,"max_hp_gain":0,"max_hp_loss":0,"event_name":"Liars Game","floor":14,"gold_loss":0},{"damage_healed":0,"gold_gain":0,"player_choice":"Fight","damage_taken":0,"max_hp_gain":0,"max_hp_loss":0,"event_name":"Colosseum","floor":19,"gold_loss":0},{"damage_healed":0,"gold_gain":0,"player_choice":"Fought Nobs","damage_taken":0,"max_hp_gain":0,"max_hp_loss":0,"event_name":"Colosseum","floor":19,"gold_loss":0}],"is_beta":false,"boss_relics":[{"not_picked":["Ectoplasm","Coffee Dripper"],"picked":"Cursed Key"}],"items_purged_floors":[],"is_endless":false,"potions_floor_spawned":[1,5,10,16,18],"killed_by":"Colosseum Nobs","ascension_level":16}