{"gold_per_floor":[111,121,134,146,146,171,171,171,171,171,187,205,230,198,198,198],"floor_reached":16,"playtime":744,"items_purged":[],"score":179,"play_id":"f3372f01-6194-4df5-810b-cd8dde20dcdf","local_time":"20190930185322","is_ascension_mode":true,"campfire_choices":[{"floor":8,"key":"REST"},{"data":"Perfected Strike","floor":15,"key":"SMITH"}],"neow_cost":"NONE","seed_source_timestamp":1676725067859969,"circlet_count":0,"master_deck":["AscendersBane","Strike_R","Strike_R","Strike_R","Strike_R","Strike_R","Defend_R","Defend_R","Defend_R","Defend_R","Bash","Perfected Strike+1","Burning Pact","Shrug It Off","Perfected Strike+1","Entrench"],"relics":["Burning Blood","Calipers","Molten Egg 2","Singing Bowl"],"potions_floor_usage":[6,13,16],"damage_taken":[{"damage":9,"enemies":"2 Louse","floor":1,"turns":3},{"damage":7,"enemies":"Jaw Worm","floor":2,"turns":3},{"damage":5,"enemies":"Small Slimes","floor":3,"turns":3},{"damage":6,"enemies":"Blue Slaver","floor":4,"turns":6},{"damage":42,"enemies":"Lagavulin","floor":6,"turns":6},{"damage":18,"enemies":"Exordium Thugs","floor":11,"turns":5},{"damage":9,"enemies":"2 Fungi Beasts","floor":12,"turns":3},{"damage":8,"enemies":"3 Sentries","floor":13,"turns":9},{"damage":42,"enemies":"Slime Boss","floor":16,"turns":6}],"seed_played":"8000806903072650519","potions_obtained":[{"floor":0,"key":"PowerPotion"},{"floor":0,"key":"HeartOfIron"},{"floor":6,"key":"Swift Potion"}],"is_trial":false,"path_per_floor":["M","M","M","M","$","E","?","R","T","?","M","M","E","?","R","B"],"character_chosen":"IRONCLAD","items_purchased":[],"campfire_rested":1,"item_purchase_floors":[],"current_hp_per_floor":[69,68,69,69,69,33,33,57,57,57,45,42,42,42,42,0],"gold":198,"neow_bonus":"THREE_SMALL_POTIONS","is_prod":false,"is_daily":false,"chose_seed":false,"campfire_upgraded":1,"win_rate":0,"timestamp":1569884002,"path_taken":["M","M","M","M","$","E","?","R","T","?","M","M","E","?","R","BOSS"],"build_version":"2019-09-27","purchased_purges":0,"victory":false,"max_hp_per_floor":[80,80,80,80,80,80,80,80,80,80,80,80,82,82,82,82],"card_choices":[{"not_picked":["Iron Wave","Headbutt"],"picked":"Perfected Strike","floor":1},{"not_picked":["Limit Break","Hemokinesis"],"picked":"Burning Pact","floor":2},{"not_picked":["True Grit","Pommel Strike"],"picked":"Shrug It Off","floor":3},{"not_picked":["Feel No Pain","Pommel Strike"],"picked":"Perfected Strike","floor":4},{"not_picked":["Clothesline","Cleave"],"picked":"Entrench","floor":6},{"not_picked":["Spot Weakness","Evolve","Armaments"],"picked":"SKIP","floor":11},{"not_picked":["Havoc","Brutality","Clash+1"],"picked":"SKIP","floor":12},{"not_picked":["Burning Pact","Sword Boomerang+1","Rampage+1"],"picked":"Singing Bowl","floor":13}],"player_experience":446590,"relics_obtained":[{"floor":6,"key":"Calipers"},{"floor":9,"key":"Molten Egg 2"},{"floor":13,"key":"Singing Bowl"}],"event_choices":[{"damage_healed":0,"gold_gain":0,"player_choice":"Ignored","damage_taken":0,"max_hp_gain":0,"max_hp_loss":0,"event_name":"Golden Idol","floor":7,"gold_loss":0},{"damage_healed":0,"gold_gain":0,"player_choice":"Grow","damage_taken":0,"max_hp_gain":0,"max_hp_loss":0,"event_name":"Living Wall","floor":10,"gold_loss":0,"cards_upgraded":["Perfected Strike"]},{"damage_healed":0,"gold_gain":0,"player_choice":"Left Gold","damage_taken":0,"max_hp_gain":0,"max_hp_loss":0,"event_name":"World of Goop","floor":14,"gold_loss":32}],"is_beta":true,"boss_relics":[],"items_purged_floors":[],"is_endless":false,"potions_floor_spawned":[1,2,3,6],"killed_by":"Slime Boss","ascension_level":12}