{"gold_per_floor":[115,115,134,134,154,188,188,208,208,208,234,234,247,261,261,358,358,374,374,91,91,104,104,138,151,151,151,168,187,287,302,302,405,405,424,324,324],"floor_reached":37,"playtime":1574,"items_purged":["Pain","Strike_R"],"score":451,"play_id":"063bc2e3-4494-4519-8b78-acb036af6f94","local_time":"20190610170140","is_ascension_mode":false,"campfire_choices":[{"floor":7,"key":"REST"},{"floor":10,"key":"REST"},{"floor":15,"key":"REST"},{"floor":23,"key":"REST"},{"floor":27,"key":"DIG"},{"floor":32,"key":"REST"}],"neow_cost":"CURSE","seed_source_timestamp":138868445024048,"circlet_count":0,"master_deck":["Strike_R","Strike_R+1","Strike_R","Strike_R","Defend_R+1","Defend_R","Defend_R","Defend_R","Bash","Inflame","Whirlwind+1","Juggernaut","Pommel Strike","Sentinel","Headbutt","Double Tap","Pommel Strike","RitualDagger","Offering","Shrug It Off+1","Havoc+1","Offering+1","Sentinel+1"],"relics":["Burning Blood","Turnip","Mango","Singing Bowl","Paper Frog","Shovel","Busted Crown","Chemical X","Mummified Hand","Matryoshka","Toxic Egg 2","Nunchaku","Ornamental Fan","Fusion Hammer"],"potions_floor_usage":[16,16,29,30],"damage_taken":[{"damage":8,"enemies":"Cultist","floor":1,"turns":4},{"damage":14,"enemies":"Jaw Worm","floor":3,"turns":2},{"damage":2,"enemies":"Small Slimes","floor":5,"turns":4},{"damage":35,"enemies":"3 Sentries","floor":6,"turns":7},{"damage":12,"enemies":"Exordium Thugs","floor":8,"turns":4},{"damage":35,"enemies":"Lagavulin","floor":11,"turns":6},{"damage":16,"enemies":"2 Fungi Beasts","floor":13,"turns":4},{"damage":12,"enemies":"Large Slime","floor":14,"turns":4},{"damage":66,"enemies":"Hexaghost","floor":16,"turns":9},{"damage":31,"enemies":"Shell Parasite","floor":18,"turns":5},{"damage":10,"enemies":"2 Thieves","floor":22,"turns":2},{"damage":0,"enemies":"Slavers","floor":24,"turns":1},{"damage":11,"enemies":"Chosen and Byrds","floor":25,"turns":2},{"damage":21,"enemies":"Snake Plant","floor":28,"turns":3},{"damage":6,"enemies":"Snecko","floor":29,"turns":2},{"damage":30,"enemies":"Colosseum Slavers","floor":30,"turns":3},{"damage":14,"enemies":"Colosseum Nobs","floor":30,"turns":3},{"damage":10,"enemies":"Sentry and Sphere","floor":31,"turns":3},{"damage":60,"enemies":"Automaton","floor":33,"turns":7},{"damage":6,"enemies":"3 Shapes","floor":35,"turns":2},{"damage":0,"enemies":"2 Orb Walkers","floor":37,"turns":1}],"seed_played":"4141499435100869249","potions_obtained":[{"floor":5,"key":"FearPotion"},{"floor":13,"key":"LiquidBronze"},{"floor":14,"key":"Explosive Potion"},{"floor":22,"key":"LiquidBronze"},{"floor":24,"key":"LiquidBronze"},{"floor":28,"key":"Energy Potion"},{"floor":35,"key":"SpeedPotion"}],"is_trial":false,"path_per_floor":["M","?","M","?","M","E","R","M","T","R","E","?","M","M","R","B",null,"M","?","$","?","M","R","E","M","T","R","M","M","?","M","R","B",null,"M","$","?"],"character_chosen":"IRONCLAD","items_purchased":["Chemical X"],"campfire_rested":5,"item_purchase_floors":[20],"current_hp_per_floor":[78,92,84,65,69,42,70,64,64,92,63,63,53,47,75,15,96,73,73,73,67,65,95,100,97,97,97,82,84,52,48,79,25,104,104,104,104],"gold":324,"neow_bonus":"ONE_RARE_RELIC","is_prod":false,"is_daily":false,"chose_seed":false,"campfire_upgraded":0,"win_rate":0,"timestamp":1560200500,"path_taken":["M","?","?","?","M","E","R","M","T","R","E","?","M","M","R","BOSS","M","?","$","?","M","R","E","M","T","R","M","M","?","M","R","BOSS","M","$","?"],"build_version":"2019-01-23","purchased_purges":2,"victory":false,"max_hp_per_floor":[80,94,94,94,94,96,96,96,96,96,96,96,96,96,96,96,96,98,98,98,98,100,100,100,102,102,102,102,104,104,104,104,104,104,104,104,104],"card_choices":[{"not_picked":["Searing Blow","Havoc"],"picked":"Warcry","floor":1},{"not_picked":["Clash","Clothesline"],"picked":"Inflame","floor":3},{"not_picked":["Perfected Strike","Clothesline"],"picked":"Whirlwind","floor":5},{"not_picked":["True Grit","Power Through","Perfected Strike"],"picked":"Singing Bowl","floor":6},{"not_picked":["Sword Boomerang","Reckless Charge"],"picked":"Juggernaut","floor":8},{"not_picked":["Armaments","Evolve"],"picked":"Pommel Strike","floor":11},{"not_picked":["Heavy Blade","Shockwave"],"picked":"Sentinel","floor":13},{"not_picked":["Clothesline","Flex"],"picked":"Headbutt","floor":14},{"not_picked":["Bludgeon","Juggernaut"],"picked":"Double Tap","floor":16},{"not_picked":["Dual Wield"],"picked":"Singing Bowl","floor":18},{"not_picked":["Havoc"],"picked":"Singing Bowl","floor":22},{"not_picked":[],"picked":"Offering","floor":24},{"not_picked":["Havoc"],"picked":"Singing Bowl","floor":25},{"not_picked":["Cleave"],"picked":"SKIP","floor":28},{"not_picked":["Feel No Pain+1"],"picked":"Singing Bowl","floor":29},{"not_picked":[],"picked":"Shrug It Off+1","floor":30},{"not_picked":[],"picked":"Havoc+1","floor":31},{"not_picked":[],"picked":"Offering+1","floor":33},{"not_picked":[],"picked":"Sentinel+1","floor":35}],"player_experience":191282,"relics_obtained":[{"floor":6,"key":"Singing Bowl"},{"floor":9,"key":"Paper Frog"},{"floor":11,"key":"Shovel"},{"floor":24,"key":"Mummified Hand"},{"floor":26,"key":"Matryoshka"},{"floor":27,"key":"Toxic Egg 2"},{"floor":30,"key":"Nunchaku"},{"floor":30,"key":"Ornamental Fan"}],"event_choices":[{"cards_removed":["Warcry"],"damage_healed":0,"gold_gain":0,"player_choice":"Gave Card","damage_taken":0,"relics_obtained":["Mango"],"max_hp_gain":0,"max_hp_loss":0,"event_name":"WeMeetAgain","floor":2,"gold_loss":0},{"damage_healed":0,"gold_gain":0,"player_choice":"Entered Light","damage_taken":19,"max_hp_gain":0,"max_hp_loss":0,"event_name":"Shining Light","floor":4,"gold_loss":0,"cards_upgraded":["Strike_R","Defend_R"]},{"damage_healed":0,"gold_gain":0,"player_choice":"Upgraded","damage_taken":0,"max_hp_gain":0,"max_hp_loss":0,"event_name":"Upgrade Shrine","floor":12,"gold_loss":0,"cards_upgraded":["Whirlwind"]},{"damage_healed":0,"gold_gain":0,"player_choice":"Read","damage_taken":0,"max_hp_gain":0,"max_hp_loss":0,"event_name":"The Library","floor":19,"gold_loss":0,"cards_obtained":["Pommel Strike"]},{"damage_healed":0,"gold_gain":0,"player_choice":"Joined the Cult","damage_taken":6,"max_hp_gain":0,"max_hp_loss":0,"event_name":"Nest","floor":21,"gold_loss":0,"cards_obtained":["RitualDagger"]},{"damage_healed":0,"gold_gain":0,"player_choice":"Fight","damage_taken":0,"max_hp_gain":0,"max_hp_loss":0,"event_name":"Colosseum","floor":30,"gold_loss":0},{"damage_healed":0,"gold_gain":0,"player_choice":"Fought Nobs","damage_taken":0,"max_hp_gain":0,"max_hp_loss":0,"event_name":"Colosseum","floor":30,"gold_loss":0},{"damage_healed":0,"gold_gain":0,"player_choice":"Fight","damage_taken":0,"max_hp_gain":0,"max_hp_loss":0,"event_name":"Mysterious Sphere","floor":37,"gold_loss":0}],"is_beta":false,"boss_relics":[{"not_picked":["Lizard Tail","Orrery"],"picked":"Busted Crown"},{"not_picked":["Mark of Pain","Pandora\u0027s Box"],"picked":"Fusion Hammer"}],"items_purged_floors":[20,36],"is_endless":false,"potions_floor_spawned":[5,13,14,22,24,25,28,35],"killed_by":"2 Orb Walkers","ascension_level":0}