{"gold_per_floor":[117,137,137,137,137,137,149,176,202,257,99,99,117,147,147,224,224,235,235,335,1,1,1,26,26,26,37,37,56,71,46,46,118,118,135,153,45,61,76,76,96,141,167,167,185,185,185,210,210,210],"floor_reached":51,"playtime":2105,"items_purged":["Strike_G","Strike_G"],"score":1295,"play_id":"1a5b71c5-aa36-40d6-8cd6-85b46096dc23","local_time":"20190630072332","is_ascension_mode":true,"campfire_choices":[{"floor":6,"key":"REST"},{"data":"Neutralize","floor":12,"key":"SMITH"},{"data":"A Thousand Cuts","floor":15,"key":"SMITH"},{"data":"After Image","floor":23,"key":"SMITH"},{"data":"Predator","floor":25,"key":"SMITH"},{"data":"Infinite Blades","floor":28,"key":"SMITH"},{"floor":32,"key":"REST"},{"floor":40,"key":"REST"},{"floor":44,"key":"REST"},{"data":"Wraith Form v2","floor":47,"key":"SMITH"},{"data":"Noxious Fumes","floor":49,"key":"SMITH"}],"neow_cost":"PERCENT_DAMAGE","seed_source_timestamp":1061214904267600,"circlet_count":0,"master_deck":["AscendersBane","Defend_G","Defend_G","Defend_G","Defend_G","Survivor","Neutralize+1","Endless Agony","After Image+1","Flying Knee+1","Endless Agony","Prepared+1","Dagger Spray","Flying Knee","Infinite Blades+1","Predator+1","A Thousand Cuts+1","Venomology+1","Cloak And Dagger+1","J.A.X.+1","Terror+1","Jack Of All Trades+1","Infinite Blades","Backflip+1","Bouncing Flask+1","Calculated Gamble+1","Cloak And Dagger+1","Caltrops","Dodge and Roll+1","Wraith Form v2+1","Cloak And Dagger+1","Dash","Noxious Fumes+1","Blade Dance+1","Choke","Deflect+1","Acrobatics+1","Writhe","Distraction+1","Footwork+1","Bouncing Flask+1"],"relics":["Ring of the Snake","Art of War","Strawberry","Happy Flower","Juzu Bracelet","Toxic Egg 2","WristBlade","Mango","Pantograph","Snake Skull","Ginger","Cursed Key","Pocketwatch","Dream Catcher","Mummified Hand"],"potions_floor_usage":[8,8,14,18,20,20,27,27,30,30,33,33,35,38,38,42,45,48,48,48,50],"damage_taken":[{"damage":0,"enemies":"2 Louse","floor":1,"turns":4},{"damage":0,"enemies":"Jaw Worm","floor":2,"turns":6},{"damage":0,"enemies":"Small Slimes","floor":7,"turns":2},{"damage":17,"enemies":"Gremlin Nob","floor":8,"turns":4},{"damage":0,"enemies":"Looter","floor":13,"turns":2},{"damage":0,"enemies":"Lagavulin","floor":14,"turns":5},{"damage":2,"enemies":"The Guardian","floor":16,"turns":13},{"damage":3,"enemies":"Shell Parasite","floor":18,"turns":5},{"damage":3,"enemies":"Colosseum Slavers","floor":20,"turns":2},{"damage":24,"enemies":"Colosseum Nobs","floor":20,"turns":5},{"damage":12,"enemies":"Book of Stabbing","floor":24,"turns":4},{"damage":0,"enemies":"Chosen","floor":27,"turns":3},{"damage":19,"enemies":"Snake Plant","floor":29,"turns":3},{"damage":0,"enemies":"Snecko","floor":30,"turns":3},{"damage":51,"enemies":"Automaton","floor":33,"turns":7},{"damage":12,"enemies":"3 Shapes","floor":35,"turns":3},{"damage":8,"enemies":"Orb Walker","floor":36,"turns":2},{"damage":12,"enemies":"4 Shapes","floor":38,"turns":4},{"damage":21,"enemies":"Jaw Worm Horde","floor":39,"turns":4},{"damage":2,"enemies":"Transient","floor":41,"turns":5},{"damage":15,"enemies":"2 Orb Walkers","floor":42,"turns":4},{"damage":14,"enemies":"3 Darklings","floor":45,"turns":4},{"damage":11,"enemies":"Reptomancer","floor":48,"turns":5},{"damage":67,"enemies":"Donu and Deca","floor":50,"turns":8}],"seed_played":"6722386629773604887","potions_obtained":[{"floor":2,"key":"Weak Potion"},{"floor":7,"key":"SkillPotion"},{"floor":13,"key":"GhostInAJar"},{"floor":18,"key":"Explosive Potion"},{"floor":24,"key":"PowerPotion"},{"floor":33,"key":"PowerPotion"},{"floor":35,"key":"Explosive Potion"},{"floor":36,"key":"EssenceOfSteel"},{"floor":42,"key":"Explosive Potion"},{"floor":45,"key":"Dexterity Potion"}],"is_trial":false,"path_per_floor":["M","M","?","?","?","R","M","E","T","T","$","R","M","E","R","B",null,"M","?","?","$","?","R","E","R","T","M","R","M","M","$","R","B",null,"M","M","$","M","M","R","M","?","T","R","M","?","R","E","R","B",null],"character_chosen":"THE_SILENT","items_purchased":["Infinite Blades","Jack Of All Trades+1","Infinite Blades","Backflip+1","Dodge and Roll+1","Noxious Fumes","Blade Dance+1"],"campfire_rested":4,"item_purchase_floors":[11,21,21,21,31,37,37],"current_hp_per_floor":[44,44,44,24,13,32,32,22,22,22,22,22,22,22,22,20,60,57,57,44,44,44,44,32,32,32,32,32,13,13,13,39,13,69,57,49,49,37,16,42,40,25,25,51,37,71,71,60,60,4],"gold":210,"neow_bonus":"TRANSFORM_TWO_CARDS","is_prod":false,"is_daily":false,"chose_seed":false,"campfire_upgraded":7,"win_rate":0,"timestamp":1561872212,"path_taken":["M","M","?","?","?","R","M","E","T","?","?","R","M","E","R","BOSS","M","?","?","$","?","R","E","R","T","M","R","M","M","$","R","BOSS","M","M","$","M","M","R","M","?","T","R","M","?","R","E","R","BOSS"],"build_version":"2019-01-23","purchased_purges":2,"victory":true,"max_hp_per_floor":[66,66,66,66,66,66,66,73,73,73,73,73,73,73,73,73,73,73,73,87,87,87,87,87,87,87,87,87,87,87,87,87,87,87,87,87,87,87,87,87,87,87,87,87,87,71,71,71,71,71],"card_choices":[{"not_picked":["Bane","Escape Plan"],"picked":"Flying Knee","floor":1},{"not_picked":["Bane","Underhanded Strike"],"picked":"Endless Agony","floor":2},{"not_picked":["Accuracy","Flying Knee"],"picked":"Dagger Spray","floor":7},{"not_picked":["Outmaneuver","Slice"],"picked":"Flying Knee","floor":8},{"not_picked":["Sucker Punch","Dagger Spray"],"picked":"Predator","floor":13},{"not_picked":["Dash","Wraith Form v2"],"picked":"A Thousand Cuts","floor":14},{"not_picked":["Die Die Die","Night Terror+1"],"picked":"Venomology+1","floor":16},{"not_picked":["Acrobatics+1","Flying Knee"],"picked":"Cloak And Dagger+1","floor":18},{"not_picked":["Quick Slash","Distraction+1"],"picked":"Terror+1","floor":20},{"not_picked":["Acrobatics+1","Deflect+1"],"picked":"Bouncing Flask+1","floor":24},{"not_picked":["Acrobatics+1","Backflip+1"],"picked":"Calculated Gamble+1","floor":27},{"not_picked":["Bane","Quick Slash"],"picked":"Cloak And Dagger+1","floor":29},{"not_picked":["Skewer","Deflect+1"],"picked":"Caltrops","floor":30},{"not_picked":["Grand Finale","Doppelganger+1"],"picked":"Wraith Form v2","floor":33},{"not_picked":["Sucker Punch","Quick Slash"],"picked":"Cloak And Dagger+1","floor":35},{"not_picked":["Dagger Throw","Slice"],"picked":"Dash","floor":36},{"not_picked":["Underhanded Strike","Prepared+1","Dagger Spray"],"picked":"SKIP","floor":38},{"not_picked":["Outmaneuver+1","Dagger Throw"],"picked":"Choke","floor":39},{"not_picked":["Caltrops","Reflex+1"],"picked":"Deflect+1","floor":41},{"not_picked":["Sucker Punch","Flying Knee"],"picked":"Acrobatics+1","floor":42},{"not_picked":["Backstab+1","Underhanded Strike+1"],"picked":"Distraction+1","floor":44},{"not_picked":["Riddle With Holes","Blur+1"],"picked":"Footwork+1","floor":45},{"not_picked":["Quick Slash","Expertise+1"],"picked":"Bouncing Flask+1","floor":48}],"player_experience":1513578,"relics_obtained":[{"floor":8,"key":"Strawberry"},{"floor":9,"key":"Happy Flower"},{"floor":10,"key":"Juzu Bracelet"},{"floor":14,"key":"Toxic Egg 2"},{"floor":20,"key":"Mango"},{"floor":20,"key":"Pantograph"},{"floor":24,"key":"Snake Skull"},{"floor":26,"key":"Ginger"},{"floor":42,"key":"Pocketwatch"},{"floor":43,"key":"Dream Catcher"},{"floor":48,"key":"Mummified Hand"}],"event_choices":[{"damage_healed":0,"gold_gain":0,"cards_transformed":["Strike_G"],"player_choice":"Change","damage_taken":0,"max_hp_gain":0,"max_hp_loss":0,"event_name":"Living Wall","floor":3,"gold_loss":0,"cards_obtained":["Prepared"]},{"damage_healed":0,"gold_gain":0,"player_choice":"Entered Light","damage_taken":20,"max_hp_gain":0,"max_hp_loss":0,"event_name":"Shining Light","floor":4,"gold_loss":0,"cards_upgraded":["Prepared","Flying Knee"]},{"damage_healed":0,"gold_gain":0,"player_choice":"Success","damage_taken":11,"relics_obtained":["Art of War"],"max_hp_gain":0,"max_hp_loss":0,"event_name":"Scrap Ooze","floor":5,"gold_loss":0},{"damage_healed":0,"gold_gain":0,"player_choice":"Obtain J.A.X.","damage_taken":0,"max_hp_gain":0,"max_hp_loss":0,"event_name":"Drug Dealer","floor":19,"gold_loss":0,"cards_obtained":["J.A.X."]},{"damage_healed":0,"gold_gain":0,"player_choice":"Fight","damage_taken":0,"max_hp_gain":0,"max_hp_loss":0,"event_name":"Colosseum","floor":20,"gold_loss":0},{"damage_healed":0,"gold_gain":0,"player_choice":"Fought Nobs","damage_taken":0,"max_hp_gain":0,"max_hp_loss":0,"event_name":"Colosseum","floor":20,"gold_loss":0},{"cards_removed":["Defend_G"],"damage_healed":0,"gold_gain":0,"player_choice":"Purged","damage_taken":0,"max_hp_gain":0,"max_hp_loss":0,"event_name":"Purifier","floor":22,"gold_loss":0},{"damage_healed":0,"gold_gain":0,"player_choice":"Fight","damage_taken":0,"max_hp_gain":0,"max_hp_loss":0,"event_name":"Mysterious Sphere","floor":42,"gold_loss":0},{"damage_healed":71,"gold_gain":0,"player_choice":"Heal","damage_taken":0,"max_hp_gain":0,"max_hp_loss":16,"event_name":"The Moai Head","floor":46,"gold_loss":0}],"is_beta":false,"boss_relics":[{"not_picked":["Sozu","Black Star"],"picked":"WristBlade"},{"not_picked":["HoveringKite","Orrery"],"picked":"Cursed Key"}],"items_purged_floors":[11,21],"is_endless":false,"potions_floor_spawned":[2,7,13,18,20,24,29,33,35,36,42,45],"ascension_level":16}