{"path_per_floor":["M","$","$","?","M","E","M","$","T","E","R","M","R","M","R","B",null,"M","$","?","?","?","E","R","$","T","R","M","M","E","M","R","B",null,"M","?","M","$","M","R","$","R","T","R","M","R","M","?","R"],"character_chosen":"DEFECT","items_purchased":["Cold Snap","Loop","Capacitor","Tempest","Capacitor","Storm"],"gold_per_floor":[113,67,67,67,77,102,114,74,99,131,131,146,146,161,161,259,259,270,118,118,118,43,76,76,5,53,53,72,85,114,129,129,227,227,240,240,258,185,185,185,111,111,111,111,123,123,139,139,139,139],"floor_reached":50,"campfire_rested":2,"playtime":3940,"item_purchase_floors":[],"current_hp_per_floor":[75,75,75,75,75,75,75,75,75,56,56,52,52,40,40,17,80,69,69,69,69,69,22,69,69,69,77,63,47,22,10,57,6,80,66,66,46,46,46,56,56,66,66,76,69,80,66,66,78,0],"items_purged":["Strike_B"],"gold":139,"score":539,"play_id":"f12b2ea5-b495-416c-9a61-50631a61b81b","local_time":"20180610093232","is_prod":false,"is_daily":false,"chose_seed":false,"is_ascension_mode":true,"campfire_upgraded":9,"win_rate":0,"timestamp":1528619552,"campfire_choices":[{"data":"Loop","floor":11.0,"key":"SMITH"},{"data":"Darkness","floor":13.0,"key":"SMITH"},{"data":"Chill","floor":15.0,"key":"SMITH"},{"floor":24.0,"key":"REST"},{"data":"Tempest","floor":27.0,"key":"SMITH"},{"floor":32,"key":"REST"},{"data":"Seek","floor":40,"key":"SMITH"},{"data":"Storm","floor":42,"key":"SMITH"},{"data":"Conserve Battery","floor":44,"key":"SMITH"},{"data":"Streamline","floor":46,"key":"SMITH"},{"data":"Zap","floor":49,"key":"SMITH"}],"path_taken":["M","?","$","?","M","E","M","?","T","E","R","M","R","M","R","BOSS","M","$","?","?","?","E","R","$","T","R","M","?","E","M","R","BOSS","M","?","M","$","M","R","$","R","T","R","M","R","M","?","R","BOSS"],"build_version":"2018-06-07v3","seed_source_timestamp":0,"purchased_purges":1,"victory":false,"master_deck":["Strike_B","Strike_B+1","Strike_B","Defend_B","Defend_B","Defend_B","Zap+1","Dualcast","Beam Cell+1","Cold Snap+1","Chill+1","Blizzard+1","Steam Power","Loop+1","Streamline+1","Darkness+1","Seek+1","Conserve Battery+1","Capacitor","Barrage","Cold Snap+1","Tempest+1","Barrage+1","Stack","FTL+1","Redo+1","Self Repair+1","Capacitor","Storm+1","Ball Lightning+1","Stack+1"],"max_hp_per_floor":[75,75,75,75,75,75,75,75,75,80,80,80,80,80,80,80,80,80,80,80,80,80,80,80,80,80,80,80,80,80,80,80,80,80,80,80,80,80,80,80,80,80,80,80,80,80,80,80,80,80],"relics":["Cracked Core","NeowsBlessing","Dream Catcher","Regal Pillow","Lantern","Eternal Feather","Whetstone","Potion Belt","Ancient Tea Set","Lizard Tail","Ornamental Fan"],"card_choices":[{"not_picked":["Gash","Hello World"],"picked":"Beam Cell","floor":1.0},{"not_picked":["Barrage","Coolheaded"],"picked":"Chill","floor":5.0},{"not_picked":["Buffer","Turbo"],"picked":"Blizzard","floor":6.0},{"not_picked":["Coolheaded","Darkness"],"picked":"Steam Power","floor":7.0},{"not_picked":["Gash","Steam Power"],"picked":"Streamline","floor":10.0},{"not_picked":["Double Energy","Rebound"],"picked":"Darkness","floor":12.0},{"not_picked":["Doom and Gloom","Gash","Darkness"],"picked":"SKIP","floor":14.0},{"not_picked":["All For One","Creative AI"],"picked":"Seek","floor":16.0},{"not_picked":["Hologram","Compile Driver"],"picked":"Conserve Battery","floor":18.0},{"not_picked":["Ball Lightning","Leap+1"],"picked":"Barrage","floor":23.0},{"not_picked":["Compile Driver","Go for the Eyes"],"picked":"Cold Snap+1","floor":24.0},{"not_picked":["Heatsinks+1","Cold Snap+1"],"picked":"Barrage+1","floor":28.0},{"not_picked":["Steam","Hello World"],"picked":"Stack","floor":29},{"not_picked":["Genetic Algorithm","Undo","Stack"],"picked":"SKIP","floor":30},{"not_picked":["Meteor Strike","Conserve Battery","Skim"],"picked":"SKIP","floor":31},{"not_picked":["Lockon","Rebound"],"picked":"FTL+1","floor":32},{"not_picked":["Chill+1","Steam"],"picked":"Redo+1","floor":35},{"not_picked":["Glacier","Conserve Battery"],"picked":"Self Repair+1","floor":37},{"not_picked":["Coolheaded","Compile Driver+1"],"picked":"Ball Lightning+1","floor":45},{"not_picked":["Cold Snap","Fusion"],"picked":"Stack+1","floor":47}],"player_experience":426209,"potions_floor_usage":[30,30,33,33,39],"damage_taken":[{"damage":0.0,"enemies":"Cultist","floor":1.0,"turns":1.0},{"damage":0.0,"enemies":"Jaw Worm","floor":5.0,"turns":1.0},{"damage":0.0,"enemies":"3 Sentries","floor":6.0,"turns":1.0},{"damage":0.0,"enemies":"2 Louse","floor":7.0,"turns":2.0},{"damage":24.0,"enemies":"Lagavulin","floor":10.0,"turns":6.0},{"damage":4.0,"enemies":"Exordium Wildlife","floor":12.0,"turns":5.0},{"damage":12.0,"enemies":"3 Louse","floor":14.0,"turns":3.0},{"damage":23.0,"enemies":"Slime Boss","floor":16.0,"turns":4.0},{"damage":11.0,"enemies":"Shell Parasite","floor":18.0,"turns":5.0},{"damage":47.0,"enemies":"Book of Stabbing","floor":23.0,"turns":5.0},{"damage":14.0,"enemies":"2 Thieves","floor":28.0,"turns":3.0},{"damage":16,"enemies":"Snecko","floor":29,"turns":4},{"damage":25,"enemies":"Gremlin Leader","floor":30,"turns":5},{"damage":12,"enemies":"Sentry and Sphere","floor":31,"turns":4},{"damage":51,"enemies":"Collector","floor":33,"turns":8},{"damage":14,"enemies":"Orb Walker","floor":35,"turns":4},{"damage":20,"enemies":"3 Darklings","floor":37,"turns":5},{"damage":0,"enemies":"Sphere and 2 Shapes","floor":39,"turns":1},{"damage":7,"enemies":"4 Shapes","floor":45,"turns":4},{"damage":24,"enemies":"3 Darklings","floor":47,"turns":6},{"damage":129,"enemies":"Awakened One","floor":50,"turns":11}],"relics_obtained":[{"floor":6.0,"key":"Dream Catcher"},{"floor":9.0,"key":"Regal Pillow"},{"floor":10.0,"key":"Lantern"},{"floor":23.0,"key":"Whetstone"},{"floor":26.0,"key":"Potion Belt"},{"floor":30,"key":"Ancient Tea Set"},{"floor":43,"key":"Ornamental Fan"}],"event_choices":[{"event_name":"Upgrade Shrine","player_choice":"Upgraded","floor":4.0,"damage_taken":0.0},{"event_name":"Ghosts","player_choice":"Ignored","floor":20.0,"damage_taken":0.0},{"event_name":"Drug Dealer","player_choice":"Ignored","floor":21.0,"damage_taken":0.0},{"event_name":"Beggar","player_choice":"Gave Gold","floor":22.0,"damage_taken":0.0},{"event_name":"Tomb of Lord Red Mask","player_choice":"Ignored","floor":36,"damage_taken":0},{"event_name":"Accursed Blacksmith","player_choice":"Forge","floor":48,"damage_taken":0}],"boss_relics":[{"not_picked":["Runic Pyramid","White Beast Statue"],"picked":"Eternal Feather"},{"not_picked":["Velvet Choker","Snecko Eye"],"picked":"Lizard Tail"}],"items_purged_floors":[],"potions_floor_spawned":[6,7,14,16,23,30,31,37,39],"seed_played":"-488881838568173058","killed_by":"Awakened One","ascension_level":1,"potions_obtained":[{"floor":6.0,"key":"Fruit Juice"},{"floor":7.0,"key":"Strength Potion"},{"floor":14.0,"key":"Block Potion"},{"floor":16.0,"key":"PowerPotion"},{"floor":23.0,"key":"Weak Potion"},{"floor":30,"key":"Block Potion"},{"floor":31,"key":"PowerPotion"},{"floor":37,"key":"SmokeBomb"}],"is_trial":false}