{"gold_per_floor":[115,115,115,127,202,202,212,212,239,272,290,290,27,40,40,115,115,135,31,41,141,141,141,141,141,141,141,157,33,33,48,48,123,123,133,133,143,143,155,155,155,155,155,29,29,48,48,59,59,59],"floor_reached":50,"playtime":2429,"items_purged":[],"score":745,"play_id":"748e05cb-0e68-47c8-a723-e4fd341c805a","local_time":"20180907110438","is_ascension_mode":true,"campfire_choices":[{"data":"Whirlwind","floor":6,"key":"SMITH"},{"data":"Armaments","floor":8,"key":"SMITH"},{"data":"Shockwave","floor":12,"key":"SMITH"},{"data":"Rampage","floor":15,"key":"SMITH"},{"data":"Warcry","floor":23,"key":"SMITH"},{"data":"Bash","floor":25,"key":"SMITH"},{"floor":27,"key":"REST"},{"data":"Secret Weapon","floor":32,"key":"SMITH"},{"floor":40,"key":"REST"},{"data":"Apotheosis","floor":45,"key":"SMITH"},{"data":"Flex","floor":47,"key":"SMITH"},{"data":"Shrug It Off","floor":49,"key":"SMITH"}],"neow_cost":"NONE","seed_source_timestamp":1726934593971606,"circlet_count":0,"master_deck":["Bash+1","AscendersBane","Shockwave+1","Whirlwind+1","Armaments+1","Headbutt","Rampage+1","Burning Pact","Warcry+1","Reaper","Ghostly Armor","Shrug It Off+1","Secret Weapon+1","Fiend Fire","Thunderclap","Anger","Clothesline","Headbutt","Flex+1","Warcry","Sword Boomerang","Armaments","Whirlwind+1","Evolve","Apotheosis+1","Doubt"],"relics":["Burning Blood","PreservedInsect","Strawberry","Pantograph","Membership Card","Sozu","Chemical X","Champion Belt","Mercury Hourglass","MutagenicStrength","Gremlin Horn","Pandora\u0027s Box","Happy Flower","Bottled Flame"],"potions_floor_usage":[10,16,18,33],"damage_taken":[{"damage":7,"enemies":"2 Louse","floor":1,"turns":3},{"damage":13,"enemies":"Small Slimes","floor":4,"turns":5},{"damage":0,"enemies":"Cultist","floor":7,"turns":4},{"damage":25,"enemies":"Lagavulin","floor":10,"turns":4},{"damage":0,"enemies":"2 Fungi Beasts","floor":11,"turns":3},{"damage":19,"enemies":"3 Louse","floor":14,"turns":4},{"damage":27,"enemies":"Hexaghost","floor":16,"turns":7},{"damage":0,"enemies":"3 Byrds","floor":18,"turns":2},{"damage":12,"enemies":"Chosen","floor":20,"turns":4},{"damage":22,"enemies":"Colosseum Slavers","floor":21,"turns":2},{"damage":59,"enemies":"Colosseum Nobs","floor":21,"turns":5},{"damage":27,"enemies":"Snake Plant","floor":28,"turns":3},{"damage":7,"enemies":"Chosen and Byrds","floor":31,"turns":4},{"damage":84,"enemies":"Automaton","floor":33,"turns":10},{"damage":0,"enemies":"3 Darklings","floor":35,"turns":1},{"damage":4,"enemies":"Orb Walker","floor":37,"turns":2},{"damage":65,"enemies":"Transient","floor":39,"turns":5},{"damage":39,"enemies":"Maw","floor":46,"turns":6},{"damage":0,"enemies":"4 Shapes","floor":48,"turns":1},{"damage":102,"enemies":"Donu and Deca","floor":50,"turns":4}],"seed_played":"-6733731116206345562","potions_obtained":[{"floor":1,"key":"SpeedPotion"},{"floor":4,"key":"SkillPotion"},{"floor":14,"key":"Poison Potion"},{"floor":16,"key":"SkillPotion"}],"is_trial":false,"path_per_floor":["M","?","?","M","?","R","M","R","T","E","M","R","$","M","R","B",null,"M","$","M","?","?","R","?","R","T","R","M","$","?","M","R","B",null,"M","?","M","?","M","R","?","?","T","$","R","M","R","M","R"],"character_chosen":"IRONCLAD","items_purchased":["Membership Card","Rampage","Burning Pact","Chemical X","Shrug It Off","Secret Weapon","Bottled Flame"],"campfire_rested":2,"item_purchase_floors":[13,13,13,19,29,29,44],"current_hp_per_floor":[74,62,62,55,44,44,50,50,57,38,44,44,44,31,31,35,76,89,89,89,30,59,59,59,59,59,85,71,71,71,76,76,17,71,77,77,79,79,20,46,89,89,89,89,89,61,61,67,67,0],"gold":59,"neow_bonus":"TEN_PERCENT_HP_BONUS","is_prod":false,"is_daily":false,"chose_seed":false,"campfire_upgraded":10,"win_rate":0,"timestamp":1536314678,"path_taken":["M","?","?","M","?","R","M","R","T","E","M","R","?","M","R","BOSS","M","$","M","?","?","R","?","R","T","R","M","$","?","M","R","BOSS","M","?","M","?","M","R","?","?","T","$","R","?","R","M","R","BOSS"],"build_version":"2018-09-06","purchased_purges":0,"victory":false,"max_hp_per_floor":[82,82,82,82,82,82,82,82,89,89,89,89,89,89,89,89,89,89,89,89,89,89,89,89,89,89,89,89,89,89,89,89,89,89,89,89,89,89,89,89,89,89,89,89,89,89,89,89,89,89],"card_choices":[{"not_picked":["Fire Breathing","Sever Soul"],"picked":"Shockwave","floor":1},{"not_picked":["Warcry","Heavy Blade"],"picked":"Whirlwind","floor":4},{"not_picked":["Shockwave","Warcry"],"picked":"Armaments","floor":7},{"not_picked":["Cleave","Twin Strike","Brutality"],"picked":"SKIP","floor":10},{"not_picked":["Hemokinesis","Twin Strike"],"picked":"Headbutt","floor":11},{"not_picked":["Armaments","Entrench"],"picked":"Warcry","floor":14},{"not_picked":["Brutality","Impervious"],"picked":"Reaper","floor":16},{"not_picked":["Rage+1","Bloodletting","Infernal Blade"],"picked":"SKIP","floor":18},{"not_picked":["Anger","Searing Blow","Sever Soul"],"picked":"SKIP","floor":20},{"not_picked":["Armaments","Second Wind+1"],"picked":"Ghostly Armor","floor":28},{"not_picked":["Perfected Strike","Power Through","Clothesline"],"picked":"SKIP","floor":31},{"not_picked":["Brutality","Juggernaut"],"picked":"Fiend Fire","floor":33},{"not_picked":["Rupture+1","Headbutt"],"picked":"Whirlwind","floor":35},{"not_picked":["Metallicize","Entrench"],"picked":"Evolve","floor":37},{"not_picked":["Purity","Forethought"],"picked":"Apotheosis","floor":38},{"not_picked":["Anger","Clothesline","Body Slam"],"picked":"SKIP","floor":39},{"not_picked":["Flex","Power Through","Headbutt"],"picked":"SKIP","floor":46},{"not_picked":["Metallicize","Headbutt","Clash+1"],"picked":"SKIP","floor":48}],"player_experience":652974,"relics_obtained":[{"floor":9,"key":"Strawberry"},{"floor":10,"key":"Pantograph"},{"floor":21,"key":"Champion Belt"},{"floor":21,"key":"Mercury Hourglass"},{"floor":26,"key":"Gremlin Horn"},{"floor":43,"key":"Happy Flower"}],"event_choices":[{"event_name":"Scrap Ooze","player_choice":"success","floor":2,"damage_taken":12},{"event_name":"Liars Game","player_choice":"disagreed","floor":3,"damage_taken":0},{"event_name":"World of Goop","player_choice":"Gather Gold","floor":5,"damage_taken":0},{"event_name":"Colosseum","player_choice":"Fight","floor":21,"damage_taken":0},{"event_name":"Colosseum","player_choice":"Fought Nobs","floor":21,"damage_taken":0},{"event_name":"The Library","player_choice":"Heal","floor":22,"damage_taken":0},{"event_name":"Drug Dealer","player_choice":"Inject Mutagens","floor":24,"damage_taken":0},{"event_name":"Cursed Tome","player_choice":"Ignored","floor":30,"damage_taken":0},{"event_name":"Accursed Blacksmith","player_choice":"Forge","floor":36,"damage_taken":0},{"event_name":"SensoryStone","player_choice":"Memory 1","floor":38,"damage_taken":0},{"event_name":"MindBloom","player_choice":"Heal","floor":41,"damage_taken":0},{"event_name":"Falling","player_choice":"Removed Attack","floor":42,"damage_taken":0}],"is_beta":false,"boss_relics":[{"not_picked":["Busted Crown","Snecko Eye"],"picked":"Sozu"},{"not_picked":["Philosopher\u0027s Stone","Eternal Feather"],"picked":"Pandora\u0027s Box"}],"items_purged_floors":[],"is_endless":false,"potions_floor_spawned":[1,4,14,16,20,21,31,35,39],"killed_by":"Donu and Deca","ascension_level":14}