{"gold_per_floor":[118,118,118,118,98,98,138,138,191,209,250,266,20,43,43,136,136,161,76,76,76,90,90,90],"floor_reached":24,"playtime":663,"items_purged":["Strike_B"],"score":431,"play_id":"b4f939d5-406f-4922-8a3d-9889d3506ed8","local_time":"20190814221729","is_ascension_mode":true,"campfire_choices":[{"data":"Zap","floor":6,"key":"SMITH"},{"data":"Chaos","floor":8,"key":"SMITH"},{"data":"Defragment","floor":15,"key":"SMITH"},{"floor":23,"key":"REST"}],"neow_cost":"NONE","seed_source_timestamp":61982862384100,"circlet_count":0,"master_deck":["AscendersBane","Strike_B","Strike_B","Strike_B","Defend_B","Defend_B","Defend_B","Defend_B","Zap+1","Dualcast","Go for the Eyes","Chaos+1","Conserve Battery","Redo","Stack","Defragment+1","Hologram","Doom and Gloom","Ball Lightning","Fission","Gash","Loop+1"],"relics":["Cracked Core","NeowsBlessing","Golden Idol","Orichalcum","Potion Belt","Mercury Hourglass","Inserter","Symbiotic Virus"],"potions_floor_usage":[5,11,14,16,24],"damage_taken":[{"damage":0,"enemies":"Small Slimes","floor":1,"turns":1},{"damage":0,"enemies":"3 Sentries","floor":7,"turns":1},{"damage":0,"enemies":"2 Louse","floor":10,"turns":1},{"damage":6,"enemies":"Lagavulin","floor":11,"turns":6},{"damage":0,"enemies":"Cultist","floor":12,"turns":3},{"damage":0,"enemies":"3 Louse","floor":14,"turns":1},{"damage":35,"enemies":"Hexaghost","floor":16,"turns":10},{"damage":20,"enemies":"3 Byrds","floor":18,"turns":4},{"damage":25,"enemies":"Chosen","floor":22,"turns":4},{"damage":48,"enemies":"Slavers","floor":24,"turns":5}],"seed_played":"-468398350486775046","potions_obtained":[{"floor":5,"key":"Fruit Juice"},{"floor":7,"key":"GamblersBrew"},{"floor":10,"key":"AttackPotion"},{"floor":11,"key":"Block Potion"},{"floor":18,"key":"SpeedPotion"}],"is_trial":false,"path_per_floor":["M","$","?","?","?","R","E","R","T","M","E","M","$","M","R","B",null,"M","?","?","?","M","R","E"],"character_chosen":"DEFECT","items_purchased":["Defragment","Hologram","Doom and Gloom"],"campfire_rested":1,"item_purchase_floors":[13,13,13],"current_hp_per_floor":[64,64,64,57,62,62,62,62,62,62,56,56,56,56,56,21,62,42,42,57,50,25,47,0],"gold":90,"neow_bonus":"THREE_ENEMY_KILL","is_prod":false,"is_daily":false,"chose_seed":false,"campfire_upgraded":3,"win_rate":0,"timestamp":1565813849,"path_taken":["M","$","?","?","?","R","E","R","T","M","E","M","$","M","R","BOSS","M","?","?","?","M","R","E"],"build_version":"2019-07-17","purchased_purges":1,"victory":false,"max_hp_per_floor":[71,71,71,71,76,76,76,76,76,76,76,76,76,76,76,76,76,76,76,76,76,76,76,76],"card_choices":[{"not_picked":["Stack","Double Energy"],"picked":"Go for the Eyes","floor":1},{"not_picked":["Ball Lightning","Blizzard"],"picked":"Chaos","floor":7},{"not_picked":["Go for the Eyes","Tempest"],"picked":"Conserve Battery","floor":10},{"not_picked":["Steam Power","Sweeping Beam"],"picked":"Redo","floor":11},{"not_picked":["Barrage","Hello World"],"picked":"Stack","floor":12},{"not_picked":["Barrage","Hologram"],"picked":"Ball Lightning","floor":14},{"not_picked":["Core Surge","Amplify"],"picked":"Fission","floor":16},{"not_picked":["Streamline","Heatsinks"],"picked":"Gash","floor":18},{"not_picked":["Auto Shields","Coolheaded"],"picked":"Loop+1","floor":22}],"player_experience":1901136,"relics_obtained":[{"floor":7,"key":"Orichalcum"},{"floor":9,"key":"Potion Belt"},{"floor":11,"key":"Mercury Hourglass"}],"event_choices":[{"damage_healed":0,"gold_gain":0,"player_choice":"Take Wound","damage_taken":0,"relics_obtained":["Golden Idol"],"max_hp_gain":0,"max_hp_loss":0,"event_name":"Golden Idol","floor":3,"gold_loss":0,"cards_obtained":["Injury"]},{"cards_removed":["Injury"],"damage_healed":0,"gold_gain":0,"player_choice":"Card Removal","damage_taken":7,"max_hp_gain":0,"max_hp_loss":0,"event_name":"Golden Wing","floor":4,"gold_loss":0},{"damage_healed":0,"gold_gain":0,"player_choice":"Bought 1 Potion","damage_taken":0,"max_hp_gain":0,"max_hp_loss":0,"event_name":"The Woman in Blue","floor":5,"gold_loss":0},{"damage_healed":0,"gold_gain":0,"player_choice":"Obtained Relic","damage_taken":0,"relics_obtained":["Symbiotic Virus"],"max_hp_gain":0,"max_hp_loss":0,"event_name":"Addict","floor":19,"gold_loss":85},{"damage_healed":15,"gold_gain":0,"player_choice":"Heal","damage_taken":0,"max_hp_gain":0,"max_hp_loss":0,"event_name":"The Library","floor":20,"gold_loss":0},{"damage_healed":0,"gold_gain":0,"player_choice":"","damage_taken":7,"max_hp_gain":0,"max_hp_loss":0,"event_name":"Knowing Skull","floor":21,"potions_obtained":[],"gold_loss":0,"cards_obtained":[]}],"is_beta":false,"boss_relics":[{"not_picked":["Tiny House","Lizard Tail"],"picked":"Inserter"}],"items_purged_floors":[13],"is_endless":false,"potions_floor_spawned":[7,10,11,18],"killed_by":"Slavers","ascension_level":18}