{"gold_per_floor":[115,115,128,142,142,142,166,166,236,276,20,63,63,63,63,159,159,177,0,23,23,23,64,76,88],"floor_reached":25,"playtime":1137,"items_purged":[],"score":431,"play_id":"15bff827-6253-4775-af14-36438cd714a9","local_time":"20181104000751","is_ascension_mode":true,"campfire_choices":[{"data":"Zap","floor":6,"key":"SMITH"},{"floor":13,"key":"REST"},{"data":"Go for the Eyes","floor":15,"key":"SMITH"},{"floor":24,"key":"REST"}],"neow_cost":"NONE","seed_source_timestamp":573593952190020,"circlet_count":0,"master_deck":["AscendersBane","Defend_B","Defend_B","Defend_B","Defend_B","Zap+1","Dualcast","Ball Lightning","FTL","Hologram+1","Go for the Eyes+1","Ball Lightning","Cold Snap","Fission","Coolheaded","Capacitor+1","Biased Cognition+1","Glacier","Scrape","Reinforced Body","Rip and Tear+1"],"relics":["Cracked Core","Golden Idol","The Courier","Bag of Marbles","Ice Cream","Frozen Egg 2","Fusion Hammer","MawBank"],"potions_floor_usage":[10,16,23,25],"damage_taken":[{"damage":2,"enemies":"Jaw Worm","floor":1,"turns":4},{"damage":2,"enemies":"2 Louse","floor":3,"turns":3},{"damage":0,"enemies":"Small Slimes","floor":4,"turns":2},{"damage":3,"enemies":"Blue Slaver","floor":7,"turns":3},{"damage":9,"enemies":"Gremlin Nob","floor":10,"turns":3},{"damage":10,"enemies":"Lagavulin","floor":12,"turns":6},{"damage":24,"enemies":"Hexaghost","floor":16,"turns":9},{"damage":5,"enemies":"3 Byrds","floor":18,"turns":5},{"damage":17,"enemies":"2 Thieves","floor":20,"turns":4},{"damage":20,"enemies":"Book of Stabbing","floor":23,"turns":6},{"damage":42,"enemies":"Slavers","floor":25,"turns":4}],"seed_played":"5390282594302830078","potions_obtained":[{"floor":1,"key":"Ancient Potion"},{"floor":4,"key":"Dexterity Potion"},{"floor":12,"key":"GamblersBrew"},{"floor":16,"key":"Energy Potion"},{"floor":18,"key":"GamblersBrew"},{"floor":20,"key":"PowerPotion"}],"is_trial":false,"path_per_floor":["M","?","M","M","?","R","M","?","T","E","$","E","R","?","R","B",null,"M","$","M","?","?","E","R","E"],"character_chosen":"DEFECT","items_purchased":["Ice Cream","Capacitor+1","Biased Cognition+1"],"campfire_rested":2,"item_purchase_floors":[11,19,19],"current_hp_per_floor":[62,62,60,60,60,60,57,50,50,41,41,31,50,50,50,26,55,50,50,33,33,33,13,32,0],"gold":88,"neow_bonus":"REMOVE_CARD","is_prod":false,"is_daily":false,"chose_seed":false,"campfire_upgraded":2,"win_rate":0,"timestamp":1541290071,"path_taken":["M","?","M","M","?","R","M","?","T","E","$","E","R","?","R","BOSS","M","$","M","?","?","E","R","E"],"build_version":"2018-11-01","purchased_purges":0,"victory":false,"max_hp_per_floor":[71,64,64,64,64,64,64,64,64,64,64,64,64,64,64,64,64,64,64,64,64,64,64,64,64],"card_choices":[{"not_picked":["Darkness","Scrape"],"picked":"Ball Lightning","floor":1},{"not_picked":["Tempest","Steam Power"],"picked":"FTL","floor":3},{"not_picked":["Melter","Redo"],"picked":"Hologram","floor":4},{"not_picked":["Sweeping Beam","Storm"],"picked":"Go for the Eyes","floor":7},{"not_picked":["Static Discharge","Sweeping Beam"],"picked":"Ball Lightning","floor":10},{"not_picked":["Hologram","All For One"],"picked":"Cold Snap","floor":12},{"not_picked":["Reboot","Meteor Strike"],"picked":"Fission","floor":16},{"not_picked":["Beam Cell","Chaos"],"picked":"Coolheaded","floor":18},{"not_picked":["Sweeping Beam","Darkness"],"picked":"Glacier","floor":20},{"not_picked":["Genetic Algorithm","Skim"],"picked":"Rip and Tear+1","floor":23}],"player_experience":967028,"relics_obtained":[{"floor":9,"key":"The Courier"},{"floor":10,"key":"Bag of Marbles"},{"floor":12,"key":"Frozen Egg 2"},{"floor":23,"key":"MawBank"}],"event_choices":[{"damage_healed":0,"gold_gain":0,"player_choice":"Lose Max HP","damage_taken":0,"relics_obtained":["Golden Idol"],"max_hp_gain":0,"max_hp_loss":7,"event_name":"Golden Idol","floor":2,"gold_loss":0},{"damage_healed":0,"gold_gain":0,"player_choice":"Grow","damage_taken":0,"max_hp_gain":0,"max_hp_loss":0,"event_name":"Living Wall","floor":5,"gold_loss":0,"cards_upgraded":["Hologram"]},{"cards_removed":["Strike_B"],"damage_healed":0,"gold_gain":0,"player_choice":"Card Removal","damage_taken":7,"max_hp_gain":0,"max_hp_loss":0,"event_name":"Golden Wing","floor":8,"gold_loss":0},{"damage_healed":0,"gold_gain":0,"player_choice":"Leave","damage_taken":0,"max_hp_gain":0,"max_hp_loss":0,"event_name":"The Cleric","floor":14,"gold_loss":0},{"damage_healed":0,"gold_gain":0,"cards_transformed":["Strike_B","Strike_B"],"player_choice":"Became Test Subject","damage_taken":0,"max_hp_gain":0,"max_hp_loss":0,"event_name":"Drug Dealer","floor":21,"gold_loss":0,"cards_obtained":["Scrape","Reinforced Body"]},{"damage_healed":0,"gold_gain":0,"player_choice":"0 cards matched","damage_taken":0,"max_hp_gain":0,"max_hp_loss":0,"event_name":"Match and Keep!","floor":22,"gold_loss":0,"cards_obtained":[]}],"is_beta":false,"boss_relics":[{"not_picked":["Eternal Feather","Tiny House"],"picked":"Fusion Hammer"}],"items_purged_floors":[],"is_endless":false,"potions_floor_spawned":[1,4,12,16,18,20],"killed_by":"Slavers","ascension_level":18}