{"gold_per_floor":[110,110,130,148,73,73,102,113,113,129,129],"floor_reached":11,"playtime":416,"items_purged":["Strike_B"],"score":143,"play_id":"cf61a3f1-1ae4-4ed7-a225-cf15766bda30","local_time":"20190519215451","is_ascension_mode":true,"campfire_choices":[{"data":"Loop","floor":6,"key":"SMITH"}],"neow_cost":"NONE","seed_source_timestamp":76590777932885,"circlet_count":0,"master_deck":["AscendersBane","Strike_B","Strike_B","Strike_B","Defend_B","Defend_B","Defend_B","Defend_B","Zap","Dualcast","Ball Lightning","Loop+1","Genetic Algorithm","Go for the Eyes","Conserve Battery"],"relics":["Cracked Core","Anchor","Omamori","Boot"],"potions_floor_usage":[],"damage_taken":[{"damage":1,"enemies":"Cultist","floor":1,"turns":3},{"damage":2,"enemies":"Small Slimes","floor":3,"turns":3},{"damage":0,"enemies":"2 Louse","floor":4,"turns":3},{"damage":24,"enemies":"Lagavulin","floor":7,"turns":5},{"damage":0,"enemies":"2 Fungi Beasts","floor":8,"turns":3},{"damage":10,"enemies":"Large Slime","floor":10,"turns":4},{"damage":31,"enemies":"3 Sentries","floor":11,"turns":6}],"seed_played":"-336163512978959630","potions_obtained":[{"floor":7,"key":"LiquidBronze"},{"floor":8,"key":"Dexterity Potion"}],"is_trial":false,"path_per_floor":["M","$","M","M","$","R","E","M","T","M","E"],"character_chosen":"DEFECT","items_purchased":[],"campfire_rested":0,"item_purchase_floors":[],"current_hp_per_floor":[63,63,61,61,61,61,37,37,37,27,0],"gold":129,"neow_bonus":"RANDOM_COMMON_RELIC","is_prod":false,"is_daily":false,"chose_seed":false,"campfire_upgraded":1,"win_rate":0,"timestamp":1558299291,"path_taken":["M","$","M","M","?","R","E","M","T","M","E"],"build_version":"2019-01-23","purchased_purges":1,"victory":false,"max_hp_per_floor":[71,71,71,71,71,71,71,71,71,71,71],"card_choices":[{"not_picked":["Cold Snap","Heatsinks"],"picked":"Ball Lightning","floor":1},{"not_picked":["Auto Shields","Blizzard"],"picked":"Loop","floor":3},{"not_picked":["Barrage","Cold Snap"],"picked":"Genetic Algorithm","floor":4},{"not_picked":["Skim","Heatsinks"],"picked":"Go for the Eyes","floor":7},{"not_picked":["Hologram","Go for the Eyes"],"picked":"Conserve Battery","floor":8},{"not_picked":["Lockon","Tempest","Blizzard"],"picked":"SKIP","floor":10}],"player_experience":1022258,"relics_obtained":[{"floor":7,"key":"Omamori"},{"floor":9,"key":"Boot"}],"event_choices":[],"is_beta":false,"boss_relics":[],"items_purged_floors":[5],"is_endless":false,"potions_floor_spawned":[7,8,10],"killed_by":"3 Sentries","ascension_level":18}