{"gold_per_floor":[110,110,110,110,126,126,138,170,241,241,46,61,75,90,90,163,163,178,178,26,41,91,91,91,91,91,91,104,4,20,39,39,116,116,136,150,63,82,82,82],"floor_reached":40,"playtime":1579,"items_purged":["Strike_B","Defend_B"],"score":826,"play_id":"fdfb4160-88e6-40b5-9d58-d80675ae7121","local_time":"20190310222941","is_ascension_mode":true,"campfire_choices":[{"floor":6.0,"key":"REST"},{"floor":10.0,"key":"REST"},{"data":"Defragment","floor":15.0,"key":"SMITH"},{"data":"Defragment","floor":23.0,"key":"SMITH"},{"floor":25.0,"key":"RECALL"},{"floor":27.0,"key":"REST"},{"floor":32.0,"key":"REST"}],"neow_cost":"NONE","seed_source_timestamp":1899929378719893,"circlet_count":0,"master_deck":["AscendersBane","Strike_B+1","Defend_B","Defend_B+1","Defend_B","Zap+1","Dualcast","Coolheaded","Sweeping Beam","Tempest","Cold Snap","Defragment+1","Auto Shields+1","Sunder","Coolheaded+1","Redo+1","Coolheaded+1","Fission+1","Fusion+1","Defragment+1","Defragment+1","Leap+1","Reinforced Body+1","Capacitor","Doom and Gloom"],"special_seed":0,"relics":["Cracked Core","Vajra","Toxic Egg 2","Busted Crown","Symbiotic Virus","Fusion Hammer"],"potions_floor_usage":[],"damage_taken":[{"damage":16.0,"enemies":"Small Slimes","floor":1.0,"turns":3.0},{"damage":0.0,"enemies":"2 Louse","floor":5.0,"turns":2.0},{"damage":0.0,"enemies":"Cultist","floor":7.0,"turns":3.0},{"damage":15.0,"enemies":"Gremlin Nob","floor":8.0,"turns":3.0},{"damage":0.0,"enemies":"Gremlin Gang","floor":12.0,"turns":4.0},{"damage":2.0,"enemies":"Exordium Wildlife","floor":13.0,"turns":3.0},{"damage":11.0,"enemies":"Exordium Thugs","floor":14.0,"turns":4.0},{"damage":11.0,"enemies":"Slime Boss","floor":16.0,"turns":11.0},{"damage":17.0,"enemies":"2 Thieves","floor":18.0,"turns":3.0},{"damage":0.0,"enemies":"3 Byrds","floor":21.0,"turns":2.0},{"damage":1.0,"enemies":"Colosseum Slavers","floor":24.0,"turns":3.0},{"damage":15.0,"enemies":"Centurion and Healer","floor":28.0,"turns":5.0},{"damage":2.0,"enemies":"Chosen and Byrds","floor":30.0,"turns":4.0},{"damage":6.0,"enemies":"Sentry and Sphere","floor":31.0,"turns":5.0},{"damage":2.0,"enemies":"Champ","floor":33.0,"turns":10.0},{"damage":0.0,"enemies":"3 Shapes","floor":35.0,"turns":4.0},{"damage":0.0,"enemies":"3 Darklings","floor":36.0,"turns":6.0},{"damage":9.0,"enemies":"Jaw Worm Horde","floor":38.0,"turns":5.0},{"damage":66,"enemies":"Giant Head","floor":40,"turns":9}],"seed_played":"-4914281159714839225","potions_obtained":[{"floor":1.0,"key":"Fire Potion"},{"floor":8.0,"key":"EssenceOfSteel"},{"floor":14.0,"key":"Block Potion"},{"floor":16.0,"key":"LiquidBronze"},{"floor":21.0,"key":"SteroidPotion"},{"floor":36.0,"key":"EssenceOfSteel"}],"is_trial":false,"path_per_floor":["M","?","?","?","M","R","M","E","T","R","$","M","M","M","R","B",null,"M","?","$","M","?","R","?","R","T","R","M","$","M","M","R","B",null,"M","M","$","M","?","E"],"character_chosen":"DEFECT","items_purchased":["Defragment","Auto Shields+1","Sunder","Defragment","Capacitor"],"campfire_rested":4,"item_purchase_floors":[11,11,11,20,37],"current_hp_per_floor":[48,41,20,20,20,41,41,26,26,47,47,47,45,34,34,23,59,42,42,42,42,42,42,41,41,41,62,47,47,45,39,60,58,68,68,68,68,59,59,0],"gold":82,"neow_bonus":"UPGRADE_CARD","is_prod":false,"is_daily":false,"chose_seed":false,"campfire_upgraded":2,"win_rate":0,"timestamp":1552253381,"path_taken":["M","?","?","?","?","R","M","E","T","R","$","?","M","M","R","BOSS","M","?","?","?","?","R","?","R","T","R","M","$","M","M","R","BOSS","M","M","$","M","?","E"],"build_version":"2019-01-23","purchased_purges":2,"victory":false,"max_hp_per_floor":[71,71,71,71,71,71,71,71,71,71,71,71,71,71,71,71,71,71,71,71,71,71,71,71,71,71,71,71,71,71,71,71,71,71,71,71,71,71,67,67],"card_choices":[{"not_picked":["Turbo","Hologram"],"picked":"Coolheaded","floor":1.0},{"not_picked":["Compile Driver","Turbo"],"picked":"Sweeping Beam","floor":5.0},{"not_picked":["Beam Cell","Lockon"],"picked":"Tempest","floor":7.0},{"not_picked":["Consume","Streamline"],"picked":"Cold Snap","floor":8.0},{"not_picked":["Steam+1","Rebound"],"picked":"Coolheaded+1","floor":12.0},{"not_picked":["Stack+1","Go for the Eyes"],"picked":"Redo+1","floor":13.0},{"not_picked":["Scrape","Beam Cell"],"picked":"Coolheaded+1","floor":14.0},{"not_picked":["Rainbow+1","Thunder Strike"],"picked":"Fission+1","floor":16.0},{"not_picked":[],"picked":"Fusion+1","floor":18.0},{"not_picked":[],"picked":"Leap+1","floor":21.0},{"not_picked":["Scrape"],"picked":"SKIP","floor":28.0},{"not_picked":["Doom and Gloom"],"picked":"SKIP","floor":30.0},{"not_picked":["Scrape"],"picked":"SKIP","floor":31.0},{"not_picked":["Barrage"],"picked":"SKIP","floor":35.0},{"not_picked":[],"picked":"Reinforced Body+1","floor":36.0},{"not_picked":[],"picked":"Doom and Gloom","floor":38.0}],"player_experience":693645,"relics_obtained":[{"floor":8.0,"key":"Vajra"},{"floor":9.0,"key":"Toxic Egg 2"},{"floor":26.0,"key":"Symbiotic Virus"}],"event_choices":[{"cards_removed":["Strike_B"],"damage_healed":0.0,"max_hp_gain":0.0,"max_hp_loss":0.0,"gold_gain":0.0,"event_name":"Golden Wing","player_choice":"Card Removal","floor":2.0,"gold_loss":0.0,"damage_taken":7.0},{"damage_healed":0.0,"max_hp_gain":0.0,"max_hp_loss":0.0,"gold_gain":0.0,"event_name":"Shining Light","player_choice":"Entered Light","floor":3.0,"gold_loss":0.0,"damage_taken":21.0,"cards_upgraded":["Defend_B","Strike_B"]},{"cards_removed":["Strike_B"],"damage_healed":0.0,"max_hp_gain":0.0,"max_hp_loss":0.0,"gold_gain":0.0,"event_name":"Purifier","player_choice":"Purged","floor":4.0,"gold_loss":0.0,"damage_taken":0.0},{"damage_healed":0.0,"max_hp_gain":0.0,"max_hp_loss":0.0,"gold_gain":0.0,"event_name":"Duplicator","player_choice":"Copied","floor":19.0,"gold_loss":0.0,"damage_taken":0.0,"cards_obtained":["Defragment"]},{"damage_healed":0.0,"max_hp_gain":0.0,"max_hp_loss":0.0,"gold_gain":50.0,"event_name":"Nest","player_choice":"Stole From Cult","floor":22.0,"gold_loss":0.0,"damage_taken":0.0},{"damage_healed":0.0,"max_hp_gain":0.0,"max_hp_loss":0.0,"gold_gain":0.0,"event_name":"Colosseum","player_choice":"Fight","floor":24.0,"gold_loss":0.0,"damage_taken":0.0},{"damage_healed":0.0,"max_hp_gain":0.0,"max_hp_loss":0.0,"gold_gain":0.0,"event_name":"Colosseum","player_choice":"Fled From Nobs","floor":24.0,"gold_loss":0.0,"damage_taken":0.0},{"damage_healed":0.0,"max_hp_gain":0.0,"max_hp_loss":4.0,"gold_gain":0.0,"event_name":"Winding Halls","player_choice":"Max HP","floor":39.0,"gold_loss":0.0,"damage_taken":0.0}],"is_beta":false,"boss_relics":[{"not_picked":["Cursed Key","Pandora\u0027s Box"],"picked":"Busted Crown"},{"not_picked":["Black Star","FrozenCore"],"picked":"Fusion Hammer"}],"items_purged_floors":[20,29],"is_endless":false,"potions_floor_spawned":[1,8,14,16,21,36,38],"killed_by":"Giant Head","ascension_level":20}