{"gold_per_floor":[117,117,39,53,68,68,80,80,106,116,151,151,213,245,245,340,340,356,356],"floor_reached":19,"playtime":892,"items_purged":[],"score":352,"play_id":"c8e3da64-6de2-4180-a869-6139f7d107ee","local_time":"20180908120658","is_ascension_mode":true,"campfire_choices":[{"data":"Streamline","floor":6,"key":"SMITH"},{"data":"Sweeping Beam","floor":8,"key":"SMITH"},{"floor":12,"key":"REST"},{"floor":15,"key":"REST"}],"neow_cost":"NONE","seed_source_timestamp":0,"circlet_count":0,"master_deck":["Defend_B","Defend_B","Defend_B","Defend_B","Zap","Dualcast","AscendersBane","Streamline+1","BootSequence","Reboot","Gash","Gash","Sweeping Beam+1","Rebound","All For One","Cold Snap","Core Surge","Chill","Fission","Compile Driver+1","Thunder Strike+1","Chaos+1","Reinforced Body"],"special_seed":0,"relics":["Cracked Core","Art of War","PreservedInsect","Happy Flower","Singing Bowl","Dream Catcher","Astrolabe"],"potions_floor_usage":[14,16,16],"damage_taken":[{"damage":3,"enemies":"2 Louse","floor":1,"turns":2},{"damage":0,"enemies":"Small Slimes","floor":4,"turns":3},{"damage":2,"enemies":"Jaw Worm","floor":5,"turns":3},{"damage":11,"enemies":"2 Fungi Beasts","floor":7,"turns":3},{"damage":11,"enemies":"Looter","floor":10,"turns":3},{"damage":20,"enemies":"Lagavulin","floor":11,"turns":3},{"damage":20,"enemies":"Lagavulin Event","floor":13,"turns":3},{"damage":10,"enemies":"3 Sentries","floor":14,"turns":3},{"damage":0,"enemies":"Slime Boss","floor":16,"turns":5},{"damage":13,"enemies":"2 Thieves","floor":18,"turns":4},{"damage":16,"enemies":"Colosseum Slavers","floor":19,"turns":3},{"damage":38,"enemies":"Colosseum Nobs","floor":19,"turns":3}],"seed_played":"-7222956338648391627","potions_obtained":[{"floor":4,"key":"Strength Potion"},{"floor":5,"key":"Poison Potion"},{"floor":10,"key":"SpeedPotion"},{"floor":13,"key":"Regen Potion"},{"floor":14,"key":"GamblersBrew"}],"is_trial":false,"path_per_floor":["M","?","$","M","M","R","M","R","T","M","E","R","?","E","R","B",null,"M"],"character_chosen":"DEFECT","items_purchased":["Reboot"],"campfire_rested":2,"item_purchase_floors":[3],"current_hp_per_floor":[65,65,65,65,63,63,52,52,52,41,21,43,23,22,44,44,67,54,0],"gold":356,"neow_bonus":"RANDOM_COMMON_RELIC","is_prod":false,"is_daily":false,"chose_seed":false,"campfire_upgraded":2,"win_rate":0,"timestamp":1536404818,"path_taken":["M","?","?","M","M","R","M","R","T","M","E","R","?","E","R","BOSS","M","?"],"build_version":"2018-09-06","purchased_purges":0,"victory":false,"max_hp_per_floor":[75,75,75,75,75,75,75,75,75,75,75,75,75,75,75,75,75,75,75],"card_choices":[{"not_picked":["Barrage","Tempest"],"picked":"Streamline","floor":1},{"not_picked":["Steam","Coolheaded"],"picked":"Gash","floor":4},{"not_picked":["Rip and Tear","Leap"],"picked":"Gash","floor":5},{"not_picked":["Coolheaded","Stack"],"picked":"Sweeping Beam","floor":7},{"not_picked":["Steam","Coolheaded"],"picked":"Rebound","floor":10},{"not_picked":["Static Discharge","Compile Driver"],"picked":"All For One","floor":11},{"not_picked":["Genetic Algorithm","BootSequence"],"picked":"Cold Snap","floor":13},{"not_picked":["Coolheaded","Tempest"],"picked":"Core Surge","floor":14},{"not_picked":["Sweeping Beam","Cold Snap"],"picked":"Chill","floor":15},{"not_picked":["Machine Learning","Amplify"],"picked":"Fission","floor":16},{"not_picked":["Cold Snap","Beam Cell"],"picked":"Reinforced Body","floor":18}],"player_experience":674170,"relics_obtained":[{"floor":9,"key":"PreservedInsect"},{"floor":11,"key":"Happy Flower"},{"floor":13,"key":"Singing Bowl"},{"floor":14,"key":"Dream Catcher"}],"event_choices":[{"event_name":"Living Wall","player_choice":"Change","floor":2,"damage_taken":0},{"event_name":"Dead Adventurer","player_choice":"Searched \u00271\u0027 times","floor":13,"damage_taken":0},{"event_name":"Colosseum","player_choice":"Fight","floor":19,"damage_taken":0},{"event_name":"Colosseum","player_choice":"Fought Nobs","floor":19,"damage_taken":0}],"is_beta":false,"boss_relics":[{"not_picked":["Black Star","Fusion Hammer"],"picked":"Astrolabe"}],"items_purged_floors":[],"is_endless":false,"potions_floor_spawned":[4,5,10,13,14,19],"killed_by":"Colosseum Nobs","ascension_level":11}