{"gold_per_floor":[130,142,170,182,208,220,273,285,346,389,421,137,102,102,102,102],"floor_reached":16,"playtime":511,"items_purged":["Strike_R"],"score":211,"play_id":"26c2c95a-bc75-4852-9cfe-f8cead0df317","local_time":"20191005230619","is_ascension_mode":true,"campfire_choices":[{"data":"Bash","floor":6.0,"key":"SMITH"},{"floor":8.0,"key":"REST"},{"data":"True Grit","floor":15,"key":"SMITH"}],"neow_cost":"NONE","seed_source_timestamp":106651464435566,"circlet_count":0,"master_deck":["AscendersBane","Strike_R","Strike_R","Strike_R","Defend_R","Defend_R","Defend_R","Defend_R","Bash+1","Pommel Strike","Twin Strike","Fiend Fire","Evolve","True Grit+1"],"special_seed":0,"relics":["Burning Blood","MawBank","Golden Idol","Vajra","Blood Vial","Bag of Marbles","Bronze Scales"],"potions_floor_usage":[],"damage_taken":[{"damage":7.0,"enemies":"Small Slimes","floor":1.0,"turns":4.0},{"damage":4.0,"enemies":"2 Louse","floor":3.0,"turns":3.0},{"damage":7.0,"enemies":"Jaw Worm","floor":5.0,"turns":3.0},{"damage":59.0,"enemies":"Lagavulin","floor":7.0,"turns":8.0},{"damage":24.0,"enemies":"Gremlin Nob","floor":10.0,"turns":4.0},{"damage":15.0,"enemies":"Lots of Slimes","floor":11.0,"turns":6.0},{"damage":33,"enemies":"The Guardian","floor":16,"turns":6}],"seed_played":"2392800145968400831","potions_obtained":[{"floor":5.0,"key":"Fruit Juice"},{"floor":7.0,"key":"Weak Potion"}],"is_trial":false,"path_per_floor":["M","?","M","?","M","R","E","R","T","E","M","$","?","?","R","B"],"character_chosen":"IRONCLAD","items_purchased":["True Grit","Bronze Scales"],"campfire_rested":1,"item_purchase_floors":[12,12],"current_hp_per_floor":[67,67,68,61,65,65,12,33,33,17,10,10,28,28,28,0],"gold":102,"neow_bonus":"RANDOM_COMMON_RELIC","is_prod":false,"is_daily":false,"chose_seed":false,"campfire_upgraded":2,"win_rate":0,"timestamp":1570341979,"path_taken":["M","?","M","?","M","R","E","R","T","E","M","$","?","?","R","BOSS"],"build_version":"2019-07-17","purchased_purges":1,"victory":false,"max_hp_per_floor":[75,68,68,68,73,73,73,73,73,73,73,73,73,73,73,73],"card_choices":[{"not_picked":["Wild Strike","Hemokinesis","Havoc"],"picked":"SKIP","floor":1.0},{"not_picked":["Anger","Dual Wield"],"picked":"Pommel Strike","floor":3.0},{"not_picked":["Reckless Charge","Perfected Strike"],"picked":"Twin Strike","floor":5.0},{"not_picked":["Pommel Strike","Reckless Charge","Sever Soul"],"picked":"SKIP","floor":7.0},{"not_picked":["Carnage","Wild Strike"],"picked":"Fiend Fire","floor":10.0},{"not_picked":["Thunderclap","Flex"],"picked":"Evolve","floor":11.0}],"player_experience":342164,"relics_obtained":[{"floor":7.0,"key":"Vajra"},{"floor":9.0,"key":"Blood Vial"},{"floor":10.0,"key":"Bag of Marbles"}],"event_choices":[{"damage_healed":0.0,"max_hp_gain":0.0,"max_hp_loss":7.0,"gold_gain":0.0,"event_name":"Golden Idol","player_choice":"Lose Max HP","floor":2.0,"gold_loss":0.0,"damage_taken":0.0,"relics_obtained":["Golden Idol"]},{"cards_removed":["Strike_R"],"damage_healed":0.0,"max_hp_gain":0.0,"max_hp_loss":0.0,"gold_gain":0.0,"event_name":"Golden Wing","player_choice":"Card Removal","floor":4.0,"gold_loss":0.0,"damage_taken":7.0},{"damage_healed":18.0,"max_hp_gain":0.0,"max_hp_loss":0.0,"gold_gain":0.0,"event_name":"The Cleric","player_choice":"Healed","floor":13.0,"gold_loss":35.0,"damage_taken":0.0},{"damage_healed":0,"gold_gain":0,"player_choice":"Fled","damage_taken":0,"max_hp_gain":0,"max_hp_loss":0,"event_name":"Scrap Ooze","floor":14,"gold_loss":0}],"is_beta":false,"boss_relics":[],"items_purged_floors":[12],"is_endless":false,"potions_floor_spawned":[5,7],"killed_by":"The Guardian","ascension_level":19}