{"gold_per_floor":[109,128,53,68,83,83,117,117,141,216,216,216,216,228,228,299,299,309,321,374,374,37,37,54,54],"floor_reached":25,"playtime":991,"items_purged":["Writhe"],"score":402,"play_id":"960e738b-aeda-436a-8c59-43c89cdcb6ae","local_time":"20190316142020","is_ascension_mode":true,"campfire_choices":[{"data":"Neutralize","floor":6.0,"key":"SMITH"},{"floor":8.0,"key":"REST"},{"floor":13.0,"key":"REST"},{"data":"Dagger Spray","floor":15.0,"key":"SMITH"},{"floor":23,"key":"REST"}],"neow_cost":"CURSE","seed_source_timestamp":5442097870838,"circlet_count":0,"master_deck":["AscendersBane","Defend_G","Defend_G","Defend_G","Defend_G","Defend_G","Strike_G","Strike_G","Strike_G","Strike_G","Survivor","Neutralize+1","Dagger Throw+1","Backstab","Backstab+1","Acrobatics","Poisoned Stab","Cloak And Dagger","Blur","Dagger Spray+1","Infinite Blades","Corpse Explosion","Bouncing Flask","Leg Sweep","Infinite Blades","PiercingWail+1","Predator","After Image"],"special_seed":0,"relics":["Ring of the Snake","Prayer Wheel","Whetstone","Sozu","Centennial Puzzle","Snake Skull","Tiny Chest"],"potions_floor_usage":[16,16],"damage_taken":[{"damage":7.0,"enemies":"2 Louse","floor":1.0,"turns":4.0},{"damage":1.0,"enemies":"Small Slimes","floor":2.0,"turns":5.0},{"damage":0.0,"enemies":"Cultist","floor":4.0,"turns":3.0},{"damage":6.0,"enemies":"Looter","floor":5.0,"turns":2.0},{"damage":28.0,"enemies":"Lagavulin","floor":7.0,"turns":6.0},{"damage":8.0,"enemies":"3 Louse","floor":14.0,"turns":2.0},{"damage":32,"enemies":"Slime Boss","floor":16,"turns":12},{"damage":30,"enemies":"Shell Parasite","floor":18,"turns":5},{"damage":0,"enemies":"3 Byrds","floor":19,"turns":3},{"damage":9,"enemies":"Snake Plant","floor":24,"turns":4},{"damage":17,"enemies":"Sentry and Sphere","floor":25,"turns":5}],"seed_played":"6218380090249427535","potions_obtained":[{"floor":1.0,"key":"Explosive Potion"},{"floor":4.0,"key":"SteroidPotion"},{"floor":5.0,"key":"AttackPotion"},{"floor":7.0,"key":"Swift Potion"}],"is_trial":false,"path_per_floor":["M","M","$","M","M","R","E","R","T","?","?","?","R","M","R","B",null,"M","M","T","?","$","R","M","M"],"character_chosen":"THE_SILENT","items_purchased":["Snake Skull","Tiny Chest","Predator"],"campfire_rested":3,"item_purchase_floors":[22,22,22],"current_hp_per_floor":[52,51,51,51,45,45,17,36,36,25,25,25,44,36,36,4,51,21,21,21,3,3,24,15,0],"gold":54,"neow_bonus":"ONE_RARE_RELIC","is_prod":false,"is_daily":false,"chose_seed":false,"campfire_upgraded":2,"win_rate":0,"timestamp":1552742420,"path_taken":["M","M","$","M","M","R","E","R","T","?","?","?","R","M","R","BOSS","M","M","?","?","$","R","M","M"],"build_version":"2019-01-23","purchased_purges":1,"victory":false,"max_hp_per_floor":[66,66,66,66,66,66,66,66,66,66,66,66,66,66,66,66,66,66,66,66,71,71,71,71,71],"card_choices":[{"not_picked":["Bane","Cloak And Dagger"],"picked":"Dagger Throw","floor":1.0},{"not_picked":["Deflect","Choke","Reflex"],"picked":"SKIP","floor":1.0},{"not_picked":["Caltrops","Underhanded Strike"],"picked":"Backstab","floor":2.0},{"not_picked":["Deadly Poison","Deflect"],"picked":"Backstab","floor":2.0},{"not_picked":["Expertise","Flying Knee"],"picked":"Acrobatics","floor":4.0},{"not_picked":["Underhanded Strike","Calculated Gamble"],"picked":"Poisoned Stab","floor":4.0},{"not_picked":["Bouncing Flask","Terror"],"picked":"Cloak And Dagger","floor":5.0},{"not_picked":["Sucker Punch","Wraith Form v2","Finisher"],"picked":"SKIP","floor":5.0},{"not_picked":["Flying Knee","Flechettes"],"picked":"Blur","floor":7.0},{"not_picked":["Acrobatics","Backflip"],"picked":"Dagger Spray","floor":14.0},{"not_picked":["Blade Dance","Bane"],"picked":"Infinite Blades","floor":14.0},{"not_picked":["Tools of the Trade","Bullet Time"],"picked":"Corpse Explosion","floor":16},{"not_picked":["Acrobatics","Expertise"],"picked":"Bouncing Flask","floor":18},{"not_picked":["Cloak And Dagger","Sucker Punch"],"picked":"Leg Sweep","floor":18},{"not_picked":["Bane","Prepared+1"],"picked":"Infinite Blades","floor":19},{"not_picked":["Quick Slash","Prepared"],"picked":"PiercingWail+1","floor":19},{"not_picked":["Eviscerate","Underhanded Strike"],"picked":"After Image","floor":24},{"not_picked":["Reflex","Underhanded Strike+1","Quick Slash"],"picked":"SKIP","floor":24}],"player_experience":711314,"relics_obtained":[{"floor":7.0,"key":"Whetstone"},{"floor":20,"key":"Centennial Puzzle"}],"event_choices":[{"damage_healed":0.0,"max_hp_gain":0.0,"max_hp_loss":0.0,"gold_gain":75.0,"event_name":"World of Goop","player_choice":"Gather Gold","floor":10.0,"gold_loss":0.0,"damage_taken":11.0},{"damage_healed":0.0,"max_hp_gain":0.0,"max_hp_loss":0.0,"gold_gain":0.0,"event_name":"Scrap Ooze","player_choice":"Fled","floor":11.0,"gold_loss":0.0,"damage_taken":0.0},{"cards_removed":["Strike_G"],"damage_healed":0.0,"max_hp_gain":0.0,"max_hp_loss":0.0,"gold_gain":0.0,"event_name":"Bonfire Elementals","player_choice":"Offered Basic","floor":12.0,"gold_loss":0.0,"damage_taken":0.0},{"damage_healed":0,"gold_gain":0,"player_choice":"Shed Blood","damage_taken":23,"max_hp_gain":5,"max_hp_loss":0,"event_name":"Forgotten Altar","floor":21,"gold_loss":0}],"is_beta":false,"boss_relics":[{"not_picked":["Velvet Choker","Runic Dome"],"picked":"Sozu"}],"items_purged_floors":[3],"is_endless":false,"potions_floor_spawned":[1,4,5,7,14],"killed_by":"Sentry and Sphere","ascension_level":20}