{"gold_per_floor":[214,64,214,224,40,71,71,103,103,103,103,122,27,15,15,15],"floor_reached":16,"playtime":635,"items_purged":["Strike_G","Doubt"],"score":194,"play_id":"98901ec0-a0f5-4aea-9713-29d21a70c57c","local_time":"20190622121711","is_ascension_mode":true,"campfire_choices":[{"floor":7,"key":"REST"},{"floor":10,"key":"REST"},{"data":"Neutralize","floor":15,"key":"SMITH"}],"neow_cost":"NONE","seed_source_timestamp":389097094322400,"circlet_count":0,"master_deck":["AscendersBane","Defend_G","Defend_G","Defend_G","Defend_G","Defend_G","Strike_G","Strike_G","Strike_G","Strike_G","Survivor","Neutralize+1","Quick Slash","Well Laid Plans","Setup","Noxious Fumes","Deflect","Dodge and Roll","Leg Sweep","Dagger Spray","Sucker Punch"],"relics":["Ring of the Snake","Bird Faced Urn","Ice Cream","Ginger","FaceOfCleric"],"potions_floor_usage":[8,8,14,14],"damage_taken":[{"damage":1,"enemies":"Small Slimes","floor":1,"turns":4},{"damage":2,"enemies":"Jaw Worm","floor":4,"turns":4},{"damage":45,"enemies":"Gremlin Nob","floor":6,"turns":6},{"damage":33,"enemies":"Lagavulin","floor":8,"turns":8},{"damage":0,"enemies":"Cultist","floor":12,"turns":5},{"damage":0,"enemies":"Exordium Thugs","floor":14,"turns":5},{"damage":54,"enemies":"Slime Boss","floor":16,"turns":12}],"seed_played":"-74000719786435612","potions_obtained":[{"floor":6,"key":"Poison Potion"},{"floor":8,"key":"Energy Potion"},{"floor":12,"key":"Regen Potion"}],"is_trial":false,"path_per_floor":["M","$","?","M","$","E","R","E","T","R","?","M","$","M","R","B"],"character_chosen":"THE_SILENT","items_purchased":["Well Laid Plans","LiquidBronze","Leg Sweep","Dagger Spray"],"campfire_rested":2,"item_purchase_floors":[2,5,13,13],"current_hp_per_floor":[58,58,58,56,56,11,30,1,1,20,20,25,25,45,45,0],"gold":15,"neow_bonus":"HUNDRED_GOLD","is_prod":false,"is_daily":false,"chose_seed":false,"campfire_upgraded":1,"win_rate":0,"timestamp":1561198631,"path_taken":["M","$","?","M","$","E","R","E","T","R","?","?","?","M","R","BOSS"],"build_version":"2019-01-23","purchased_purges":2,"victory":false,"max_hp_per_floor":[66,66,66,66,66,66,66,66,66,66,66,67,67,68,68,68],"card_choices":[{"not_picked":["Slice","Underhanded Strike"],"picked":"Quick Slash","floor":1},{"not_picked":["Slice","Terror"],"picked":"Setup","floor":4},{"not_picked":["Predator","Deadly Poison"],"picked":"Noxious Fumes","floor":6},{"not_picked":["Setup","Expertise"],"picked":"Deflect","floor":8},{"not_picked":["Distraction","Bane"],"picked":"Dodge and Roll","floor":12},{"not_picked":["Quick Slash","Concentrate"],"picked":"Sucker Punch","floor":14}],"player_experience":1433511,"relics_obtained":[{"floor":6,"key":"Bird Faced Urn"},{"floor":8,"key":"Ice Cream"},{"floor":9,"key":"Ginger"}],"event_choices":[{"damage_healed":0,"gold_gain":150,"player_choice":"AGREE","damage_taken":0,"max_hp_gain":0,"max_hp_loss":0,"event_name":"Liars Game","floor":3,"gold_loss":0,"cards_obtained":["Doubt"]},{"damage_healed":0,"gold_gain":0,"player_choice":"Trade","damage_taken":0,"relics_obtained":["FaceOfCleric"],"max_hp_gain":0,"max_hp_loss":0,"event_name":"FaceTrader","floor":11,"gold_loss":0}],"is_beta":false,"boss_relics":[],"items_purged_floors":[2,5],"is_endless":false,"potions_floor_spawned":[6,8,12],"killed_by":"Slime Boss","ascension_level":16}