{"gold_per_floor":[113,127,146,166,166,166,190,190,190,217,217,237,266,280,280,280],"floor_reached":16,"playtime":701,"items_purged":[],"score":218,"play_id":"32ffa424-8183-4733-9a32-96249832162b","local_time":"20181029210909","is_ascension_mode":true,"campfire_choices":[{"data":"Bash","floor":6,"key":"SMITH"},{"data":"Bludgeon","floor":11,"key":"SMITH"},{"data":"Whirlwind","floor":15,"key":"SMITH"}],"neow_cost":"NONE","seed_source_timestamp":0,"circlet_count":0,"master_deck":["Strike_R","Strike_R","Strike_R","Strike_R","Defend_R","Defend_R","Defend_R","Defend_R","Bash+1","AscendersBane","Shrug It Off","Sword Boomerang","Shrug It Off","Anger","Bludgeon+1","Shockwave","Headbutt","Whirlwind+1"],"special_seed":0,"relics":["Burning Blood","NeowsBlessing","Mummified Hand","Odd Mushroom","Question Card","Darkstone Periapt","Pen Nib"],"potions_floor_usage":[10,13,14,16],"damage_taken":[{"damage":0.0,"enemies":"Cultist","floor":1.0,"turns":1.0},{"damage":0.0,"enemies":"Jaw Worm","floor":2.0,"turns":1.0},{"damage":0.0,"enemies":"2 Louse","floor":3.0,"turns":2.0},{"damage":6.0,"enemies":"Looter","floor":4.0,"turns":4.0},{"damage":27,"enemies":"The Mushroom Lair","floor":7,"turns":5},{"damage":8,"enemies":"Gremlin Nob","floor":10,"turns":3},{"damage":12,"enemies":"3 Louse","floor":12,"turns":6},{"damage":20,"enemies":"Lagavulin","floor":13,"turns":5},{"damage":5,"enemies":"Gremlin Gang","floor":14,"turns":3},{"damage":29,"enemies":"Slime Boss","floor":16,"turns":8}],"seed_played":"6880628795097128858","potions_obtained":[{"floor":3.0,"key":"Energy Potion"},{"floor":10,"key":"Explosive Potion"},{"floor":12,"key":"Poison Potion"},{"floor":14,"key":"Dexterity Potion"}],"is_trial":false,"path_per_floor":["M","M","M","M","?","R","?","?","T","E","R","M","E","M","R"],"character_chosen":"IRONCLAD","items_purchased":[],"campfire_rested":0,"item_purchase_floors":[],"current_hp_per_floor":[74,75,75,75,64,64,43,43,43,41,41,35,21,22,22,0],"gold":280,"neow_bonus":"THREE_ENEMY_KILL","is_prod":false,"is_daily":false,"chose_seed":false,"campfire_upgraded":3,"win_rate":0,"timestamp":1540847349,"path_taken":["M","?","M","?","?","R","?","?","T","E","R","?","E","M","R","BOSS"],"build_version":"2018-10-25v2","purchased_purges":0,"victory":false,"max_hp_per_floor":[75,75,75,75,75,75,75,75,75,75,75,75,75,75,75,75],"card_choices":[{"not_picked":["Armaments","Iron Wave"],"picked":"Shrug It Off","floor":1.0},{"not_picked":["Warcry","Shrug It Off"],"picked":"Sword Boomerang","floor":2.0},{"not_picked":["True Grit","Sever Soul"],"picked":"Shrug It Off","floor":3.0},{"not_picked":["Sword Boomerang","Iron Wave"],"picked":"Anger","floor":4.0},{"not_picked":["Hemokinesis","Perfected Strike"],"picked":"Bludgeon","floor":7},{"not_picked":["Sword Boomerang","Flex","Body Slam"],"picked":"Shockwave","floor":10},{"not_picked":["Anger","Twin Strike","Flex"],"picked":"Headbutt","floor":12},{"not_picked":["Twin Strike","Power Through","Cleave"],"picked":"Whirlwind","floor":13},{"not_picked":["Body Slam","Heavy Blade","Cleave","Whirlwind"],"picked":"SKIP","floor":14}],"player_experience":933497,"relics_obtained":[{"floor":7,"key":"Odd Mushroom"},{"floor":9,"key":"Question Card"},{"floor":10,"key":"Darkstone Periapt"},{"floor":13,"key":"Pen Nib"}],"event_choices":[{"damage_healed":0.0,"max_hp_gain":0.0,"max_hp_loss":0.0,"gold_gain":0.0,"event_name":"Scrap Ooze","player_choice":"Success","floor":5.0,"gold_loss":0.0,"damage_taken":11.0,"relics_obtained":["Mummified Hand"]},{"damage_healed":0,"gold_gain":0,"player_choice":"Fought Mushrooms","damage_taken":0,"max_hp_gain":0,"max_hp_loss":0,"event_name":"Mushrooms","floor":7,"gold_loss":0},{"cards_removed":["Strike_R"],"damage_healed":0,"gold_gain":0,"player_choice":"Offered Basic","damage_taken":0,"max_hp_gain":0,"max_hp_loss":0,"event_name":"Bonfire Elementals","floor":8,"gold_loss":0}],"is_beta":false,"boss_relics":[],"items_purged_floors":[],"is_endless":false,"potions_floor_spawned":[3,10,12,14],"killed_by":"Slime Boss","ascension_level":19}