{"gold_per_floor":[111,128,128,183,333,365,380,78,158,158,173,204,75,94,94,171,221,241,254,129,129,31,31],"floor_reached":23,"playtime":1254,"items_purged":["Strike_B","Doubt","Strike_B"],"score":426,"play_id":"d6e776b3-5f60-45cf-a25a-8dc738a29cd0","local_time":"20190519214743","is_ascension_mode":true,"campfire_choices":[{"data":"Go for the Eyes","floor":10,"key":"SMITH"},{"data":"Beam Cell","floor":15,"key":"SMITH"}],"neow_cost":"NONE","seed_source_timestamp":75325122555739,"circlet_count":0,"master_deck":["AscendersBane","Defend_B+1","Defend_B","Defend_B","Defend_B","Zap","Dualcast","Go for the Eyes+1","Cold Snap","All For One","Glacier","Hologram","Gash","Beam Cell+1","Steam","Hologram","Biased Cognition","Go for the Eyes","Sweeping Beam","Scrape","Panacea"],"relics":["Cracked Core","NeowsBlessing","Omamori","Vajra","Question Card","Tiny House"],"potions_floor_usage":[18,18],"damage_taken":[{"damage":0,"enemies":"2 Louse","floor":1,"turns":1},{"damage":0,"enemies":"Jaw Worm","floor":2,"turns":1},{"damage":0,"enemies":"Lagavulin","floor":6,"turns":1},{"damage":0,"enemies":"Cultist","floor":7,"turns":4},{"damage":0,"enemies":"Looter","floor":11,"turns":3},{"damage":7,"enemies":"3 Sentries","floor":12,"turns":8},{"damage":12,"enemies":"3 Louse","floor":14,"turns":4},{"damage":3,"enemies":"The Guardian","floor":16,"turns":11},{"damage":1,"enemies":"Shell Parasite","floor":18,"turns":2},{"damage":10,"enemies":"Spheric Guardian","floor":19,"turns":4},{"damage":58,"enemies":"Slavers","floor":23,"turns":7}],"seed_played":"3518969549239951188","potions_obtained":[{"floor":1,"key":"SkillPotion"},{"floor":2,"key":"FearPotion"},{"floor":11,"key":"AttackPotion"},{"floor":12,"key":"Block Potion"},{"floor":18,"key":"Energy Potion"}],"is_trial":false,"path_per_floor":["M","M","?","?","?","E","M","$","T","R","M","E","$","M","R","B",null,"M","M","$","?","$","E"],"character_chosen":"DEFECT","items_purchased":["Vajra","Gash","Hologram","Panacea"],"campfire_rested":0,"item_purchase_floors":[8,8,13,22],"current_hp_per_floor":[64,64,64,64,64,64,64,64,64,64,64,57,57,45,45,42,69,68,58,58,58,58,0],"gold":31,"neow_bonus":"THREE_ENEMY_KILL","is_prod":false,"is_daily":false,"chose_seed":false,"campfire_upgraded":2,"win_rate":0,"timestamp":1558298863,"path_taken":["M","M","?","?","?","E","M","$","T","R","M","E","$","M","R","BOSS","M","M","$","?","$","E"],"build_version":"2019-01-23","purchased_purges":3,"victory":false,"max_hp_per_floor":[71,71,71,71,71,71,71,71,71,71,71,71,71,71,71,71,76,76,76,76,76,76,76],"card_choices":[{"not_picked":["Self Repair","Reprogram"],"picked":"Go for the Eyes","floor":1},{"not_picked":["Stack","Turbo"],"picked":"Cold Snap","floor":2},{"not_picked":["Go for the Eyes","Rainbow"],"picked":"Glacier","floor":6},{"not_picked":["Leap","Genetic Algorithm"],"picked":"Hologram","floor":7},{"not_picked":["Melter","Fusion"],"picked":"Beam Cell","floor":11},{"not_picked":["Chill","Recycle"],"picked":"Steam","floor":12},{"not_picked":["Darkness","Heatsinks","Lockon","Steam"],"picked":"SKIP","floor":14},{"not_picked":["Creative AI","Buffer","Machine Learning"],"picked":"Biased Cognition","floor":16},{"not_picked":["Hologram","Leap","Force Field"],"picked":"Go for the Eyes","floor":17},{"not_picked":["Rebound","Stack","Sunder"],"picked":"Sweeping Beam","floor":18},{"not_picked":["Skim","Hologram","Go for the Eyes"],"picked":"Scrape","floor":19}],"player_experience":1021004,"relics_obtained":[{"floor":6,"key":"Omamori"},{"floor":12,"key":"Question Card"}],"event_choices":[{"damage_healed":0,"gold_gain":0,"cards_transformed":["Strike_B"],"player_choice":"Change","damage_taken":0,"max_hp_gain":0,"max_hp_loss":0,"event_name":"Living Wall","floor":3,"gold_loss":0,"cards_obtained":["All For One"]},{"damage_healed":0,"gold_gain":55,"player_choice":"Gained Gold","damage_taken":0,"max_hp_gain":0,"max_hp_loss":0,"event_name":"Golden Wing","floor":4,"gold_loss":0},{"damage_healed":0,"gold_gain":150,"player_choice":"AGREE","damage_taken":0,"max_hp_gain":0,"max_hp_loss":0,"event_name":"Liars Game","floor":5,"gold_loss":0,"cards_obtained":["Doubt"]},{"cards_removed":["Strike_B"],"damage_healed":0,"gold_gain":0,"player_choice":"Purged","damage_taken":0,"max_hp_gain":0,"max_hp_loss":0,"event_name":"Purifier","floor":21,"gold_loss":0}],"is_beta":false,"boss_relics":[{"not_picked":["Fusion Hammer","Philosopher\u0027s Stone"],"picked":"Tiny House"}],"items_purged_floors":[8,13,20],"is_endless":false,"potions_floor_spawned":[1,2,11,12,14,18],"killed_by":"Slavers","ascension_level":18}