{"path_per_floor":["M","?","M","M","M","R","$","E","T","M","E","M","R","M","R","B",null,"M","?","?","M","?","R","$","E","T","R","T","E","R","M","R","B",null,"M","$","?","$","M","E","R","M","T","R","T","?","E","M","R"],"character_chosen":"THE_SILENT","items_purchased":["Juzu Bracelet","Snake Skull","Infinite Blades","Distraction"],"gold_per_floor":[114,114,133,146,157,157,8,37,37,55,81,97,97,108,108,208,208,226,226,226,237,237,237,54,86,86,86,111,142,142,155,155,254,254,269,157,157,157,169,196,196,215,290,290,590,590,616,627,627],"floor_reached":50,"campfire_rested":2,"playtime":3581,"current_hp_per_floor":[69,74,73,73,64,64,64,36,36,34,20,20,42,37,37,23,75,66,66,66,75,75,75,75,73,73,73,73,56,56,42,42,4,75,71,71,71,71,73,44,56,48,48,60,66,66,35,31,67],"items_purged":["Pain"],"gold":627,"score":598,"play_id":"fd0dfd51-23b6-4ac1-a6aa-e1bebde044b0","is_prod":false,"is_daily":false,"is_ascension_mode":true,"campfire_upgraded":5,"path_taken":["M","?","M","M","M","R","$","E","T","M","E","M","R","M","R","BOSS","M","?","?","M","?","R","?","E","T","R","?","E","R","M","R","BOSS","M","$","?","?","M","E","R","M","T","R","?","?","E","M","R","BOSS"],"build_version":"2018-02-22-PROD2","purchased_purges":1,"victory":false,"master_deck":["Defend_G","Defend_G","Defend_G","Defend_G","Strike_G","Strike_G+1","Strike_G","Strike_G","Strike_G","Survivor","Neutralize+1","Dagger Spray+1","Outmaneuver","Flying Knee","Poisoned Stab","Backflip+1","Finisher","Malaise+1","Tools of the Trade","PiercingWail","Night Terror","Concentrate+1","Noxious Fumes","Deflect+1","Eviscerate","Infinite Blades","Malaise+1","Deflect+1","Burst","Endless Agony+1","Distraction","Backflip+1","Injury","Clumsy"],"max_hp_per_floor":[70,75,75,75,75,75,75,75,75,75,75,75,75,75,75,75,75,75,75,75,75,75,75,75,75,75,75,75,75,75,75,75,75,75,75,75,75,75,75,75,75,75,75,75,81,81,81,81,81],"relics":["Ring of the Snake","Juzu Bracelet","Vajra","Whetstone","Bird Faced Urn","Cursed Key","Snake Skull","Happy Flower","Girya","Bronze Scales","Mummified Hand","Eternal Feather","Ninja Scroll","Darkstone Periapt","Old Coin","Pantograph"],"card_choices":[{"not_picked":["Blade Dance","Escape Plan"],"picked":"Dagger Spray"},{"not_picked":["Bane","Deadly Poison"],"picked":"Outmaneuver"},{"not_picked":["Dagger Throw","Predator"],"picked":"Flying Knee"},{"not_picked":["Calculated Gamble","Outmaneuver"],"picked":"Poisoned Stab"},{"not_picked":["Corpse Explosion","A Thousand Cuts"],"picked":"Backflip"},{"not_picked":["Slice","Poisoned Stab"],"picked":"Finisher"},{"not_picked":["Quick Slash","Calculated Gamble"],"picked":"Malaise"},{"not_picked":["Flechettes","Reflex"],"picked":"Tools of the Trade"},{"not_picked":["Deflect","Dagger Throw"],"picked":"PiercingWail"},{"not_picked":["Tactician","Bullet Time"],"picked":"Night Terror"},{"not_picked":["Backstab","Infinite Blades"],"picked":"Concentrate"},{"not_picked":["PiercingWail","Prepared"],"picked":"Deflect"},{"not_picked":["PiercingWail","Setup"],"picked":"Malaise"},{"not_picked":["Endless Agony","Underhanded Strike"],"picked":"Deflect"},{"not_picked":["Corpse Explosion","Tools of the Trade"],"picked":"Burst"},{"not_picked":["Outmaneuver","Dodge and Roll"],"picked":"Endless Agony"},{"not_picked":["Bane","PiercingWail"],"picked":"Backflip"}],"player_experience":240106,"potions_floor_usage":[8,16,16,21,47,47,50],"damage_taken":[{"damage":1,"enemies":"Jaw Worm","floor":1,"turns":4},{"damage":1,"enemies":"2 Louse","floor":3,"turns":3},{"damage":0,"enemies":"Cultist","floor":4,"turns":3},{"damage":9,"enemies":"Looter","floor":5,"turns":3},{"damage":28,"enemies":"Gremlin Nob","floor":8,"turns":4},{"damage":2,"enemies":"2 Fungi Beasts","floor":10,"turns":3},{"damage":14,"enemies":"3 Sentries","floor":11,"turns":4},{"damage":0,"enemies":"Exordium Wildlife","floor":12,"turns":2},{"damage":5,"enemies":"Gremlin Gang","floor":14,"turns":3},{"damage":31,"enemies":"Slime Boss","floor":16,"turns":9},{"damage":11,"enemies":"2 Thieves","floor":18,"turns":5},{"damage":8,"enemies":"3 Byrds","floor":21,"turns":6},{"damage":6,"enemies":"Gremlin Leader","floor":25,"turns":6},{"damage":21,"enemies":"Book of Stabbing","floor":29,"turns":6},{"damage":18,"enemies":"Snecko","floor":31,"turns":3},{"damage":44,"enemies":"Collector","floor":33,"turns":11},{"damage":8,"enemies":"3 Darklings","floor":35,"turns":6},{"damage":0,"enemies":"3 Shapes","floor":39,"turns":5},{"damage":31,"enemies":"Nemesis","floor":40,"turns":7},{"damage":14,"enemies":"3 Darklings","floor":42,"turns":4},{"damage":37,"enemies":"Giant Head","floor":47,"turns":8},{"damage":8,"enemies":"4 Shapes","floor":48,"turns":3},{"damage":87,"enemies":"Donu and Deca","floor":50,"turns":6}],"event_choices":[{"event_name":"Big Fish","player_choice":"Donut","floor":2,"damage_taken":0},{"event_name":"The Library","player_choice":"Read","floor":19,"damage_taken":0},{"event_name":"Beggar","player_choice":"Ignored","floor":20,"damage_taken":0},{"event_name":"Transmorgrifier","player_choice":"Transform","floor":22,"damage_taken":0},{"event_name":"Purifier","player_choice":"One Purge","floor":37,"damage_taken":0},{"event_name":"Accursed Blacksmith","player_choice":"Ignore","floor":46,"damage_taken":0}],"boss_relics":[{"not_picked":["Runic Pyramid","Orrery"],"picked":"Cursed Key"},{"not_picked":["Runic Dome","Astrolabe"],"picked":"Eternal Feather"}],"potions_floor_spawned":[1,5,12,18,31,35,42],"seed_played":"-30849287615077299","killed_by":"Donu and Deca","ascension_level":3,"is_trial":false}