{"gold_per_floor":[14,33,51,1,1,36,46,77,101,116,147,166,184,212,212,287,287,302,314,11,29,39,71,71,105,105,132,147,147,147,22,22,95,95,112,131,131,141,156,156,156,156],"floor_reached":42,"playtime":2466,"items_purged":["Strike_R"],"score":862,"play_id":"4d51136e-0f17-4b46-b55c-2670436be9a6","local_time":"20191004172618","is_ascension_mode":true,"campfire_choices":[{"data":"Uppercut","floor":15,"key":"SMITH"},{"floor":24,"key":"REST"},{"floor":32,"key":"REST"},{"floor":40,"key":"REST"},{"floor":41,"key":"REST"}],"neow_cost":"NO_GOLD","seed_source_timestamp":0,"circlet_count":0,"master_deck":["AscendersBane","Defend_R","Defend_R","Defend_R","Defend_R","Bash","Uppercut+1","Hemokinesis","Spot Weakness","Feed","Sword Boomerang","Inflame","Flame Barrier","Offering","Headbutt","Shrug It Off","True Grit","Fiend Fire","Limit Break","Impervious","Exhume","Evolve","True Grit+1"],"special_seed":0,"relics":["Burning Blood","FossilizedHelix","Ice Cream","Blood Vial","Red Skull","Vajra","Darkstone Periapt","Orichalcum","Cursed Key","Bottled Flame","Mercury Hourglass","The Courier","WingedGreaves","Empty Cage"],"potions_floor_usage":[11,42,42],"damage_taken":[{"damage":0.0,"enemies":"Jaw Worm","floor":1.0,"turns":3.0},{"damage":4.0,"enemies":"Small Slimes","floor":2.0,"turns":5.0},{"damage":0.0,"enemies":"Cultist","floor":3.0,"turns":3.0},{"damage":11.0,"enemies":"Lagavulin","floor":6.0,"turns":5.0},{"damage":4.0,"enemies":"Large Slime","floor":7.0,"turns":5.0},{"damage":16,"enemies":"3 Sentries","floor":8,"turns":6},{"damage":20,"enemies":"Exordium Thugs","floor":10,"turns":4},{"damage":15,"enemies":"Lagavulin","floor":11,"turns":4},{"damage":9,"enemies":"Looter","floor":12,"turns":3},{"damage":0,"enemies":"Blue Slaver","floor":13,"turns":2},{"damage":16,"enemies":"3 Sentries","floor":14,"turns":7},{"damage":27,"enemies":"The Guardian","floor":16,"turns":9},{"damage":14,"enemies":"Shell Parasite","floor":18,"turns":2},{"damage":17,"enemies":"2 Thieves","floor":19,"turns":3},{"damage":22,"enemies":"Snake Plant","floor":21,"turns":4},{"damage":11,"enemies":"Snecko","floor":22,"turns":4},{"damage":20,"enemies":"Book of Stabbing","floor":23,"turns":4},{"damage":30,"enemies":"Slavers","floor":25,"turns":5},{"damage":19,"enemies":"Gremlin Leader","floor":27,"turns":4},{"damage":3,"enemies":"3 Cultists","floor":28,"turns":2},{"damage":38,"enemies":"Champ","floor":33,"turns":8},{"damage":11,"enemies":"3 Darklings","floor":35,"turns":5},{"damage":21,"enemies":"3 Shapes","floor":36,"turns":5},{"damage":29,"enemies":"Spire Growth","floor":38,"turns":3},{"damage":46,"enemies":"Sphere and 2 Shapes","floor":39,"turns":6},{"damage":99,"enemies":"Reptomancer","floor":42,"turns":6}],"seed_played":"-7979935646459944358","potions_obtained":[{"floor":1.0,"key":"Block Potion"},{"floor":3.0,"key":"Weak Potion"},{"floor":6.0,"key":"Ancient Potion"},{"floor":7,"key":"Regen Potion"},{"floor":12,"key":"GamblersBrew"},{"floor":13,"key":"Weak Potion"}],"is_trial":false,"path_per_floor":["M","M","M","?","?","E","M","E","T","M","E","M","M","E","R","B",null,"M","M","$","M","M","E","R","E","T","E","M","?","?","$","R","B",null,"M","M","?","M","M","R","R","E"],"character_chosen":"IRONCLAD","items_purchased":["Bottled Flame","Shrug It Off","Spot Weakness"],"campfire_rested":4,"item_purchase_floors":[20,20,31],"current_hp_per_floor":[78,80,80,80,62,57,64,59,59,50,43,42,50,45,45,26,76,73,67,67,53,53,41,71,52,52,41,46,25,25,25,57,27,89,86,76,76,55,23,58,93,0],"gold":156,"neow_bonus":"ONE_RARE_RELIC","is_prod":false,"is_daily":false,"chose_seed":false,"campfire_upgraded":1,"win_rate":0,"timestamp":1570224378,"path_taken":["M","M","M","?","?","E","M","E","T","M","E","M","M","E","R","BOSS","M","M","$","M","M","E","R","E","T","E","M","?","?","?","R","BOSS","M","?","?","M","M","R","R","E"],"build_version":"2019-10-04","purchased_purges":1,"victory":false,"max_hp_per_floor":[80,80,80,80,80,80,83,86,86,89,89,89,89,92,92,92,92,95,98,98,98,101,101,101,104,104,104,104,109,109,109,109,109,109,109,112,112,112,118,118,118,118],"card_choices":[{"not_picked":["Pommel Strike","Battle Trance"],"picked":"Uppercut","floor":1.0},{"not_picked":["Seeing Red","Perfected Strike"],"picked":"Hemokinesis","floor":2.0},{"not_picked":["Twin Strike","Hemokinesis"],"picked":"Spot Weakness","floor":3.0},{"not_picked":["Burning Pact","Disarm"],"picked":"Feed","floor":6.0},{"not_picked":["Heavy Blade","Cleave"],"picked":"Sword Boomerang","floor":7},{"not_picked":["Anger","Perfected Strike","Thunderclap"],"picked":"SKIP","floor":8},{"not_picked":["Reckless Charge","Anger"],"picked":"Inflame","floor":10},{"not_picked":["Armaments","Clash","Heavy Blade"],"picked":"SKIP","floor":11},{"not_picked":["Inflame","Warcry"],"picked":"Flame Barrier","floor":12},{"not_picked":["Seeing Red","Fire Breathing","Clothesline"],"picked":"SKIP","floor":14},{"not_picked":["Limit Break","Juggernaut"],"picked":"Offering","floor":16},{"not_picked":["Evolve","Body Slam"],"picked":"Headbutt","floor":18},{"not_picked":["Headbutt+1","Hemokinesis","Dual Wield"],"picked":"SKIP","floor":19},{"not_picked":["Headbutt","Thunderclap"],"picked":"True Grit","floor":21},{"not_picked":["Pummel","Twin Strike","Carnage+1"],"picked":"SKIP","floor":22},{"not_picked":["Sword Boomerang","Thunderclap"],"picked":"Fiend Fire","floor":23},{"not_picked":["Clothesline","Warcry"],"picked":"Limit Break","floor":25},{"not_picked":["Pommel Strike","Battle Trance"],"picked":"Impervious","floor":27},{"not_picked":["Pommel Strike","Intimidate","Warcry"],"picked":"SKIP","floor":28},{"not_picked":["Berserk","Double Tap"],"picked":"Exhume","floor":33},{"not_picked":["Combust+1","Clothesline+1","Body Slam"],"picked":"SKIP","floor":35},{"not_picked":["Carnage","Combust"],"picked":"Evolve","floor":36},{"not_picked":["Cleave","Body Slam"],"picked":"True Grit+1","floor":38},{"not_picked":["Cleave","Perfected Strike","Body Slam"],"picked":"SKIP","floor":39}],"player_experience":459742,"relics_obtained":[{"floor":6.0,"key":"Blood Vial"},{"floor":8,"key":"Red Skull"},{"floor":9,"key":"Vajra"},{"floor":11,"key":"Darkstone Periapt"},{"floor":14,"key":"Orichalcum"},{"floor":23,"key":"Mercury Hourglass"},{"floor":25,"key":"The Courier"},{"floor":27,"key":"WingedGreaves"}],"event_choices":[{"cards_removed":["Strike_R"],"damage_healed":0.0,"max_hp_gain":0.0,"max_hp_loss":0.0,"gold_gain":0.0,"event_name":"The Cleric","player_choice":"Card Removal","floor":4.0,"gold_loss":50.0,"damage_taken":0.0},{"damage_healed":0.0,"max_hp_gain":0.0,"max_hp_loss":0.0,"gold_gain":0.0,"event_name":"Scrap Ooze","player_choice":"Success","floor":5.0,"gold_loss":0.0,"damage_taken":18.0,"relics_obtained":["Ice Cream"]},{"damage_healed":0,"gold_gain":0,"player_choice":"Shed Blood","damage_taken":26,"max_hp_gain":5,"max_hp_loss":0,"event_name":"Forgotten Altar","floor":29,"gold_loss":0},{"cards_removed":["Strike_R"],"damage_healed":0,"gold_gain":0,"player_choice":"Elegance","damage_taken":0,"max_hp_gain":0,"max_hp_loss":0,"event_name":"Back to Basics","floor":30,"gold_loss":0},{"cards_removed":["Spot Weakness"],"damage_healed":0,"gold_gain":0,"player_choice":"Removed Skill","damage_taken":0,"max_hp_gain":0,"max_hp_loss":0,"event_name":"Falling","floor":37,"gold_loss":0}],"is_beta":true,"boss_relics":[{"not_picked":["Fusion Hammer","Tiny House"],"picked":"Cursed Key"},{"not_picked":["Velvet Choker","Astrolabe"],"picked":"Empty Cage"}],"items_purged_floors":[31],"is_endless":false,"potions_floor_spawned":[1,3,6,7,12,13,21,28,33],"killed_by":"Reptomancer","ascension_level":13}