{"gold_per_floor":[115,134,134,9,24,24,24,41,87,87,37,56,56,76,76,181,181,199,199],"floor_reached":19,"playtime":574,"items_purged":["Strike_R"],"score":157,"play_id":"40d569fd-8852-436e-a495-67563e45699d","local_time":"20191006144737","is_ascension_mode":false,"campfire_choices":[{"data":"True Grit","floor":6.0,"key":"SMITH"},{"data":"Body Slam","floor":10.0,"key":"SMITH"},{"data":"Demon Form","floor":13.0,"key":"SMITH"},{"data":"Bash","floor":15.0,"key":"SMITH"}],"neow_cost":"NONE","seed_source_timestamp":0,"circlet_count":0,"master_deck":["Strike_R","Strike_R","Strike_R","Defend_R","Defend_R","Defend_R","Defend_R","Bash+1","Body Slam+1","True Grit+1","Demon Form+1"],"special_seed":0,"relics":["Sozu"],"potions_floor_usage":[],"damage_taken":[{"damage":0.0,"enemies":"2 Louse","floor":1.0,"turns":3.0},{"damage":0.0,"enemies":"Small Slimes","floor":2.0,"turns":3.0},{"damage":6.0,"enemies":"Cultist","floor":5.0,"turns":3.0},{"damage":4.0,"enemies":"Gremlin Gang","floor":8.0,"turns":5.0},{"damage":0.0,"enemies":"2 Fungi Beasts","floor":12.0,"turns":3.0},{"damage":15.0,"enemies":"The Mushroom Lair","floor":14.0,"turns":6.0},{"damage":31.0,"enemies":"The Guardian","floor":16.0,"turns":11.0},{"damage":26,"enemies":"Spheric Guardian","floor":18,"turns":6},{"damage":55,"enemies":"Masked Bandits","floor":19,"turns":5}],"seed_played":"6113726515018590931","potions_obtained":[],"is_trial":false,"path_per_floor":["M","M","?","$","M","R","?","M","T","R","?","M","R","?","R","B",null,"M","?"],"character_chosen":"IRONCLAD","items_purchased":["True Grit"],"campfire_rested":0,"item_purchase_floors":[4],"current_hp_per_floor":[80,80,80,80,74,74,74,70,70,70,70,70,70,55,55,24,80,54,0],"gold":199,"neow_bonus":"BOSS_RELIC","is_prod":false,"is_daily":false,"chose_seed":false,"campfire_upgraded":4,"win_rate":0,"timestamp":1570398457,"path_taken":["M","M","?","$","M","R","?","M","T","R","?","M","R","?","R","BOSS","M","?"],"build_version":"2019-07-17","purchased_purges":1,"victory":false,"max_hp_per_floor":[80,80,80,80,80,80,80,80,80,80,80,80,80,80,80,80,80,80,80],"card_choices":[{"not_picked":["Anger","Cleave"],"picked":"Body Slam","floor":1.0},{"not_picked":["Body Slam","Sword Boomerang","Headbutt"],"picked":"SKIP","floor":2.0},{"not_picked":["Carnage","Wild Strike"],"picked":"Demon Form","floor":5.0},{"not_picked":["Armaments","Iron Wave","Body Slam"],"picked":"SKIP","floor":8.0},{"not_picked":["Armaments","Blood for Blood","Burning Pact"],"picked":"SKIP","floor":12.0},{"not_picked":["Body Slam","Infernal Blade","Intimidate"],"picked":"SKIP","floor":18}],"player_experience":348628,"relics_obtained":[],"event_choices":[{"damage_healed":0.0,"max_hp_gain":0.0,"max_hp_loss":0.0,"gold_gain":0.0,"event_name":"Golden Idol","player_choice":"Ignored","floor":3.0,"gold_loss":0.0,"damage_taken":0.0},{"damage_healed":0.0,"max_hp_gain":0.0,"max_hp_loss":0.0,"gold_gain":0.0,"event_name":"Liars Game","player_choice":"Ignored","floor":7.0,"gold_loss":0.0,"damage_taken":0.0},{"cards_removed":["Strike_R"],"damage_healed":0.0,"max_hp_gain":0.0,"max_hp_loss":0.0,"gold_gain":0.0,"event_name":"The Cleric","player_choice":"Card Removal","floor":11.0,"gold_loss":50.0,"damage_taken":0.0},{"damage_healed":0.0,"max_hp_gain":0.0,"max_hp_loss":0.0,"gold_gain":0.0,"event_name":"Mushrooms","player_choice":"Fought Mushrooms","floor":14.0,"gold_loss":0.0,"damage_taken":0.0},{"damage_healed":0,"gold_gain":0,"player_choice":"Fought Bandits","damage_taken":0,"max_hp_gain":0,"max_hp_loss":0,"event_name":"Masked Bandits","floor":19,"gold_loss":0}],"is_beta":false,"boss_relics":[{"not_picked":[]}],"items_purged_floors":[4],"is_endless":false,"potions_floor_spawned":[2,8,16,18],"killed_by":"Masked Bandits","ascension_level":0}