{"path_per_floor":["M","M","?","$","M","R","?","M","T","R","M","M","?","?","R","B",null,"M","$","M","M","?","R","?","R","T"],"character_chosen":"IRONCLAD","items_purchased":["Offering"],"gold_per_floor":[112,127,127,52,71,71,21,35,82,82,92,112,112,136,136,240,240,252,108,119,139,89,89,0,0,45,45],"floor_reached":27,"campfire_rested":0,"playtime":1085,"current_hp_per_floor":[75,80,73,73,76,76,76,67,67,67,68,68,68,61,61,26,82,44,44,37,25,25,33,33,41,48,0],"items_purged":["Injury"],"gold":45,"score":203,"play_id":"146cb871-6c26-4bbb-80d7-0dcbb2d857c5","local_time":"20180519222627","is_prod":false,"is_daily":false,"chose_seed":false,"is_ascension_mode":false,"campfire_upgraded":5,"timestamp":1526765187,"campfire_choices":[{"data":"Bash","floor":6,"key":"SMITH"},{"data":"Flex","floor":10,"key":"SMITH"},{"data":"Whirlwind","floor":15,"key":"SMITH"},{"data":"Seeing Red","floor":23,"key":"SMITH"},{"data":"Flex","floor":25,"key":"SMITH"}],"path_taken":["M","M","?","$","M","R","?","M","T","R","M","?","?","?","R","BOSS","M","$","?","M","?","R","?","R","T","M"],"build_version":"2018-05-17","seed_source_timestamp":186792362798511,"purchased_purges":1,"victory":false,"master_deck":["Strike_R","Strike_R","Strike_R","Strike_R","Defend_R","Defend_R","Defend_R","Bash+1","Dark Embrace","Rampage","Disarm","Evolve","Flex+1","Feel No Pain","Uppercut","Whirlwind+1","Feed","Flex+1","Offering","Seeing Red+1"],"max_hp_per_floor":[80,80,80,80,80,80,80,80,80,80,80,82,82,82,82,82,82,82,82,84,84,84,84,84,84,91,91],"relics":["Burning Blood","Vajra","Singing Bowl","Odd Mushroom","Eternal Feather","Strawberry"],"card_choices":[{"not_picked":["Demon Form","Juggernaut"],"picked":"Dark Embrace","floor":0},{"not_picked":["Twin Strike","Cleave"],"picked":"Rampage","floor":1},{"not_picked":["Havoc","Heavy Blade"],"picked":"Disarm","floor":2},{"not_picked":["Seeing Red","Clash"],"picked":"Evolve","floor":5},{"not_picked":["Disarm","Perfected Strike"],"picked":"Flex","floor":8},{"not_picked":["Twin Strike","Armaments"],"picked":"Feel No Pain","floor":11},{"not_picked":["Havoc","Evolve","Berserk"],"picked":"Singing Bowl","floor":12},{"not_picked":["Thunderclap","Headbutt"],"picked":"Whirlwind","floor":14},{"not_picked":["Fiend Fire","Dark Embrace"],"picked":"Feed","floor":16},{"not_picked":["Second Wind","Clash"],"picked":"Flex","floor":18},{"not_picked":["Bloodletting","Cleave+1","Shrug It Off"],"picked":"Singing Bowl","floor":20},{"not_picked":["Perfected Strike","Searing Blow+1"],"picked":"Seeing Red","floor":21}],"player_experience":333260,"potions_floor_usage":[16,16,20],"damage_taken":[{"damage":11,"enemies":"Jaw Worm","floor":1,"turns":4},{"damage":1,"enemies":"Cultist","floor":2,"turns":3},{"damage":3,"enemies":"Small Slimes","floor":5,"turns":3},{"damage":15,"enemies":"Exordium Thugs","floor":8,"turns":7},{"damage":5,"enemies":"3 Louse","floor":11,"turns":5},{"damage":8,"enemies":"2 Fungi Beasts","floor":12,"turns":3},{"damage":13,"enemies":"The Mushroom Lair","floor":14,"turns":4},{"damage":41,"enemies":"Hexaghost","floor":16,"turns":10},{"damage":44,"enemies":"2 Thieves","floor":18,"turns":4},{"damage":15,"enemies":"Shell Parasite","floor":20,"turns":4},{"damage":18,"enemies":"Centurion and Healer","floor":21,"turns":5},{"damage":52,"enemies":"Sentry and Sphere","floor":27,"turns":5}],"relics_obtained":[{"floor":9,"key":"Singing Bowl"},{"floor":14,"key":"Odd Mushroom"},{"floor":26,"key":"Strawberry"}],"event_choices":[{"event_name":"Scrap Ooze","player_choice":"success","floor":3,"damage_taken":7},{"event_name":"The Cleric","player_choice":"Card Removal","floor":7,"damage_taken":0},{"event_name":"Living Wall","player_choice":"Change","floor":13,"damage_taken":0},{"event_name":"Mushrooms","player_choice":"Fought Mushrooms","floor":14,"damage_taken":0},{"event_name":"The Joust","player_choice":"Bet on Murderer","floor":22,"damage_taken":0},{"event_name":"Masked Bandits","player_choice":"Paid Bandits 89 gold","floor":24,"damage_taken":0}],"boss_relics":[{"not_picked":["Lizard Tail","Runic Cube"],"picked":"Eternal Feather"}],"potions_floor_spawned":[2,12,18,21],"seed_played":"-4557627444217010706","killed_by":"Sentry and Sphere","ascension_level":0,"potions_obtained":[{"floor":2,"key":"EssenceOfSteel"},{"floor":12,"key":"LiquidBronze"},{"floor":18,"key":"EssenceOfSteel"},{"floor":21,"key":"Strength Potion"}],"is_trial":false}