{"gold_per_floor":[117,13,13,13,33,33,52,52,52,63,77,77,77,92,92,163,163,181,181,81,69,83,83,93,93,118,135,155,169,169,181,181,255,255,272,272,283,300,175,175,25,25,25,41,41,66,66,66,66,66],"floor_reached":51,"playtime":2379,"items_purged":["Strike_R","Strike_R","Strike_R","Strike_R"],"score":1238,"play_id":"46c8cf96-05d1-4f07-95a0-25fee750845f","local_time":"20191004001007","is_ascension_mode":true,"campfire_choices":[{"data":"Pommel Strike","floor":6.0,"key":"SMITH"},{"data":"Evolve","floor":8.0,"key":"SMITH"},{"data":"Demon Form","floor":13.0,"key":"SMITH"},{"data":"Heavy Blade","floor":15.0,"key":"SMITH"},{"data":"Shrug It Off","floor":23.0,"key":"SMITH"},{"data":"Disarm","floor":25.0,"key":"SMITH"},{"data":"Entrench","floor":30.0,"key":"SMITH"},{"data":"Shrug It Off","floor":32.0,"key":"SMITH"},{"data":"Shrug It Off","floor":40.0,"key":"SMITH"},{"data":"Shrug It Off","floor":42.0,"key":"SMITH"},{"data":"Shrug It Off","floor":45.0,"key":"SMITH"},{"floor":49,"key":"REST"}],"neow_cost":"NONE","seed_source_timestamp":21212850489840,"circlet_count":0,"master_deck":["AscendersBane","Defend_R","Defend_R","Defend_R","Defend_R","Bash+1","Heavy Blade+1","Pommel Strike+1","Impervious","Evolve+1","Cleave","Demon Form+1","Ghostly Armor","Reaper","Shrug It Off+1","Shrug It Off+1","Shrug It Off+1","Disarm+1","Entrench+1","Shrug It Off+1","Shrug It Off+1","Blind"],"special_seed":0,"relics":["Burning Blood","Meat on the Bone","Mark of Pain","Ancient Tea Set","Calling Bell","Bag of Preparation","Pear","WingedGreaves","Pocketwatch","Orichalcum"],"potions_floor_usage":[50,50],"damage_taken":[{"damage":8.0,"enemies":"Jaw Worm","floor":1.0,"turns":4.0},{"damage":0.0,"enemies":"Small Slimes","floor":5.0,"turns":4.0},{"damage":6.0,"enemies":"Cultist","floor":7.0,"turns":3.0},{"damage":4.0,"enemies":"2 Fungi Beasts","floor":10.0,"turns":6.0},{"damage":17.0,"enemies":"Red Slaver","floor":11.0,"turns":4.0},{"damage":33.0,"enemies":"Exordium Thugs","floor":14.0,"turns":9.0},{"damage":30.0,"enemies":"Hexaghost","floor":16.0,"turns":8.0},{"damage":38.0,"enemies":"3 Byrds","floor":18.0,"turns":9.0},{"damage":22.0,"enemies":"2 Thieves","floor":21.0,"turns":4.0},{"damage":0.0,"enemies":"Cultist and Chosen","floor":22.0,"turns":6.0},{"damage":11.0,"enemies":"Centurion and Healer","floor":24.0,"turns":9.0},{"damage":30.0,"enemies":"Snake Plant","floor":27.0,"turns":11.0},{"damage":13.0,"enemies":"Cultist and Chosen","floor":28.0,"turns":6.0},{"damage":28.0,"enemies":"3 Cultists","floor":29.0,"turns":6.0},{"damage":1.0,"enemies":"Centurion and Healer","floor":31.0,"turns":5.0},{"damage":30.0,"enemies":"Automaton","floor":33.0,"turns":10.0},{"damage":15.0,"enemies":"Orb Walker","floor":35.0,"turns":5.0},{"damage":3.0,"enemies":"3 Shapes","floor":37.0,"turns":6.0},{"damage":18.0,"enemies":"Writhing Mass","floor":38.0,"turns":13.0},{"damage":3.0,"enemies":"Spire Growth","floor":44.0,"turns":6.0},{"damage":52,"enemies":"Giant Head","floor":46,"turns":10},{"damage":37,"enemies":"Time Eater","floor":50,"turns":11}],"seed_played":"6027402605098466392","potions_obtained":[{"floor":5.0,"key":"Weak Potion"},{"floor":10.0,"key":"Dexterity Potion"},{"floor":11.0,"key":"Dexterity Potion"}],"is_trial":false,"path_per_floor":["M","$","?","?","M","R","M","R","T","M","M","?","R","M","R","B",null,"M","?","$","M","M","R","M","R","T","M","M","M","R","M","R","B",null,"M","?","M","M","$","R","$","R","T","M","R","E","$","?","R","B",null],"character_chosen":"IRONCLAD","items_purchased":["Pommel Strike"],"campfire_rested":1,"item_purchase_floors":[2],"current_hp_per_floor":[66,66,66,66,72,72,72,72,72,74,63,63,63,48,48,36,65,50,50,50,44,50,50,71,71,71,68,74,71,71,75,75,67,83,81,81,85,85,85,85,85,85,85,85,85,51,51,51,76,76],"gold":66,"neow_bonus":"UPGRADE_CARD","is_prod":false,"is_daily":false,"chose_seed":false,"campfire_upgraded":11,"win_rate":0,"timestamp":1570173007,"path_taken":["M","$","?","?","M","R","M","R","T","M","?","?","R","?","R","BOSS","M","?","?","M","?","R","M","R","T","M","M","M","R","M","R","BOSS","M","?","M","M","$","R","$","R","T","M","R","E","$","?","R","BOSS"],"build_version":"2019-07-17","purchased_purges":4,"victory":true,"max_hp_per_floor":[75,75,75,75,75,75,75,75,75,75,75,75,75,75,75,75,75,75,75,75,75,75,75,75,75,75,75,75,75,75,75,75,75,85,85,85,85,85,85,85,85,85,85,85,85,85,85,85,85,85],"card_choices":[{"not_picked":["Clothesline","Sword Boomerang"],"picked":"Heavy Blade","floor":1.0},{"not_picked":["Twin Strike","Havoc","Burning Pact"],"picked":"SKIP","floor":5.0},{"not_picked":["Blood for Blood","Thunderclap"],"picked":"Evolve","floor":7.0},{"not_picked":["Reckless Charge","Uppercut","Burning Pact"],"picked":"SKIP","floor":10.0},{"not_picked":["Clothesline","Clash"],"picked":"Cleave","floor":11.0},{"not_picked":["Anger","Perfected Strike"],"picked":"Ghostly Armor","floor":14.0},{"not_picked":["Dark Embrace","Limit Break"],"picked":"Reaper","floor":16.0},{"not_picked":["Rupture","Iron Wave","Clothesline"],"picked":"SKIP","floor":18.0},{"not_picked":["Iron Wave","Metallicize"],"picked":"Shrug It Off","floor":21.0},{"not_picked":["Burning Pact","Uppercut"],"picked":"Shrug It Off","floor":22.0},{"not_picked":["Feel No Pain","Anger"],"picked":"Disarm","floor":24.0},{"not_picked":["Wild Strike","Thunderclap"],"picked":"Entrench","floor":27.0},{"not_picked":["Sword Boomerang","Seeing Red","Clothesline"],"picked":"SKIP","floor":28.0},{"not_picked":["Havoc","Pommel Strike"],"picked":"Shrug It Off","floor":29.0},{"not_picked":["Armaments","Searing Blow"],"picked":"Shrug It Off","floor":31.0},{"not_picked":["Clothesline+1","Sword Boomerang","Warcry+1"],"picked":"SKIP","floor":35.0},{"not_picked":["Sword Boomerang+1","Warcry","Rage"],"picked":"SKIP","floor":37.0},{"not_picked":["Flex","Iron Wave","Headbutt+1"],"picked":"SKIP","floor":38.0},{"not_picked":["Searing Blow","Heavy Blade","Metallicize"],"picked":"SKIP","floor":44.0},{"not_picked":["Searing Blow","Heavy Blade","Metallicize"],"picked":"SKIP","floor":44.0},{"not_picked":["Dark Embrace","Armaments+1","Warcry"],"picked":"SKIP","floor":46},{"not_picked":["Impatience","Mind Blast"],"picked":"Blind","floor":48}],"player_experience":314244,"relics_obtained":[{"floor":9.0,"key":"Meat on the Bone"},{"floor":26.0,"key":"Ancient Tea Set"},{"floor":34.0,"key":"Bag of Preparation"},{"floor":34.0,"key":"Pear"},{"floor":34.0,"key":"WingedGreaves"},{"floor":43.0,"key":"Pocketwatch"},{"floor":46,"key":"Orichalcum"}],"event_choices":[{"damage_healed":0.0,"max_hp_gain":0.0,"max_hp_loss":0.0,"gold_gain":0.0,"event_name":"Liars Game","player_choice":"Ignored","floor":3.0,"gold_loss":0.0,"damage_taken":0.0},{"damage_healed":0.0,"max_hp_gain":0.0,"max_hp_loss":0.0,"gold_gain":0.0,"event_name":"Match and Keep!","player_choice":"1 cards matched","floor":4.0,"gold_loss":0.0,"damage_taken":0.0,"cards_obtained":["Impervious"]},{"damage_healed":0.0,"max_hp_gain":0.0,"max_hp_loss":0.0,"gold_gain":0.0,"cards_transformed":["Strike_R"],"event_name":"Transmorgrifier","player_choice":"Transformed","floor":12.0,"gold_loss":0.0,"damage_taken":0.0,"cards_obtained":["Demon Form"]},{"damage_healed":0.0,"max_hp_gain":0.0,"max_hp_loss":0.0,"gold_gain":0.0,"event_name":"Match and Keep!","player_choice":"1 cards matched","floor":19.0,"gold_loss":0.0,"damage_taken":0.0,"cards_obtained":["Shrug It Off"]},{"damage_healed":0.0,"max_hp_gain":0.0,"max_hp_loss":0.0,"gold_gain":0.0,"event_name":"Mysterious Sphere","player_choice":"Ignored","floor":36.0,"gold_loss":0.0,"damage_taken":0.0},{"damage_healed":0,"gold_gain":0,"player_choice":"Memory 1","damage_taken":0,"max_hp_gain":0,"max_hp_loss":0,"event_name":"SensoryStone","floor":48,"gold_loss":0}],"is_beta":false,"boss_relics":[{"not_picked":["Black Star","Ectoplasm"],"picked":"Mark of Pain"},{"not_picked":["Orrery","Runic Cube"],"picked":"Calling Bell"}],"items_purged_floors":[2,20,39,41],"is_endless":false,"potions_floor_spawned":[5,10,11,22,27,29,31,33,37],"ascension_level":16}