{"gold_per_floor":[117,136,150,0,11,11,26,59,59,72,72,90,90,100,100,176,176,193,206,131,151,151,151,162,162,186,0,20,20,20,20,20,20],"floor_reached":33,"playtime":1391,"items_purged":["Strike_G","Decay"],"score":514,"play_id":"269550f8-8562-44e3-813c-d9d1c6d88e5f","local_time":"20190823112712","is_ascension_mode":true,"campfire_choices":[{"data":"Noxious Fumes","floor":6,"key":"SMITH"},{"data":"Neutralize","floor":11,"key":"SMITH"},{"data":"Skewer","floor":13,"key":"SMITH"},{"floor":15,"key":"REST"},{"floor":23,"key":"REST"},{"floor":29,"key":"REST"},{"floor":32,"key":"REST"}],"neow_cost":"NONE","seed_source_timestamp":799859020100800,"circlet_count":0,"master_deck":["AscendersBane","Strike_G","Defend_G","Defend_G","Defend_G","Defend_G","Defend_G","Survivor","Neutralize+1","Adrenaline","Backflip","Flying Knee","All Out Attack","Dash","Noxious Fumes+1","Sucker Punch","Wraith Form v2","Distraction","Flying Knee","Skewer+1","Footwork","Bullet Time","Underhanded Strike","Unload","Bane","Bane","Predator","A Thousand Cuts","Acrobatics+1","Deadly Poison","Die Die Die","Sucker Punch","Well Laid Plans","Deadly Poison","Burst","Tactician","Flechettes"],"relics":["Ring of the Snake","Mummified Hand","Prayer Wheel","White Beast Statue","Centennial Puzzle"],"potions_floor_usage":[3,7,14,19,21,33],"damage_taken":[{"damage":0,"enemies":"Cultist","floor":1,"turns":4},{"damage":9,"enemies":"2 Louse","floor":2,"turns":4},{"damage":2,"enemies":"Small Slimes","floor":3,"turns":3},{"damage":3,"enemies":"Blue Slaver","floor":5,"turns":5},{"damage":2,"enemies":"3 Louse","floor":7,"turns":3},{"damage":16,"enemies":"Lagavulin","floor":8,"turns":7},{"damage":0,"enemies":"Looter","floor":10,"turns":3},{"damage":0,"enemies":"2 Fungi Beasts","floor":12,"turns":4},{"damage":0,"enemies":"Large Slime","floor":14,"turns":4},{"damage":33,"enemies":"The Guardian","floor":16,"turns":13},{"damage":16,"enemies":"Chosen","floor":18,"turns":6},{"damage":5,"enemies":"3 Byrds","floor":19,"turns":3},{"damage":27,"enemies":"Snecko","floor":21,"turns":5},{"damage":33,"enemies":"Shelled Parasite and Fungi","floor":24,"turns":5},{"damage":1,"enemies":"Centurion and Healer","floor":28,"turns":6},{"damage":43,"enemies":"Collector","floor":33,"turns":5}],"seed_played":"1913800813221287664","potions_obtained":[{"floor":2,"key":"Swift Potion"},{"floor":5,"key":"GhostInAJar"},{"floor":12,"key":"EssenceOfSteel"},{"floor":18,"key":"LiquidBronze"},{"floor":19,"key":"GamblersBrew"},{"floor":21,"key":"SpeedPotion"},{"floor":24,"key":"Dexterity Potion"}],"is_trial":false,"path_per_floor":["M","M","M","$","M","R","M","E","T","M","R","M","R","M","R","B",null,"M","M","?","M","?","R","M","?","T","$","M","R","?","?","R","B"],"character_chosen":"THE_SILENT","items_purchased":["Dash","Well Laid Plans"],"campfire_rested":4,"item_purchase_floors":[4,27],"current_hp_per_floor":[59,50,48,48,45,45,43,27,27,27,27,27,27,27,46,13,53,37,32,32,5,18,37,4,4,4,4,3,22,22,22,41,0],"gold":20,"neow_bonus":"ONE_RANDOM_RARE_CARD","is_prod":false,"is_daily":false,"chose_seed":false,"campfire_upgraded":3,"win_rate":0,"timestamp":1566552432,"path_taken":["M","M","M","$","M","R","?","E","T","?","R","M","R","M","R","BOSS","M","M","?","M","?","R","M","?","T","$","?","R","?","?","R","BOSS"],"build_version":"2019-07-17","purchased_purges":2,"victory":false,"max_hp_per_floor":[66,66,66,66,66,66,66,66,66,66,66,66,66,66,66,66,66,66,66,66,66,66,66,66,66,66,66,66,66,66,66,66,66],"card_choices":[{"not_picked":["Sucker Punch","Outmaneuver"],"picked":"Backflip","floor":1},{"not_picked":["Sucker Punch","Dagger Throw"],"picked":"Flying Knee","floor":2},{"not_picked":["Terror","Outmaneuver"],"picked":"All Out Attack","floor":3},{"not_picked":["Outmaneuver","Bane"],"picked":"Noxious Fumes","floor":5},{"not_picked":["Outmaneuver","Acrobatics"],"picked":"Sucker Punch","floor":7},{"not_picked":["Choke","Infinite Blades"],"picked":"Wraith Form v2","floor":8},{"not_picked":["Acrobatics","Underhanded Strike"],"picked":"Distraction","floor":10},{"not_picked":["Accuracy","Quick Slash"],"picked":"Flying Knee","floor":10},{"not_picked":["Backflip","Dagger Spray"],"picked":"Skewer","floor":12},{"not_picked":["Flying Knee","Acrobatics"],"picked":"Footwork","floor":12},{"not_picked":["Backflip","Deadly Poison"],"picked":"Bullet Time","floor":14},{"not_picked":["Outmaneuver","Poisoned Stab"],"picked":"Underhanded Strike","floor":14},{"not_picked":["Adrenaline","Glass Knife"],"picked":"Unload","floor":16},{"not_picked":["Cloak And Dagger","Quick Slash"],"picked":"Bane","floor":18},{"not_picked":["Quick Slash","Outmaneuver"],"picked":"Bane","floor":18},{"not_picked":["Heel Hook","Accuracy"],"picked":"Predator","floor":19},{"not_picked":["Blur","Calculated Gamble"],"picked":"A Thousand Cuts","floor":19},{"not_picked":["Outmaneuver","Flying Knee"],"picked":"Acrobatics+1","floor":21},{"not_picked":["Poisoned Stab","Underhanded Strike"],"picked":"Deadly Poison","floor":21},{"not_picked":["Dagger Spray","Underhanded Strike"],"picked":"Die Die Die","floor":24},{"not_picked":["All Out Attack","Eviscerate"],"picked":"Sucker Punch","floor":24},{"not_picked":["Backflip","Heel Hook"],"picked":"Deadly Poison","floor":28},{"not_picked":["PiercingWail","Acrobatics+1"],"picked":"Burst","floor":28}],"player_experience":1957262,"relics_obtained":[{"floor":8,"key":"Mummified Hand"},{"floor":9,"key":"Prayer Wheel"},{"floor":26,"key":"Centennial Puzzle"}],"event_choices":[{"cards_removed":["Strike_G"],"damage_healed":0,"gold_gain":0,"player_choice":"Gave Gold","damage_taken":0,"max_hp_gain":0,"max_hp_loss":0,"event_name":"Beggar","floor":20,"gold_loss":75},{"damage_healed":13,"gold_gain":0,"player_choice":"Heal","damage_taken":0,"max_hp_gain":0,"max_hp_loss":0,"event_name":"The Library","floor":22,"gold_loss":0},{"damage_healed":0,"gold_gain":0,"player_choice":"Smashed Altar","damage_taken":0,"max_hp_gain":0,"max_hp_loss":0,"event_name":"Forgotten Altar","floor":25,"gold_loss":0,"cards_obtained":["Decay"]},{"damage_healed":0,"gold_gain":0,"cards_transformed":["Strike_G","Strike_G"],"player_choice":"Became Test Subject","damage_taken":0,"max_hp_gain":0,"max_hp_loss":0,"event_name":"Drug Dealer","floor":30,"gold_loss":0,"cards_obtained":["Tactician","Flechettes"]},{"damage_healed":0,"gold_gain":0,"player_choice":"Ignored","damage_taken":0,"max_hp_gain":0,"max_hp_loss":0,"event_name":"Vampires","floor":31,"gold_loss":0}],"is_beta":false,"boss_relics":[{"not_picked":["HoveringKite","Coffee Dripper"],"picked":"White Beast Statue"}],"items_purged_floors":[4,27],"is_endless":false,"potions_floor_spawned":[2,5,12,18,19,21,24,28],"killed_by":"Collector","ascension_level":19}