{"gold_per_floor":[119,4,18,18,36,36,69,69,94,94,110,75,95,125,125,229,229,245,258,258,9,9,9,23,23,46,46,65,65,65,79,79,179,179,193,193,44,64,74,74,100,100,100,114,114,114,124,143,143,143],"floor_reached":51,"playtime":6491,"items_purged":["Strike_R"],"score":695,"play_id":"6c903b06-c95f-4c40-b6dc-ceba4b7d23b5","local_time":"20180907102355","is_ascension_mode":true,"campfire_choices":[{"data":"Flame Barrier","floor":6,"key":"SMITH"},{"data":"Bash","floor":8,"key":"SMITH"},{"data":"Headbutt","floor":10,"key":"SMITH"},{"data":"Clothesline","floor":15,"key":"SMITH"},{"data":"Body Slam","floor":23,"key":"SMITH"},{"data":"Feel No Pain","floor":25,"key":"SMITH"},{"data":"Juggernaut","floor":29,"key":"SMITH"},{"data":"Inflame","floor":32,"key":"SMITH"},{"data":"Barricade","floor":40,"key":"SMITH"},{"data":"Whirlwind","floor":42,"key":"SMITH"},{"data":"Uppercut","floor":45,"key":"SMITH"},{"data":"Warcry","floor":49,"key":"SMITH"}],"neow_cost":"NONE","seed_source_timestamp":1720420973880365,"circlet_count":0,"master_deck":["Bash+1","Headbutt+1","Flame Barrier+1","Shrug It Off","Warcry+1","Battle Trance+1","Clothesline+1","Flame Barrier","Feel No Pain+1","Juggernaut+1","Sever Soul","Sword Boomerang","Clash","Body Slam+1","Inflame+1","Evolve","True Grit+1","Armaments+1","PanicButton","Headbutt+1","Barricade+1","Intimidate+1","Madness","Madness","Uppercut+1","Whirlwind+1","Discovery"],"relics":["Burning Blood","PreservedInsect","War Paint","Vajra","Pandora\u0027s Box","Nilry\u0027s Codex","Oddly Smooth Stone","Bag of Marbles","Cursed Key","Pen Nib","Art of War"],"potions_floor_usage":[7,16,24,28,33,33,50,50],"damage_taken":[{"damage":5,"enemies":"Cultist","floor":1,"turns":4},{"damage":3,"enemies":"Small Slimes","floor":3,"turns":3},{"damage":12,"enemies":"Jaw Worm","floor":5,"turns":5},{"damage":28,"enemies":"Lagavulin","floor":7,"turns":6},{"damage":0,"enemies":"Large Slime","floor":11,"turns":3},{"damage":1,"enemies":"Gremlin Gang","floor":13,"turns":4},{"damage":2,"enemies":"3 Sentries","floor":14,"turns":10},{"damage":28,"enemies":"Hexaghost","floor":16,"turns":13},{"damage":4,"enemies":"Shell Parasite","floor":18,"turns":6},{"damage":10,"enemies":"Spheric Guardian","floor":19,"turns":3},{"damage":5,"enemies":"Snecko","floor":24,"turns":4},{"damage":10,"enemies":"Cultist and Chosen","floor":28,"turns":6},{"damage":4,"enemies":"Snake Plant","floor":31,"turns":2},{"damage":43,"enemies":"Automaton","floor":33,"turns":12},{"damage":0,"enemies":"3 Shapes","floor":35,"turns":4},{"damage":0,"enemies":"Orb Walker","floor":38,"turns":3},{"damage":22,"enemies":"Reptomancer","floor":39,"turns":4},{"damage":4,"enemies":"Giant Head","floor":41,"turns":7},{"damage":0,"enemies":"Spire Growth","floor":44,"turns":5},{"damage":0,"enemies":"Transient","floor":47,"turns":5},{"damage":0,"enemies":"Maw","floor":48,"turns":6},{"damage":22,"enemies":"Donu and Deca","floor":50,"turns":10}],"seed_played":"-4320473912865547107","potions_obtained":[{"floor":3,"key":"Energy Potion"},{"floor":5,"key":"Strength Potion"},{"floor":7,"key":"Block Potion"},{"floor":11,"key":"PowerPotion"},{"floor":18,"key":"PowerPotion"},{"floor":24,"key":"Poison Potion"},{"floor":33,"key":"EssenceOfSteel"},{"floor":41,"key":"SneckoOil"},{"floor":44,"key":"Dexterity Potion"}],"is_trial":false,"path_per_floor":["M","$","M","?","M","R","E","R","T","R","M","$","M","E","R","B",null,"M","M","?","$","?","R","M","R","T","$","M","R","?","M","R","B",null,"M","?","$","M","M","R","E","R","T","M","R","?","M","M","R","B"],"character_chosen":"IRONCLAD","items_purchased":["Flame Barrier","Flame Barrier","Oddly Smooth Stone","PanicButton","Pen Nib"],"campfire_rested":0,"item_purchase_floors":[2,12,21,21,37],"current_hp_per_floor":[80,80,80,80,74,74,52,52,52,52,58,58,63,67,67,45,80,80,76,60,60,80,80,80,80,80,80,76,76,76,78,78,52,80,80,70,70,76,60,60,62,62,62,68,68,63,69,75,75,59],"gold":143,"neow_bonus":"REMOVE_CARD","is_prod":false,"is_daily":false,"chose_seed":false,"campfire_upgraded":12,"win_rate":0,"timestamp":1536312235,"path_taken":["M","?","?","?","M","R","E","R","T","R","M","$","?","E","R","BOSS","M","M","?","$","?","R","M","R","T","$","M","R","?","?","R","BOSS","M","?","?","?","M","R","E","R","T","M","R","?","M","M","R","BOSS"],"build_version":"2018-09-06","purchased_purges":1,"victory":true,"max_hp_per_floor":[80,80,80,80,80,80,80,80,80,80,80,80,80,80,80,80,80,80,80,80,80,80,80,80,80,80,80,80,80,80,80,80,80,80,80,80,80,80,80,80,80,80,80,80,80,80,80,80,80,80],"card_choices":[{"not_picked":["Pommel Strike","Clash"],"picked":"Headbutt","floor":1},{"not_picked":["Inflame","Heavy Blade"],"picked":"Shrug It Off","floor":3},{"not_picked":["Sentinel","Headbutt"],"picked":"Warcry","floor":5},{"not_picked":["Flex","Double Tap"],"picked":"Battle Trance","floor":7},{"not_picked":["Power Through","Shrug It Off"],"picked":"Clothesline","floor":11},{"not_picked":["Corruption","Clash"],"picked":"Feel No Pain","floor":13},{"not_picked":["Rage","Flex","Ghostly Armor"],"picked":"SKIP","floor":14},{"not_picked":["Reaper","Double Tap"],"picked":"Juggernaut","floor":16},{"not_picked":["Iron Wave","Sentinel"],"picked":"True Grit+1","floor":18},{"not_picked":["Shrug It Off","Warcry"],"picked":"Armaments+1","floor":19},{"not_picked":["Intimidate","Body Slam"],"picked":"Headbutt+1","floor":24},{"not_picked":["Twin Strike","Second Wind+1","Pommel Strike"],"picked":"SKIP","floor":28},{"not_picked":["Twin Strike","Second Wind+1","Pommel Strike"],"picked":"SKIP","floor":28},{"not_picked":["Sever Soul+1","Heavy Blade","Armaments"],"picked":"SKIP","floor":31},{"not_picked":["Dark Embrace","Berserk"],"picked":"Barricade","floor":33},{"not_picked":["Heavy Blade+1","Anger"],"picked":"Intimidate+1","floor":35},{"not_picked":["Flame Barrier","Iron Wave+1"],"picked":"Uppercut","floor":38},{"not_picked":["Sentinel","Cleave","Wild Strike"],"picked":"SKIP","floor":39},{"not_picked":["Bloodletting+1","Thunderclap+1"],"picked":"Whirlwind","floor":41},{"not_picked":["Battle Trance","Wild Strike+1","Flex+1"],"picked":"SKIP","floor":44},{"not_picked":["Purity","Blind"],"picked":"Discovery","floor":46},{"not_picked":["Clothesline+1","Corruption","Heavy Blade+1"],"picked":"SKIP","floor":47},{"not_picked":["Clothesline+1","Corruption","Heavy Blade+1"],"picked":"SKIP","floor":47},{"not_picked":["Seeing Red","True Grit+1","Clothesline"],"picked":"SKIP","floor":48}],"player_experience":646483,"relics_obtained":[{"floor":7,"key":"PreservedInsect"},{"floor":9,"key":"War Paint"},{"floor":14,"key":"Vajra"},{"floor":20,"key":"Nilry\u0027s Codex"},{"floor":26,"key":"Bag of Marbles"},{"floor":41,"key":"Art of War"}],"event_choices":[{"event_name":"Purifier","player_choice":"One Purge","floor":4,"damage_taken":0},{"event_name":"Cursed Tome","player_choice":"Obtained Book","floor":20,"damage_taken":0},{"event_name":"The Library","player_choice":"Heal","floor":22,"damage_taken":0},{"event_name":"Ghosts","player_choice":"Ignored","floor":30,"damage_taken":0},{"event_name":"Winding Halls","player_choice":"Embrace Madness","floor":36,"damage_taken":0},{"event_name":"SensoryStone","player_choice":"Memory 2","floor":46,"damage_taken":0}],"is_beta":false,"boss_relics":[{"not_picked":["Velvet Choker","Ectoplasm"],"picked":"Pandora\u0027s Box"},{"not_picked":["Lizard Tail","Eternal Feather"],"picked":"Cursed Key"}],"items_purged_floors":[2],"is_endless":false,"potions_floor_spawned":[3,5,7,11,18,24,33,41,44],"ascension_level":1}