{"gold_per_floor":[18,168,168,183,15,15,26,59,59,59,59],"floor_reached":11,"playtime":325,"items_purged":["Strike_G"],"score":128,"play_id":"fb60b61b-db5f-434e-87d5-1a3446bf012b","local_time":"20190623001327","is_ascension_mode":true,"campfire_choices":[{"data":"Envenom","floor":6,"key":"SMITH"},{"data":"Neutralize","floor":10,"key":"SMITH"}],"neow_cost":"NO_GOLD","seed_source_timestamp":432381645929400,"circlet_count":0,"master_deck":["AscendersBane","Defend_G","Defend_G","Defend_G","Defend_G","Defend_G","Strike_G","Strike_G","Strike_G","Strike_G","Survivor","Neutralize+1","Envenom+1","Flying Knee","Noxious Fumes","Caltrops","Deflect","Bouncing Flask"],"relics":["Ring of the Snake","Du-Vu Doll","Unceasing Top"],"potions_floor_usage":[8,8],"damage_taken":[{"damage":12,"enemies":"Jaw Worm","floor":1,"turns":7},{"damage":0,"enemies":"2 Louse","floor":4,"turns":5},{"damage":1,"enemies":"Cultist","floor":7,"turns":4},{"damage":18,"enemies":"Lagavulin","floor":8,"turns":7},{"damage":36,"enemies":"Gremlin Nob","floor":11,"turns":4}],"seed_played":"8674920379184775281","potions_obtained":[{"floor":7,"key":"Poison Potion"}],"is_trial":false,"path_per_floor":["M","?","?","M","$","R","M","E","T","R","E"],"character_chosen":"THE_SILENT","items_purchased":["Caltrops","PowerPotion"],"campfire_rested":0,"item_purchase_floors":[5,5],"current_hp_per_floor":[47,47,47,47,47,47,46,28,28,28,0],"gold":59,"neow_bonus":"THREE_RARE_CARDS","is_prod":false,"is_daily":false,"chose_seed":false,"campfire_upgraded":2,"win_rate":0,"timestamp":1561241607,"path_taken":["M","?","?","M","$","R","M","E","T","R","E"],"build_version":"2019-01-23","purchased_purges":1,"victory":false,"max_hp_per_floor":[66,66,66,66,66,66,66,66,66,66,66],"card_choices":[{"not_picked":["Tools of the Trade","Glass Knife"],"picked":"Envenom","floor":0},{"not_picked":["Outmaneuver","Dagger Throw"],"picked":"Flying Knee","floor":1},{"not_picked":["Deadly Poison","Quick Slash"],"picked":"Noxious Fumes","floor":4},{"not_picked":["Tactician","Dodge and Roll"],"picked":"Deflect","floor":7},{"not_picked":["Flying Knee","Setup"],"picked":"Bouncing Flask","floor":8}],"player_experience":1444732,"relics_obtained":[{"floor":8,"key":"Du-Vu Doll"},{"floor":9,"key":"Unceasing Top"}],"event_choices":[{"damage_healed":0,"gold_gain":150,"player_choice":"AGREE","damage_taken":0,"max_hp_gain":0,"max_hp_loss":0,"event_name":"Liars Game","floor":2,"gold_loss":0,"cards_obtained":["Doubt"]},{"cards_removed":["Doubt"],"damage_healed":0,"gold_gain":0,"player_choice":"Removed Curses","damage_taken":0,"max_hp_gain":0,"max_hp_loss":0,"event_name":"Fountain of Cleansing","floor":3,"gold_loss":0}],"is_beta":false,"boss_relics":[],"items_purged_floors":[5],"is_endless":false,"potions_floor_spawned":[7],"killed_by":"Gremlin Nob","ascension_level":16}