{"gold_per_floor":[215,290,308,383,402,402,436,436,436,454,479,201,201,201,201,298,298,317,337,355,355,355,355,372,372,372,23,39,39,53,70,70,167,167,181,181,1180,1196,1210,1210,1230,1230,1230,1242,1256,0,0,0,0,0],"floor_reached":51,"playtime":1079,"items_purged":["Strike_R","Writhe","Normality"],"score":799,"play_id":"b74c8440-b09e-4773-9dea-73e98f807483","local_time":"20190924002753","is_ascension_mode":false,"campfire_choices":[{"data":"Uppercut","floor":6.0,"key":"SMITH"},{"data":"Bash","floor":8.0,"key":"SMITH"},{"data":"Flex","floor":15.0,"key":"SMITH"},{"data":"Double Tap","floor":23.0,"key":"SMITH"},{"data":"Flex","floor":25,"key":"SMITH"},{"data":"Flex","floor":29,"key":"SMITH"},{"data":"Flex","floor":32,"key":"SMITH"},{"data":"Feed","floor":40,"key":"SMITH"},{"data":"Heavy Blade","floor":42,"key":"SMITH"},{"data":"1","floor":47,"key":"LIFT"},{"data":"2","floor":49,"key":"LIFT"}],"neow_cost":"NONE","seed_source_timestamp":5203551807167,"circlet_count":0,"master_deck":["Strike_R","Strike_R","Strike_R","Strike_R","Defend_R","Defend_R+1","Defend_R","Bash+1","Uppercut+1","Headbutt","Flex+1","Inflame+1","Flex+1","Feed+1","Double Tap+1","Rampage+1","Heavy Blade+1","Heavy Blade+1","Flex+1","Flex+1","Normality"],"special_seed":0,"relics":["Burning Blood","The Courier","Pantograph","Red Skull","SlaversCollar","MutagenicStrength","Bag of Marbles","Ice Cream","Membership Card","Meat on the Bone","Bronze Scales","Philosopher\u0027s Stone","Pen Nib","Akabeko","Toolbox","Toy Ornithopter","Girya","Self Forming Clay","Bag of Preparation","Ginger","Nunchaku","War Paint","Dodecahedron","Thread and Needle","Happy Flower","Dream Catcher","Toxic Egg 2"],"potions_floor_usage":[30,33,41,50,50,50,50,50,50],"damage_taken":[{"damage":6.0,"enemies":"Jaw Worm","floor":1.0,"turns":5.0},{"damage":0.0,"enemies":"2 Louse","floor":3.0,"turns":3.0},{"damage":1.0,"enemies":"Cultist","floor":5.0,"turns":3.0},{"damage":26.0,"enemies":"Lagavulin","floor":7.0,"turns":5.0},{"damage":1.0,"enemies":"Exordium Thugs","floor":10.0,"turns":4.0},{"damage":63.0,"enemies":"Hexaghost","floor":16.0,"turns":8.0},{"damage":18.0,"enemies":"Spheric Guardian","floor":18.0,"turns":4.0},{"damage":5.0,"enemies":"Chosen","floor":19.0,"turns":4.0},{"damage":10.0,"enemies":"Centurion and Healer","floor":20.0,"turns":6.0},{"damage":6,"enemies":"Snecko","floor":24,"turns":4},{"damage":0,"enemies":"Snake Plant","floor":28,"turns":1},{"damage":5,"enemies":"Cultist and Chosen","floor":30,"turns":6},{"damage":0,"enemies":"Snecko","floor":31,"turns":2},{"damage":71,"enemies":"Automaton","floor":33,"turns":7},{"damage":0,"enemies":"Orb Walker","floor":35,"turns":1},{"damage":57,"enemies":"3 Darklings","floor":38,"turns":4},{"damage":12,"enemies":"Transient","floor":39,"turns":5},{"damage":1,"enemies":"Sphere and 2 Shapes","floor":41,"turns":5},{"damage":0,"enemies":"Spire Growth","floor":44,"turns":2},{"damage":27,"enemies":"Transient","floor":45,"turns":5},{"damage":40,"enemies":"Donu and Deca","floor":50,"turns":4}],"seed_played":"-2923594267374921858","potions_obtained":[{"floor":1.0,"key":"PowerPotion"},{"floor":5.0,"key":"Strength Potion"},{"floor":16.0,"key":"Weak Potion"},{"floor":24,"key":"SteroidPotion"},{"floor":28,"key":"Block Potion"},{"floor":31,"key":"Strength Potion"},{"floor":38,"key":"EntropicBrew"},{"floor":41,"key":"Dexterity Potion"}],"is_trial":false,"path_per_floor":["M","?","M","?","M","R","E","R","T","M","T","$","?","?","R","B",null,"M","M","M","?","?","R","M","R","T","$","M","R","M","M","R","B",null,"M","?","?","M","M","R","M","R","T","M","M","$","R","?","R","B",null],"character_chosen":"IRONCLAD","items_purchased":["Inflame","Flex","Feed","Membership Card","Flex","Meat on the Bone","Bronze Scales","Akabeko","Toolbox","Toy Ornithopter","Girya","Self Forming Clay","Bag of Preparation","Ginger","Nunchaku","War Paint","Dodecahedron","Thread and Needle","Happy Flower","Dream Catcher","Toxic Egg 2"],"campfire_rested":0,"item_purchase_floors":[12,12,12,27,27,27,27,46,46,46,46,46,46,46,46,46,46,46,46,46,46],"current_hp_per_floor":[80,69,75,67,72,72,52,52,52,57,57,57,62,62,62,28,85,76,80,79,79,79,79,79,79,79,79,85,85,86,92,92,41,94,94,94,94,55,61,61,70,70,70,76,67,67,67,67,67,96],"gold":0,"neow_bonus":"HUNDRED_GOLD","is_prod":false,"is_daily":false,"chose_seed":false,"campfire_upgraded":9,"win_rate":0,"timestamp":1569306473,"path_taken":["M","?","M","?","?","R","E","R","T","M","?","$","?","?","R","BOSS","M","M","M","?","?","R","M","R","T","$","M","R","M","M","R","BOSS","M","?","?","M","M","R","M","R","T","M","M","$","R","?","R","BOSS"],"build_version":"2019-09-23","purchased_purges":3,"victory":true,"max_hp_per_floor":[80,80,80,80,80,80,80,80,80,80,80,80,85,85,85,85,85,88,91,94,94,94,94,94,94,94,94,94,94,94,94,94,94,94,94,94,94,94,94,94,98,98,98,98,98,98,98,98,98,98],"card_choices":[{"not_picked":["Second Wind","Intimidate","True Grit"],"picked":"SKIP","floor":1.0},{"not_picked":["Clash","Heavy Blade"],"picked":"Uppercut","floor":3.0},{"not_picked":["Metallicize","True Grit"],"picked":"Headbutt","floor":5.0},{"not_picked":["Iron Wave","Sword Boomerang","Cleave"],"picked":"SKIP","floor":7.0},{"not_picked":["Rupture","Bloodletting"],"picked":"Flex","floor":10.0},{"not_picked":["Brutality","Juggernaut"],"picked":"Double Tap","floor":16.0},{"not_picked":["Havoc+1","Armaments"],"picked":"Rampage+1","floor":18.0},{"not_picked":["Pummel","Combust","Second Wind"],"picked":"SKIP","floor":19.0},{"not_picked":["Thunderclap","Body Slam"],"picked":"Heavy Blade","floor":20.0},{"not_picked":["Intimidate","Shrug It Off"],"picked":"Heavy Blade+1","floor":24},{"not_picked":["Pommel Strike","Fiend Fire"],"picked":"Flex","floor":28},{"not_picked":["Thunderclap+1","Feel No Pain","Rampage"],"picked":"SKIP","floor":30},{"not_picked":["Twin Strike","Feel No Pain+1","Fire Breathing"],"picked":"SKIP","floor":31},{"not_picked":["Reckless Charge","Shockwave+1","Rupture"],"picked":"SKIP","floor":35},{"not_picked":["Havoc","Searing Blow","Bloodletting"],"picked":"SKIP","floor":38},{"not_picked":["Corruption+1","Dual Wield","Flame Barrier+1"],"picked":"SKIP","floor":39},{"not_picked":["Clothesline+1","Sword Boomerang+1","Havoc+1"],"picked":"SKIP","floor":41},{"not_picked":["Body Slam","Rage+1","Twin Strike"],"picked":"SKIP","floor":44},{"not_picked":["Shrug It Off","Perfected Strike","Searing Blow+1"],"picked":"SKIP","floor":45}],"player_experience":1581165,"relics_obtained":[{"floor":7.0,"key":"The Courier"},{"floor":9.0,"key":"Pantograph"},{"floor":11.0,"key":"Red Skull"},{"floor":26,"key":"Ice Cream"},{"floor":43,"key":"Pen Nib"}],"event_choices":[{"damage_healed":0.0,"max_hp_gain":0.0,"max_hp_loss":0.0,"gold_gain":75.0,"event_name":"World of Goop","player_choice":"Gather Gold","floor":2.0,"gold_loss":0.0,"damage_taken":11.0},{"damage_healed":0.0,"max_hp_gain":0.0,"max_hp_loss":0.0,"gold_gain":75.0,"event_name":"FaceTrader","player_choice":"Touch","floor":4.0,"gold_loss":0.0,"damage_taken":8.0},{"damage_healed":0.0,"max_hp_gain":5.0,"max_hp_loss":0.0,"gold_gain":0.0,"event_name":"Big Fish","player_choice":"Donut","floor":13.0,"gold_loss":0.0,"damage_taken":0.0},{"damage_healed":0.0,"max_hp_gain":0.0,"max_hp_loss":0.0,"gold_gain":0.0,"event_name":"Living Wall","player_choice":"Grow","floor":14.0,"gold_loss":0.0,"damage_taken":0.0,"cards_upgraded":["Inflame"]},{"damage_healed":0.0,"max_hp_gain":0.0,"max_hp_loss":0.0,"gold_gain":0.0,"event_name":"Drug Dealer","player_choice":"Inject Mutagens","floor":21.0,"gold_loss":0.0,"damage_taken":0.0,"relics_obtained":["MutagenicStrength"]},{"damage_healed":0.0,"max_hp_gain":0.0,"max_hp_loss":0.0,"gold_gain":0.0,"event_name":"The Mausoleum","player_choice":"Opened","floor":22.0,"gold_loss":0.0,"damage_taken":0.0,"relics_obtained":["Bag of Marbles"],"cards_obtained":["Writhe"]},{"damage_healed":0,"gold_gain":0,"player_choice":"Ignored","damage_taken":0,"max_hp_gain":0,"max_hp_loss":0,"event_name":"Tomb of Lord Red Mask","floor":36,"gold_loss":0},{"damage_healed":0,"gold_gain":999,"player_choice":"Gold","damage_taken":0,"max_hp_gain":0,"max_hp_loss":0,"event_name":"MindBloom","floor":37,"gold_loss":0,"cards_obtained":["Normality","Normality"]},{"cards_removed":["Defend_R"],"damage_healed":0,"gold_gain":0,"player_choice":"Removed Skill","damage_taken":0,"max_hp_gain":0,"max_hp_loss":0,"event_name":"Falling","floor":48,"gold_loss":0}],"is_beta":true,"boss_relics":[{"not_picked":["SacredBark","Empty Cage"],"picked":"SlaversCollar"},{"not_picked":["Black Star","Tiny House"],"picked":"Philosopher\u0027s Stone"}],"items_purged_floors":[12,27,46],"is_endless":false,"potions_floor_spawned":[1,5,16,24,28,31,38,39,41],"ascension_level":0}