{"path_per_floor":["M","?","$","?","M","R","E","R","T","T","E","M","$","M","R","B",null,"M","M","M","M","$","R","E","M","T","M","R","E","M","?","R","B",null,"M","?","M","?","$","E","R","$","T","E","M","M","R","M","R","B"],"character_chosen":"IRONCLAD","items_purchased":["Orichalcum","Double Tap","Regen Potion"],"gold_per_floor":[111,111,111,111,121,121,149,149,149,149,181,195,44,61,61,158,158,173,190,207,224,14,14,40,57,130,144,144,179,194,194,194,292,292,308,363,374,374,225,258,258,133,133,167,181,191,191,207,207,207],"floor_reached":51,"campfire_rested":0,"playtime":4768,"current_hp_per_floor":[70,63,63,63,69,69,54,54,54,54,47,52,52,58,58,52,80,80,80,80,71,71,71,53,58,58,67,67,72,66,66,66,60,90,85,61,68,68,68,70,70,70,70,60,66,52,52,55,55,70],"items_purged":["Bash","Defend_R","Bloodletting"],"gold":207,"play_id":"b3855803-f6c6-4019-a89e-29a59d9c9f4b","is_prod":false,"is_daily":false,"campfire_rituals":0,"campfire_upgraded":9,"is_hardmode":false,"path_taken":["M","?","$","?","M","R","E","R","T","?","E","M","$","M","R","BOSS","M","M","M","M","$","R","E","M","T","M","R","E","M","?","R","BOSS","M","?","M","?","?","E","R","$","T","E","?","M","R","M","R","BOSS"],"build_version":"2018-01-18-PROD4","purchased_purges":4,"victory":true,"master_deck":["Strike_R","Strike_R","Strike_R","Strike_R","Strike_R","Shockwave","Iron Wave","Clash","Clash","Cleave","Sword Boomerang","Shrug It Off","Clash","Reaper","Pommel Strike","Double Tap","Iron Wave","Cleave","Clash"],"max_hp_per_floor":[80,80,80,80,80,80,80,80,80,80,80,80,80,80,80,80,80,80,80,80,80,80,80,80,80,80,80,80,90,90,90,90,90,90,90,90,90,90,90,90,90,90,90,90,90,90,90,90,90,90],"relics":["Burning Blood","Prayer Wheel","Frozen Eye","Torii","Letter Opener","Orichalcum","Black Star","Shuriken","Bottled Flame","Mercury Hourglass","Mummified Hand","Pear","Question Card","Ginger","Gremlin Horn","Self Forming Clay","Gambling Chip","Pantograph"],"campfire_meditates":0,"card_choices":[{"not_picked":["Iron Wave","Cleave"],"picked":"Shockwave"},{"not_picked":["Shrug It Off","Rupture"],"picked":"Clash"},{"not_picked":["Rage","Heavy Blade"],"picked":"Clash"},{"not_picked":["Power Through","Feel No Pain"],"picked":"Cleave"},{"not_picked":["True Grit","Fiend Fire"],"picked":"Sword Boomerang"},{"not_picked":["Sword Boomerang","Warcry"],"picked":"Shrug It Off"},{"not_picked":["Warcry","Shrug It Off"],"picked":"Clash"},{"not_picked":["Demon Form","Fiend Fire"],"picked":"Reaper"},{"not_picked":["Dual Wield","Sword Boomerang"],"picked":"Pommel Strike"},{"not_picked":["Flex","Thunderclap"],"picked":"Bloodletting"},{"not_picked":["Armaments","Thunderclap"],"picked":"Iron Wave"},{"not_picked":["Bloodletting","Twin Strike","Shrug It Off"],"picked":"Cleave"},{"not_picked":["Flex","Infernal Blade","Clothesline"],"picked":"Clash"}],"player_experience":73750,"potions_floor_usage":[16,19,21,24,33,37,37,44,50,50,50],"damage_taken":[{"damage":16,"enemies":"Jaw Worm","floor":1,"turns":4},{"damage":0,"enemies":"2 Louse","floor":5,"turns":3},{"damage":21,"enemies":"Lagavulin","floor":7,"turns":5},{"damage":13,"enemies":"Gremlin Nob","floor":11,"turns":4},{"damage":1,"enemies":"Blue Slaver","floor":12,"turns":2},{"damage":0,"enemies":"2 Fungi Beasts","floor":14,"turns":2},{"damage":12,"enemies":"The Guardian","floor":16,"turns":8},{"damage":1,"enemies":"Shell Parasite","floor":18,"turns":4},{"damage":2,"enemies":"Spheric Guardian","floor":19,"turns":4},{"damage":2,"enemies":"Snake Plant","floor":20,"turns":2},{"damage":15,"enemies":"Sentry and Sphere","floor":21,"turns":4},{"damage":28,"enemies":"Book of Stabbing","floor":24,"turns":5},{"damage":6,"enemies":"Snecko","floor":25,"turns":5},{"damage":3,"enemies":"Slaver and Parasite","floor":27,"turns":4},{"damage":23,"enemies":"Gremlin Leader","floor":29,"turns":6},{"damage":12,"enemies":"Sentry and Sphere","floor":30,"turns":4},{"damage":12,"enemies":"Collector","floor":33,"turns":6},{"damage":11,"enemies":"Orb Walker","floor":35,"turns":3},{"damage":30,"enemies":"Mysterious Sphere","floor":36,"turns":5},{"damage":20,"enemies":"3 Darklings","floor":37,"turns":5},{"damage":4,"enemies":"Giant Head","floor":40,"turns":5},{"damage":16,"enemies":"Nemesis","floor":44,"turns":7},{"damage":0,"enemies":"Sphere and 2 Shapes","floor":45,"turns":2},{"damage":32,"enemies":"4 Shapes","floor":46,"turns":3},{"damage":12,"enemies":"Maw","floor":48,"turns":5},{"damage":34,"enemies":"Awakened One","floor":50,"turns":9}],"event_choices":[{"event_name":"Golden Wing","player_choice":"Card Removal","floor":2,"damage_taken":0},{"event_name":"Living Wall","player_choice":"Change","floor":4,"damage_taken":0},{"event_name":"Upgrade Shrine","player_choice":"Upgraded","floor":31,"damage_taken":0},{"event_name":"Mysterious Sphere","player_choice":"Fight","floor":36,"damage_taken":0},{"event_name":"Purifier","player_choice":"One Purge","floor":38,"damage_taken":0}],"boss_relics":[{"not_picked":["Runic Pyramid","Cursed Key"],"picked":"Black Star"},{"not_picked":["Orrery","Snecko Eye"],"picked":"Question Card"}],"potions_floor_spawned":[7,16,18,20,24,29,33,37,40,44],"seed_played":"8198381581658285475","is_trial":false}