{"gold_per_floor":[117,117,117,117,117,144,144,178,201,235,235,235,53,66,66,144,144,161,188,206,221,237,237,252,252,276,44,72,88,105,105,105,181,181,197,97,110,110,110,110,110,110,110,141,61,89,108,119,119,119],"floor_reached":50,"playtime":2033,"items_purged":["Evolve","Exhume"],"score":1223,"play_id":"cab096ed-ccbf-4758-99f6-640a91506922","local_time":"20190701093605","is_ascension_mode":true,"campfire_choices":[{"data":"Bash","floor":7,"key":"SMITH"},{"data":"Whirlwind","floor":11,"key":"SMITH"},{"data":"Apotheosis","floor":15,"key":"SMITH"},{"floor":23,"key":"REST"},{"data":"Offering","floor":25,"key":"SMITH"},{"floor":32,"key":"REST"},{"floor":40,"key":"REST"},{"data":"Juggernaut","floor":42,"key":"SMITH"},{"floor":49,"key":"REST"}],"neow_cost":"NONE","seed_source_timestamp":1155648902512000,"circlet_count":0,"master_deck":["AscendersBane","Bash+1","Clash","Shrug It Off","True Grit","Whirlwind+1","Apotheosis+1","Juggernaut+1","Offering+1","Pommel Strike","Clash","Metallicize","True Grit","Offering","Spot Weakness","Body Slam","Rupture","Heavy Blade","Body Slam+1","Rupture","Headbutt+1","Dark Embrace","Heavy Blade+1","Madness","Madness","Secret Technique+1","Master of Strategy","Shockwave+1","Rampage","Flex","Headbutt+1","Body Slam"],"relics":["Burning Blood","NeowsBlessing","Mummified Hand","Oddly Smooth Stone","Bag of Marbles","Bag of Preparation","Omamori","Pandora\u0027s Box","Boot","Strawberry","Pen Nib","Blood Vial","White Beast Statue","Dream Catcher","Red Skull","Ginger"],"potions_floor_usage":[10,20,33,33,44,46,50,50],"damage_taken":[{"damage":0,"enemies":"Jaw Worm","floor":1,"turns":1},{"damage":0,"enemies":"3 Sentries","floor":6,"turns":2},{"damage":0,"enemies":"Lagavulin","floor":8,"turns":1},{"damage":20,"enemies":"Gremlin Nob","floor":10,"turns":4},{"damage":0,"enemies":"Small Slimes","floor":14,"turns":3},{"damage":21,"enemies":"The Guardian","floor":16,"turns":9},{"damage":6,"enemies":"2 Thieves","floor":18,"turns":2},{"damage":22,"enemies":"3 Byrds","floor":20,"turns":3},{"damage":16,"enemies":"Centurion and Healer","floor":21,"turns":3},{"damage":18,"enemies":"Sentry and Sphere","floor":22,"turns":2},{"damage":6,"enemies":"Chosen and Byrds","floor":24,"turns":1},{"damage":12,"enemies":"Gremlin Leader","floor":28,"turns":1},{"damage":8,"enemies":"Snake Plant","floor":29,"turns":2},{"damage":30,"enemies":"Shelled Parasite and Fungi","floor":30,"turns":2},{"damage":32,"enemies":"Automaton","floor":33,"turns":5},{"damage":25,"enemies":"3 Darklings","floor":35,"turns":3},{"damage":6,"enemies":"3 Shapes","floor":37,"turns":4},{"damage":12,"enemies":"Giant Head","floor":44,"turns":1},{"damage":22,"enemies":"Reptomancer","floor":46,"turns":4},{"damage":24,"enemies":"Writhing Mass","floor":47,"turns":2},{"damage":28,"enemies":"4 Shapes","floor":48,"turns":6},{"damage":44,"enemies":"Awakened One","floor":50,"turns":3}],"seed_played":"-92271960707313484","potions_obtained":[{"floor":8,"key":"GamblersBrew"},{"floor":14,"key":"Strength Potion"},{"floor":16,"key":"SpeedPotion"},{"floor":18,"key":"Fire Potion"},{"floor":20,"key":"LiquidBronze"},{"floor":35,"key":"GamblersBrew"},{"floor":37,"key":"Block Potion"},{"floor":44,"key":"Strength Potion"},{"floor":46,"key":"Strength Potion"},{"floor":48,"key":"PowerPotion"}],"is_trial":false,"path_per_floor":["M","?","?","?","$","E","R","E","T","E","R","?","$","M","R","B",null,"M","T","M","M","M","R","M","R","T","$","E","M","M","?","R","B",null,"M","$","M","?","?","R","?","R","T","E","$","E","M","M","R","B"],"character_chosen":"IRONCLAD","items_purchased":["Apotheosis","Pen Nib","Rampage"],"campfire_rested":4,"item_purchase_floors":[13,27,45],"current_hp_per_floor":[74,79,74,67,67,73,73,79,79,65,65,65,65,71,71,56,74,74,74,58,48,36,60,60,60,67,67,61,61,39,56,82,58,80,63,63,65,49,44,70,70,70,70,66,66,52,36,16,42,0],"gold":119,"neow_bonus":"THREE_ENEMY_KILL","is_prod":false,"is_daily":false,"chose_seed":false,"campfire_upgraded":5,"win_rate":0,"timestamp":1561966565,"path_taken":["M","?","?","?","$","E","R","E","T","E","R","?","$","M","R","BOSS","M","?","?","M","M","R","M","R","T","$","E","M","M","?","R","BOSS","M","$","M","?","?","R","?","R","T","E","$","E","?","M","R","BOSS"],"build_version":"2019-01-23","purchased_purges":2,"victory":false,"max_hp_per_floor":[75,80,80,80,80,80,80,80,80,80,80,80,80,80,80,80,80,80,80,80,80,80,80,80,80,87,87,87,87,87,87,87,87,87,87,87,87,87,87,87,87,87,87,87,87,87,87,87,87,87],"card_choices":[{"not_picked":["Warcry","Disarm"],"picked":"Clash","floor":1},{"not_picked":["Havoc","Heavy Blade"],"picked":"Shrug It Off","floor":6},{"not_picked":["Hemokinesis","Wild Strike"],"picked":"True Grit","floor":8},{"not_picked":["Entrench","Twin Strike"],"picked":"Whirlwind","floor":10},{"not_picked":["Sentinel","Thunderclap"],"picked":"Juggernaut","floor":14},{"not_picked":["Impervious","Reaper"],"picked":"Offering","floor":16},{"not_picked":["Anger","Entrench"],"picked":"Spot Weakness","floor":18},{"not_picked":["Entrench","Clash"],"picked":"Body Slam","floor":20},{"not_picked":["Sword Boomerang","Cleave+1"],"picked":"Rupture","floor":21},{"not_picked":["Cleave","Armaments"],"picked":"Heavy Blade","floor":22},{"not_picked":["Intimidate","Demon Form"],"picked":"Body Slam+1","floor":24},{"not_picked":["Headbutt","Disarm"],"picked":"Rupture","floor":28},{"not_picked":["Wild Strike","Iron Wave"],"picked":"Headbutt+1","floor":29},{"not_picked":["Burning Pact","Sentinel","Reckless Charge+1"],"picked":"SKIP","floor":30},{"not_picked":["Impervious","Berserk"],"picked":"Dark Embrace","floor":33},{"not_picked":["Clothesline","Wild Strike+1","Shrug It Off"],"picked":"SKIP","floor":35},{"not_picked":["True Grit+1","Pommel Strike"],"picked":"Heavy Blade+1","floor":37},{"not_picked":["Thinking Ahead","Panacea"],"picked":"Secret Technique","floor":39},{"not_picked":["Swift Strike","PanicButton"],"picked":"Master of Strategy","floor":39},{"not_picked":["Rage","True Grit"],"picked":"Shockwave+1","floor":44},{"not_picked":["Cleave","Dropkick"],"picked":"Flex","floor":46},{"not_picked":["Clothesline","Pummel","Searing Blow"],"picked":"SKIP","floor":47},{"not_picked":["Pommel Strike+1","Clothesline"],"picked":"Headbutt+1","floor":48},{"not_picked":["Armaments+1","Sword Boomerang"],"picked":"Body Slam","floor":49}],"player_experience":1535755,"relics_obtained":[{"floor":6,"key":"Oddly Smooth Stone"},{"floor":8,"key":"Bag of Marbles"},{"floor":9,"key":"Bag of Preparation"},{"floor":10,"key":"Omamori"},{"floor":19,"key":"Boot"},{"floor":26,"key":"Strawberry"},{"floor":28,"key":"Blood Vial"},{"floor":43,"key":"Dream Catcher"},{"floor":44,"key":"Red Skull"},{"floor":46,"key":"Ginger"}],"event_choices":[{"damage_healed":0,"gold_gain":0,"player_choice":"Donut","damage_taken":0,"max_hp_gain":5,"max_hp_loss":0,"event_name":"Big Fish","floor":2,"gold_loss":0},{"damage_healed":0,"gold_gain":0,"player_choice":"Success","damage_taken":5,"relics_obtained":["Mummified Hand"],"max_hp_gain":0,"max_hp_loss":0,"event_name":"Scrap Ooze","floor":3,"gold_loss":0},{"cards_removed":["Defend_R"],"damage_healed":0,"gold_gain":0,"player_choice":"Card Removal","damage_taken":7,"max_hp_gain":0,"max_hp_loss":0,"event_name":"Golden Wing","floor":4,"gold_loss":0},{"cards_removed":["Strike_R"],"damage_healed":0,"gold_gain":0,"player_choice":"Offered Basic","damage_taken":0,"max_hp_gain":0,"max_hp_loss":0,"event_name":"Bonfire Elementals","floor":12,"gold_loss":0},{"damage_healed":17,"gold_gain":0,"player_choice":"Heal","damage_taken":0,"max_hp_gain":0,"max_hp_loss":0,"event_name":"The Library","floor":31,"gold_loss":0},{"damage_healed":0,"gold_gain":0,"player_choice":"Embrace Madness","damage_taken":16,"max_hp_gain":0,"max_hp_loss":0,"event_name":"Winding Halls","floor":38,"gold_loss":0,"cards_obtained":["Madness","Madness"]},{"damage_healed":0,"gold_gain":0,"player_choice":"Memory 2","damage_taken":5,"max_hp_gain":0,"max_hp_loss":0,"event_name":"SensoryStone","floor":39,"gold_loss":0},{"damage_healed":0,"gold_gain":0,"player_choice":"Upgraded","damage_taken":0,"max_hp_gain":0,"max_hp_loss":0,"event_name":"Upgrade Shrine","floor":41,"gold_loss":0,"cards_upgraded":["Secret Technique"]}],"is_beta":false,"boss_relics":[{"not_picked":["Lizard Tail","Fusion Hammer"],"picked":"Pandora\u0027s Box"},{"not_picked":["Velvet Choker","Black Blood"],"picked":"White Beast Statue"}],"items_purged_floors":[27,36],"is_endless":false,"potions_floor_spawned":[8,14,16,18,20,22,28,30,35,37,44,46,47,48],"killed_by":"Awakened One","ascension_level":17}