{"gold_per_floor":[111,121,135,49,199,233,233,266,266,298,315,341,341,367,367,438,438,451,366,105,115,165,195,205,237,282,301,330,330,330],"floor_reached":30,"playtime":2086,"items_purged":["Doubt"],"score":702,"play_id":"3951f181-0d63-4974-afc1-ff0156ffce09","local_time":"20190520202100","is_ascension_mode":true,"campfire_choices":[{"floor":13.0,"key":"REST"},{"data":"Defragment","floor":15.0,"key":"SMITH"},{"data":"Defragment","floor":29.0,"key":"SMITH"}],"neow_cost":"NONE","seed_source_timestamp":260656338922229,"circlet_count":0,"master_deck":["AscendersBane","Strike_B","Strike_B","Strike_B","Strike_B","Defend_B","Defend_B","Defend_B","Defend_B","Zap","Dualcast","Glacier","Compile Driver","Defragment+1","Glacier","Defragment+1","Streamline","Conserve Battery","Fusion","Cold Snap","Meteor Strike","Conserve Battery","Mayhem","Self Repair","Coolheaded","Barrage","Capacitor","Self Repair"],"special_seed":0,"relics":["Cracked Core","NeowsBlessing","Shuriken","Pantograph","Bag of Preparation","Meat on the Bone","Smiling Mask","Snecko Eye","Lantern","StoneCalendar","Happy Flower","Omamori","Matryoshka"],"potions_floor_usage":[30,30],"damage_taken":[{"damage":0.0,"enemies":"Cultist","floor":1.0,"turns":1.0},{"damage":0.0,"enemies":"Small Slimes","floor":2.0,"turns":1.0},{"damage":0.0,"enemies":"2 Louse","floor":3.0,"turns":1.0},{"damage":30.0,"enemies":"3 Sentries","floor":6.0,"turns":12.0},{"damage":18.0,"enemies":"Gremlin Nob","floor":8.0,"turns":6.0},{"damage":0.0,"enemies":"Lagavulin","floor":10.0,"turns":8.0},{"damage":5.0,"enemies":"Gremlin Gang","floor":11.0,"turns":5.0},{"damage":10.0,"enemies":"3 Sentries","floor":12.0,"turns":12.0},{"damage":7.0,"enemies":"Lagavulin","floor":14.0,"turns":15.0},{"damage":23.0,"enemies":"Slime Boss","floor":16.0,"turns":22.0},{"damage":0.0,"enemies":"Chosen","floor":18.0,"turns":5.0},{"damage":1.0,"enemies":"Spheric Guardian","floor":21.0,"turns":4.0},{"damage":13.0,"enemies":"Slavers","floor":23.0,"turns":9.0},{"damage":0.0,"enemies":"Snecko","floor":24.0,"turns":5.0},{"damage":12.0,"enemies":"Gremlin Leader","floor":25.0,"turns":7.0},{"damage":15.0,"enemies":"Shelled Parasite and Fungi","floor":27.0,"turns":4.0},{"damage":29.0,"enemies":"Book of Stabbing","floor":28.0,"turns":6.0},{"damage":32,"enemies":"Gremlin Leader","floor":30,"turns":2}],"seed_played":"6222734059996814876","potions_obtained":[{"floor":1.0,"key":"Block Potion"},{"floor":6.0,"key":"Poison Potion"},{"floor":7.0,"key":"FocusPotion"},{"floor":7.0,"key":"FocusPotion"},{"floor":10.0,"key":"Fire Potion"},{"floor":11.0,"key":"Regen Potion"},{"floor":23.0,"key":"FocusPotion"},{"floor":28.0,"key":"LiquidBronze"}],"is_trial":false,"path_per_floor":["M","M","M","$","?","E","?","E","T","E","M","E","R","E","R","B",null,"M","?","$","M","?","E","M","E","T","M","E","R","E"],"character_chosen":"DEFECT","items_purchased":["Defragment","Mayhem"],"campfire_rested":1,"item_purchase_floors":[4,20],"current_hp_per_floor":[64,64,64,64,64,34,34,16,16,16,11,16,37,42,42,44,64,64,64,64,63,56,43,50,45,45,42,32,32,0],"gold":330,"neow_bonus":"THREE_ENEMY_KILL","is_prod":false,"is_daily":false,"chose_seed":false,"campfire_upgraded":2,"win_rate":0,"timestamp":1558376460,"path_taken":["M","?","M","$","?","E","?","E","T","E","?","E","R","E","R","BOSS","M","?","$","M","?","E","M","E","T","M","E","R","E"],"build_version":"2019-01-23","purchased_purges":1,"victory":false,"max_hp_per_floor":[71,71,71,71,71,71,71,71,71,71,71,71,71,71,71,71,71,71,71,71,71,71,71,71,71,71,71,71,71,71],"card_choices":[{"not_picked":["Recycle","Hologram"],"picked":"Glacier","floor":1.0},{"not_picked":["Double Energy","Turbo","Hologram"],"picked":"SKIP","floor":2.0},{"not_picked":["Hologram","Amplify"],"picked":"Compile Driver","floor":3.0},{"not_picked":["Fusion","Stack"],"picked":"Glacier","floor":6.0},{"not_picked":["Turbo","Sweeping Beam"],"picked":"Defragment","floor":8.0},{"not_picked":["Reprogram","Leap"],"picked":"Streamline","floor":10.0},{"not_picked":["Gash","Turbo"],"picked":"Conserve Battery","floor":11.0},{"not_picked":["Hyperbeam","Rebound"],"picked":"Fusion","floor":12.0},{"not_picked":["Loop","Coolheaded"],"picked":"Cold Snap","floor":14.0},{"not_picked":["Thunder Strike","Buffer"],"picked":"Meteor Strike","floor":16.0},{"not_picked":["Rebound","Sweeping Beam+1"],"picked":"Conserve Battery","floor":18.0},{"not_picked":["Redo+1","Streamline","Steam"],"picked":"SKIP","floor":21.0},{"not_picked":["Beam Cell","Hologram"],"picked":"Self Repair","floor":23.0},{"not_picked":["BootSequence","Storm"],"picked":"Coolheaded","floor":24.0},{"not_picked":["Hologram","Gash"],"picked":"Barrage","floor":25.0},{"not_picked":["Biased Cognition","Loop+1"],"picked":"Capacitor","floor":27.0},{"not_picked":["Go for the Eyes+1","Chill"],"picked":"Self Repair","floor":28.0}],"player_experience":794290,"relics_obtained":[{"floor":6.0,"key":"Shuriken"},{"floor":8.0,"key":"Pantograph"},{"floor":10.0,"key":"Bag of Preparation"},{"floor":12.0,"key":"Meat on the Bone"},{"floor":14.0,"key":"Smiling Mask"},{"floor":23.0,"key":"StoneCalendar"},{"floor":25.0,"key":"Happy Flower"},{"floor":26.0,"key":"Omamori"},{"floor":28.0,"key":"Matryoshka"}],"event_choices":[{"damage_healed":0.0,"max_hp_gain":0.0,"max_hp_loss":0.0,"gold_gain":150.0,"event_name":"Liars Game","player_choice":"AGREE","floor":5.0,"gold_loss":0.0,"damage_taken":0.0,"cards_obtained":["Doubt"]},{"damage_healed":0.0,"max_hp_gain":0.0,"max_hp_loss":0.0,"gold_gain":0.0,"event_name":"Lab","player_choice":"Got Potions","floor":7.0,"gold_loss":0.0,"damage_taken":0.0},{"damage_healed":0.0,"max_hp_gain":0.0,"max_hp_loss":0.0,"gold_gain":0.0,"event_name":"Addict","player_choice":"Obtained Relic","floor":19.0,"gold_loss":85.0,"damage_taken":0.0,"relics_obtained":["Lantern"]},{"damage_healed":0.0,"max_hp_gain":0.0,"max_hp_loss":0.0,"gold_gain":50.0,"event_name":"FaceTrader","player_choice":"Touch","floor":22.0,"gold_loss":0.0,"damage_taken":7.0}],"is_beta":false,"boss_relics":[{"not_picked":["Astrolabe","Busted Crown"],"picked":"Snecko Eye"}],"items_purged_floors":[20],"is_endless":false,"potions_floor_spawned":[1,6,10,11,23,28],"killed_by":"Gremlin Leader","ascension_level":20}