{"gold_per_floor":[115,265,277,10,10,37,37,51,51,51,68,82,82,98,98,172,172,192,192,36,55,71,103,103,116,116,15,15,27,27,37,37,37],"floor_reached":33,"playtime":1324,"items_purged":["Doubt","Strike_G"],"score":554,"play_id":"05588f5a-e971-4fd6-a59b-3e17c2d56009","local_time":"20190611035955","is_ascension_mode":true,"campfire_choices":[{"data":"Neutralize","floor":7,"key":"SMITH"},{"data":"Venomology","floor":10,"key":"SMITH"},{"data":"Corpse Explosion","floor":13,"key":"SMITH"},{"data":"Noxious Fumes","floor":15,"key":"SMITH"},{"floor":24,"key":"REST"},{"floor":28,"key":"REST"},{"data":"Wraith Form v2","floor":30,"key":"SMITH"},{"floor":32,"key":"REST"}],"neow_cost":"NONE","seed_source_timestamp":15376727248000,"circlet_count":0,"master_deck":["AscendersBane","Defend_G","Defend_G","Defend_G","Defend_G","Defend_G","Survivor","Neutralize+1","Dagger Spray","Endless Agony","Corpse Explosion+1","Noxious Fumes+1","Venomology+1","Masterful Stab","Deflect","Flying Knee","Flechettes","Deflect","Wraith Form v2+1","Outmaneuver+1","Crippling Poison+1","Blur+1","Calculated Gamble","Noxious Fumes+1","Backflip","Bane","Catalyst+1","PiercingWail","Slice","Footwork","Escape Plan"],"special_seed":0,"relics":["Ring of the Snake","Mango","Bottled Lightning","Astrolabe","Turnip","Bottled Flame"],"potions_floor_usage":[6,11,11,12,14,16,16,18,18,21,22,23,23,25,25,29,29,33,33,33],"damage_taken":[{"damage":4,"enemies":"Small Slimes","floor":1,"turns":5},{"damage":4,"enemies":"2 Louse","floor":3,"turns":3},{"damage":35,"enemies":"Gremlin Nob","floor":6,"turns":6},{"damage":0,"enemies":"Cultist","floor":8,"turns":2},{"damage":4,"enemies":"Exordium Thugs","floor":11,"turns":3},{"damage":0,"enemies":"Exordium Wildlife","floor":12,"turns":1},{"damage":0,"enemies":"2 Fungi Beasts","floor":14,"turns":3},{"damage":25,"enemies":"Slime Boss","floor":16,"turns":8},{"damage":19,"enemies":"Spheric Guardian","floor":18,"turns":4},{"damage":5,"enemies":"3 Byrds","floor":21,"turns":3},{"damage":21,"enemies":"Centurion and Healer","floor":22,"turns":5},{"damage":28,"enemies":"Book of Stabbing","floor":23,"turns":7},{"damage":5,"enemies":"Snake Plant","floor":25,"turns":4},{"damage":4,"enemies":"3 Cultists","floor":29,"turns":3},{"damage":1,"enemies":"Centurion and Healer","floor":31,"turns":7},{"damage":87,"enemies":"Champ","floor":33,"turns":12}],"seed_played":"5959731819521768255","potions_obtained":[{"floor":8,"key":"Fire Potion"},{"floor":11,"key":"AttackPotion"},{"floor":14,"key":"FairyPotion"},{"floor":16,"key":"Poison Potion"},{"floor":22,"key":"FearPotion"},{"floor":23,"key":"SkillPotion"},{"floor":29,"key":"Fire Potion"}],"is_trial":false,"path_per_floor":["M","?","M","$","?","E","R","M","T","R","M","M","R","M","R","B",null,"M","?","$","M","M","E","R","M","T","$","R","M","R","M","R","B"],"character_chosen":"THE_SILENT","items_purchased":["Corpse Explosion","Noxious Fumes","Backflip","Footwork","Energy Potion"],"campfire_rested":3,"item_purchase_floors":[4,4,20,27,27],"current_hp_per_floor":[61,61,57,57,57,36,36,36,36,36,32,32,32,32,32,7,66,47,47,47,42,21,8,33,28,28,28,53,49,49,48,73,0],"gold":37,"neow_bonus":"TEN_PERCENT_HP_BONUS","is_prod":false,"is_daily":false,"chose_seed":false,"campfire_upgraded":5,"win_rate":0,"timestamp":1560218395,"path_taken":["M","?","M","$","?","E","R","M","T","R","M","M","R","M","R","BOSS","M","?","$","?","M","E","R","M","T","$","R","M","R","M","R","BOSS"],"build_version":"2019-01-23","purchased_purges":2,"victory":false,"max_hp_per_floor":[72,72,72,72,72,86,86,86,86,86,86,86,86,86,86,86,86,86,86,86,86,86,86,86,86,86,86,86,86,86,86,86,86],"card_choices":[{"not_picked":["PiercingWail","Acrobatics"],"picked":"Dagger Spray","floor":1},{"not_picked":["Outmaneuver","All Out Attack"],"picked":"Endless Agony","floor":3},{"not_picked":["Eviscerate","Dagger Spray"],"picked":"Masterful Stab","floor":6},{"not_picked":["Expertise","Underhanded Strike"],"picked":"Deflect","floor":8},{"not_picked":["Tactician","Acrobatics"],"picked":"Flying Knee","floor":11},{"not_picked":["Underhanded Strike","Distraction"],"picked":"Flechettes","floor":12},{"not_picked":["Acrobatics","Slice"],"picked":"Deflect","floor":14},{"not_picked":["Storm of Steel","Burst"],"picked":"Wraith Form v2","floor":16},{"not_picked":["Blade Dance","Predator"],"picked":"Calculated Gamble","floor":18},{"not_picked":["Slice","Outmaneuver"],"picked":"Bane","floor":21},{"not_picked":["Flying Knee","Terror"],"picked":"Catalyst+1","floor":22},{"not_picked":["Flying Knee","Setup"],"picked":"PiercingWail","floor":23},{"not_picked":["Reflex","Choke"],"picked":"Slice","floor":25},{"not_picked":["Acrobatics","Flying Knee"],"picked":"Escape Plan","floor":29},{"not_picked":["Heel Hook","PiercingWail+1","Bane"],"picked":"SKIP","floor":31}],"player_experience":1298525,"relics_obtained":[{"floor":6,"key":"Mango"},{"floor":9,"key":"Bottled Lightning"},{"floor":23,"key":"Turnip"},{"floor":26,"key":"Bottled Flame"}],"event_choices":[{"damage_healed":0,"gold_gain":150,"player_choice":"AGREE","damage_taken":0,"max_hp_gain":0,"max_hp_loss":0,"event_name":"Liars Game","floor":2,"gold_loss":0,"cards_obtained":["Doubt"]},{"damage_healed":0,"gold_gain":0,"cards_transformed":["Strike_G"],"player_choice":"Change","damage_taken":0,"max_hp_gain":0,"max_hp_loss":0,"event_name":"Living Wall","floor":5,"gold_loss":0,"cards_obtained":["Venomology"]},{"damage_healed":0,"gold_gain":0,"player_choice":"Copied","damage_taken":0,"max_hp_gain":0,"max_hp_loss":0,"event_name":"Duplicator","floor":19,"gold_loss":0,"cards_obtained":["Noxious Fumes"]}],"is_beta":false,"boss_relics":[{"not_picked":["Black Star","Velvet Choker"],"picked":"Astrolabe"}],"items_purged_floors":[4,20],"is_endless":false,"potions_floor_spawned":[8,11,14,16,22,23,29],"killed_by":"Champ","ascension_level":16}