{"gold_per_floor":[110,86,86,11,28,28,39,39,93,103,172,185,185,30,30,135,135,145,158,192,202,218,245,277,289,324,44,44,44,56,56,56,159,159,169,169,169,169,169,200,200,56,56,56],"floor_reached":44,"playtime":2614,"items_purged":["Regret"],"score":753,"play_id":"66958ed3-4b4e-4b56-af71-480ecfa2cf07","local_time":"20180905210006","is_ascension_mode":true,"campfire_choices":[{"data":"Chaos","floor":6,"key":"SMITH"},{"data":"Defragment","floor":8,"key":"SMITH"},{"data":"White Noise","floor":15,"key":"SMITH"},{"floor":25,"key":"REST"},{"floor":28,"key":"REST"},{"data":"Loop","floor":32,"key":"SMITH"},{"floor":41,"key":"REST"}],"neow_cost":"TEN_PERCENT_HP_LOSS","seed_source_timestamp":0,"circlet_count":0,"master_deck":["Strike_B+1","Defend_B","Defend_B","Defend_B","Defend_B","Zap","Dualcast","Chaos+1","Ball Lightning+1","Coolheaded","Defragment+1","Streamline+1","Cold Snap+1","White Noise+1","Core Surge+1","Compile Driver+1","Loop+1","Biased Cognition","Hologram","Redo+1","Leap","Glacier","Multi-Cast","Double Energy","Sweeping Beam","Hologram+1","Clumsy"],"special_seed":0,"relics":["Cracked Core","Whetstone","Oddly Smooth Stone","Sozu","Red Mask","MawBank","Art of War","Thread and Needle","Nloth\u0027s Gift","Cursed Key","Potion Belt","Unceasing Top","Anchor","DataDisk","Bottled Lightning"],"potions_floor_usage":[20,44],"damage_taken":[{"damage":8,"enemies":"2 Louse","floor":1,"turns":3},{"damage":7,"enemies":"Jaw Worm","floor":5,"turns":3},{"damage":0,"enemies":"Cultist","floor":7,"turns":4},{"damage":0,"enemies":"2 Fungi Beasts","floor":10,"turns":3},{"damage":0,"enemies":"3 Louse","floor":12,"turns":3},{"damage":15,"enemies":"Slime Boss","floor":16,"turns":9},{"damage":5,"enemies":"3 Byrds","floor":18,"turns":3},{"damage":8,"enemies":"Shell Parasite","floor":19,"turns":4},{"damage":12,"enemies":"Masked Bandits","floor":20,"turns":3},{"damage":12,"enemies":"Snake Plant","floor":21,"turns":3},{"damage":2,"enemies":"Chosen and Byrds","floor":22,"turns":4},{"damage":0,"enemies":"Gremlin Leader","floor":23,"turns":5},{"damage":9,"enemies":"Centurion and Healer","floor":24,"turns":5},{"damage":0,"enemies":"Snecko","floor":30,"turns":4},{"damage":0,"enemies":"Champ","floor":33,"turns":7},{"damage":0,"enemies":"Orb Walker","floor":35,"turns":5},{"damage":0,"enemies":"Mind Bloom Boss Battle","floor":39,"turns":3},{"damage":27,"enemies":"Nemesis","floor":40,"turns":7},{"damage":87,"enemies":"Giant Head","floor":44,"turns":9}],"seed_played":"7164029569170487758","potions_obtained":[{"floor":5,"key":"Fire Potion"},{"floor":12,"key":"Fire Potion"}],"is_trial":false,"path_per_floor":["M","$","?","$","M","R","M","R","T","M","?","M","?","$","R","B",null,"M","M","?","M","M","E","M","R","T","$","R","$","M","?","R","B",null,"M","?","?","$","?","E","R","$","T"],"character_chosen":"DEFECT","items_purchased":["Ball Lightning","Oddly Smooth Stone","Thread and Needle","DataDisk"],"campfire_rested":3,"item_purchase_floors":[2,14,27,42],"current_hp_per_floor":[60,60,60,60,53,53,53,53,53,53,53,53,53,53,53,45,62,57,49,37,25,23,23,14,34,34,34,54,54,54,54,54,54,65,65,65,65,65,65,38,57,57,57,0],"gold":56,"neow_bonus":"TRANSFORM_TWO_CARDS","is_prod":false,"is_daily":false,"chose_seed":false,"campfire_upgraded":4,"win_rate":0,"timestamp":1536177606,"path_taken":["M","$","?","$","?","R","M","R","T","M","?","M","?","?","R","BOSS","M","M","?","M","?","E","M","R","T","$","R","?","M","?","R","BOSS","M","?","?","?","?","E","R","$","T","E"],"build_version":"2018-08-30","purchased_purges":1,"victory":false,"max_hp_per_floor":[68,68,68,68,68,68,68,68,68,68,68,68,68,68,68,68,68,68,68,68,68,68,68,68,68,68,68,68,68,68,68,68,68,68,68,65,65,65,65,65,65,65,65,65],"card_choices":[{"not_picked":["Barrage","Tempest","Storm"],"picked":"SKIP","floor":1},{"not_picked":["Chaos","Recycle"],"picked":"Coolheaded","floor":5},{"not_picked":["Auto Shields","Glacier"],"picked":"Defragment","floor":7},{"not_picked":["Rip and Tear+1","Stack"],"picked":"Streamline+1","floor":10},{"not_picked":["Turbo","Conserve Battery"],"picked":"Cold Snap+1","floor":12},{"not_picked":["Thunder Strike+1","Meteor Strike+1"],"picked":"Core Surge+1","floor":16},{"not_picked":["Leap","White Noise"],"picked":"Compile Driver+1","floor":18},{"not_picked":["Hologram","Coolheaded"],"picked":"Loop","floor":19},{"not_picked":["Steam+1","Gash+1"],"picked":"Biased Cognition","floor":20},{"not_picked":["Auto Shields","Gash+1"],"picked":"Hologram","floor":21},{"not_picked":["Force Field","Go for the Eyes+1"],"picked":"Redo+1","floor":22},{"not_picked":["Heatsinks","Redo","Hello World+1"],"picked":"SKIP","floor":23},{"not_picked":["Go for the Eyes+1","Genetic Algorithm"],"picked":"Leap","floor":24},{"not_picked":["Reprogram","Beam Cell+1"],"picked":"Glacier","floor":30},{"not_picked":["Machine Learning","Rainbow"],"picked":"Multi-Cast","floor":33},{"not_picked":["Redo+1","Steam+1"],"picked":"Double Energy","floor":35},{"not_picked":["Go for the Eyes","Steam Power+1"],"picked":"Sweeping Beam","floor":39},{"not_picked":["Auto Shields+1","Hyperbeam"],"picked":"Hologram+1","floor":40}],"player_experience":638052,"relics_obtained":[{"floor":9,"key":"Whetstone"},{"floor":20,"key":"Red Mask"},{"floor":23,"key":"MawBank"},{"floor":26,"key":"Art of War"},{"floor":39,"key":"Unceasing Top"},{"floor":40,"key":"Anchor"},{"floor":43,"key":"Bottled Lightning"}],"event_choices":[{"event_name":"Big Fish","player_choice":"Box","floor":3,"damage_taken":0},{"event_name":"Golden Wing","player_choice":"Gained Gold","floor":11,"damage_taken":0},{"event_name":"Living Wall","player_choice":"Change","floor":13,"damage_taken":0},{"event_name":"Masked Bandits","player_choice":"Fought Bandits","floor":20,"damage_taken":0},{"event_name":"N\u0027loth","player_choice":"Traded a Molten Egg 2","floor":31,"damage_taken":0},{"event_name":"Winding Halls","player_choice":"Max HP","floor":36,"damage_taken":0},{"event_name":"WeMeetAgain","player_choice":"Card","floor":37,"damage_taken":0},{"event_name":"MindBloom","player_choice":"Fight","floor":39,"damage_taken":0}],"is_beta":false,"boss_relics":[{"not_picked":["Busted Crown","Runic Dome"],"picked":"Sozu"},{"not_picked":["White Beast Statue","Lizard Tail"],"picked":"Cursed Key"}],"items_purged_floors":[4],"is_endless":false,"potions_floor_spawned":[5,12,19,21,24,33,40],"killed_by":"Giant Head","ascension_level":9}