{"gold_per_floor":[14,30,30,45,56,56,75,109,133,152,152,152,4,4,4,102,152,169,169,17,17,17,17,14,14,38,56,73,73,93,93,93,93],"floor_reached":33,"playtime":1702,"items_purged":["Strike_G"],"score":396,"play_id":"4124a3f8-abcc-4543-90bf-8a3517e9e7d1","local_time":"20180823191626","is_ascension_mode":true,"campfire_choices":[{"data":"Riddle With Holes","floor":6.0,"key":"SMITH"},{"floor":15.0,"key":"REST"},{"floor":23,"key":"REST"},{"data":"RitualDagger","floor":25,"key":"SMITH"},{"data":"Corpse Explosion","floor":29,"key":"SMITH"},{"floor":32,"key":"REST"}],"neow_cost":"NO_GOLD","seed_source_timestamp":0,"circlet_count":0,"master_deck":["Defend_G","Defend_G","Defend_G","Defend_G","Defend_G","Strike_G","Strike_G","Strike_G","Survivor","Neutralize","AscendersBane","Leg Sweep+1","Quick Slash+1","Riddle With Holes+1","Blur","Caltrops","PiercingWail","RitualDagger+1","Corpse Explosion+1","Outmaneuver+1","Well Laid Plans"],"special_seed":0,"relics":["Ring of the Snake","Incense Burner","Singing Bowl","Anchor","Mercury Hourglass","Tiny House","Bronze Scales","Potion Belt"],"potions_floor_usage":[30,33],"damage_taken":[{"damage":4.0,"enemies":"Jaw Worm","floor":1.0,"turns":6.0},{"damage":8.0,"enemies":"Small Slimes","floor":2.0,"turns":8.0},{"damage":0.0,"enemies":"Cultist","floor":4.0,"turns":4.0},{"damage":0.0,"enemies":"Blue Slaver","floor":5.0,"turns":5.0},{"damage":11.0,"enemies":"Large Slime","floor":7.0,"turns":12.0},{"damage":20.0,"enemies":"Gremlin Nob","floor":8.0,"turns":7.0},{"damage":2.0,"enemies":"2 Fungi Beasts","floor":10.0,"turns":4.0},{"damage":31.0,"enemies":"Hexaghost","floor":16.0,"turns":16.0},{"damage":44,"enemies":"Chosen","floor":18,"turns":10},{"damage":5,"enemies":"2 Thieves","floor":24,"turns":4},{"damage":0,"enemies":"3 Cultists","floor":27,"turns":3},{"damage":5,"enemies":"Centurion and Healer","floor":28,"turns":6},{"damage":15,"enemies":"Snake Plant","floor":30,"turns":4},{"damage":49,"enemies":"Automaton","floor":33,"turns":6}],"seed_played":"-1859848515558532116","potions_obtained":[{"floor":1.0,"key":"Weak Potion"},{"floor":5.0,"key":"SpeedPotion"},{"floor":8.0,"key":"LiquidBronze"},{"floor":17,"key":"SkillPotion"},{"floor":24,"key":"AttackPotion"},{"floor":27,"key":"GhostInAJar"}],"is_trial":false,"path_per_floor":["M","M","?","M","M","R","M","E","T","M","?","?","$","T","R","B",null,"M","?","$","?","$","R","M","R","T","M","M","R","M","?","R"],"character_chosen":"THE_SILENT","items_purchased":["Caltrops","Bronze Scales"],"campfire_rested":3,"item_purchase_floors":[13,20],"current_hp_per_floor":[59,51,44,44,44,44,33,15,15,15,15,39,39,39,61,32,70,28,28,28,22,22,46,41,41,41,41,36,36,23,23,48,0],"gold":93,"neow_bonus":"ONE_RARE_RELIC","is_prod":false,"is_daily":false,"chose_seed":false,"campfire_upgraded":3,"win_rate":0,"timestamp":1535048186,"path_taken":["M","M","?","M","M","R","M","E","T","M","?","?","$","?","R","BOSS","M","?","?","?","$","R","M","R","T","?","M","R","?","?","R","BOSS"],"build_version":"2018-08-16","purchased_purges":1,"victory":false,"max_hp_per_floor":[70,70,70,70,70,70,70,72,72,74,74,74,74,74,74,76,81,83,83,83,83,83,83,83,83,83,83,83,83,85,85,85,85],"card_choices":[{"not_picked":["Heel Hook","Flying Knee"],"picked":"Leg Sweep","floor":1.0},{"not_picked":["Slice","Setup"],"picked":"Quick Slash","floor":2.0},{"not_picked":["Flying Knee","Underhanded Strike"],"picked":"Riddle With Holes","floor":4.0},{"not_picked":["Expertise","Poisoned Stab"],"picked":"Blur","floor":5.0},{"not_picked":["Bane","Quick Slash","Sucker Punch"],"picked":"SKIP","floor":7.0},{"not_picked":["Bane","Setup","Finisher"],"picked":"Singing Bowl","floor":8.0},{"not_picked":["Underhanded Strike","Doppelganger","Slice"],"picked":"Singing Bowl","floor":10.0},{"not_picked":["Doppelganger","Night Terror","Burst"],"picked":"Singing Bowl","floor":16.0},{"not_picked":["Calculated Gamble","Quick Slash"],"picked":"PiercingWail","floor":17},{"not_picked":["Bane","Poisoned Stab+1","Quick Slash"],"picked":"Singing Bowl","floor":18},{"not_picked":["Backflip","PiercingWail"],"picked":"Corpse Explosion","floor":24},{"not_picked":["Acrobatics+1","Slice"],"picked":"Outmaneuver+1","floor":27},{"not_picked":["Acrobatics","Catalyst"],"picked":"Well Laid Plans","floor":28},{"not_picked":["PiercingWail+1","Deadly Poison","Blade Dance"],"picked":"Singing Bowl","floor":30}],"player_experience":590704,"relics_obtained":[{"floor":8.0,"key":"Singing Bowl"},{"floor":9.0,"key":"Anchor"},{"floor":14.0,"key":"Mercury Hourglass"},{"floor":26,"key":"Potion Belt"}],"event_choices":[{"event_name":"Golden Wing","player_choice":"Card Removal","floor":3.0,"damage_taken":0.0},{"event_name":"Living Wall","player_choice":"Grow","floor":11.0,"damage_taken":0.0},{"event_name":"Big Fish","player_choice":"Banana","floor":12.0,"damage_taken":0.0},{"event_name":"Match and Keep!","player_choice":"0 cards matched","floor":19,"damage_taken":0},{"event_name":"Nest","player_choice":"Joined the Cult","floor":21,"damage_taken":0},{"event_name":"Cursed Tome","player_choice":"Ignored","floor":31,"damage_taken":0}],"is_beta":false,"boss_relics":[{"not_picked":["Velvet Choker","Snecko Eye"],"picked":"Tiny House"}],"items_purged_floors":[13],"is_endless":false,"potions_floor_spawned":[1,5,8,24,27],"killed_by":"Automaton","ascension_level":10}