{"gold_per_floor":[14,14,14,32,32,57,2,32,102,16,46,77,111,124,124,195,195,207,482,496,496,44,44],"floor_reached":23,"playtime":695,"items_purged":["Regret"],"score":450,"play_id":"a16fdfd1-5feb-4187-9043-775f3fed6bab","local_time":"20190527001534","is_ascension_mode":true,"campfire_choices":[{"data":"Multi-Cast","floor":15.0,"key":"SMITH"}],"neow_cost":"NO_GOLD","seed_source_timestamp":794514830110936,"circlet_count":0,"master_deck":["AscendersBane","Strike_B","Strike_B","Strike_B","Strike_B","Defend_B","Defend_B","Defend_B","Defend_B","Zap","Dualcast","Ball Lightning","Zap","Multi-Cast+1","FTL","Ball Lightning","Self Repair","Conserve Battery","Leap","Conserve Battery","Tempest","Ball Lightning+1","Streamline+1","Rainbow","Compile Driver+1","Coolheaded+1","Sunder+1","Conserve Battery","Self Repair"],"special_seed":0,"relics":["Cracked Core","WingedGreaves","CultistMask","Blood Vial","Molten Egg 2","Meat on the Bone","Ancient Tea Set","Oddly Smooth Stone","StoneCalendar","Black Star","Strawberry"],"potions_floor_usage":[],"damage_taken":[{"damage":5.0,"enemies":"Small Slimes","floor":1.0,"turns":3.0},{"damage":1.0,"enemies":"Cultist","floor":4.0,"turns":3.0},{"damage":18.0,"enemies":"Lagavulin","floor":6.0,"turns":5.0},{"damage":8.0,"enemies":"Gremlin Nob","floor":8.0,"turns":3.0},{"damage":24.0,"enemies":"3 Sentries","floor":11.0,"turns":5.0},{"damage":28.0,"enemies":"Gremlin Nob","floor":12.0,"turns":4.0},{"damage":12.0,"enemies":"Lagavulin","floor":13.0,"turns":7.0},{"damage":7.0,"enemies":"Jaw Worm","floor":14.0,"turns":3.0},{"damage":30.0,"enemies":"Hexaghost","floor":16.0,"turns":7.0},{"damage":36.0,"enemies":"2 Thieves","floor":18.0,"turns":4.0},{"damage":30,"enemies":"3 Byrds","floor":20,"turns":5},{"damage":34,"enemies":"Slavers","floor":23,"turns":2}],"seed_played":"-8687233620621216847","potions_obtained":[{"floor":4.0,"key":"EntropicBrew"},{"floor":8.0,"key":"FairyPotion"},{"floor":13.0,"key":"Swift Potion"}],"is_trial":false,"path_per_floor":["M","?","$","M","?","E","$","E","T","$","E","E","E","M","R","B",null,"M","?","M","?","$","E"],"character_chosen":"DEFECT","items_purchased":["Explosive Potion","Conserve Battery","Leap","Strawberry","Sunder+1","Conserve Battery","Self Repair"],"campfire_rested":0,"item_purchase_floors":[7,10,10,22,22,22,22],"current_hp_per_floor":[59,59,59,58,58,40,40,34,34,34,31,24,33,47,47,38,63,48,48,32,12,19,0],"gold":44,"neow_bonus":"ONE_RARE_RELIC","is_prod":false,"is_daily":false,"chose_seed":false,"campfire_upgraded":1,"win_rate":0,"timestamp":1558908934,"path_taken":["M","?","?","?","?","E","?","E","T","$","E","E","E","M","R","BOSS","M","?","?","?","$","E"],"build_version":"2019-01-23","purchased_purges":1,"victory":false,"max_hp_per_floor":[71,71,71,71,71,71,71,71,71,71,71,71,71,71,71,71,71,71,71,71,76,83,83],"card_choices":[{"not_picked":["Beam Cell","Rebound"],"picked":"Ball Lightning","floor":1.0},{"not_picked":["Streamline","Steam"],"picked":"FTL","floor":4.0},{"not_picked":["Reprogram","Doom and Gloom"],"picked":"Ball Lightning","floor":6.0},{"not_picked":["Tempest","Coolheaded"],"picked":"Self Repair","floor":8.0},{"not_picked":["White Noise","Doom and Gloom+1"],"picked":"Conserve Battery","floor":11.0},{"not_picked":["Redo","Fusion"],"picked":"Tempest","floor":12.0},{"not_picked":["Reprogram","Chill"],"picked":"Ball Lightning+1","floor":13.0},{"not_picked":["Conserve Battery","Consume"],"picked":"Streamline+1","floor":14.0},{"not_picked":["Reboot","Meteor Strike+1"],"picked":"Rainbow","floor":16.0},{"not_picked":["Beam Cell+1","Force Field"],"picked":"Compile Driver+1","floor":18.0},{"not_picked":["Ball Lightning+1","Redo+1"],"picked":"Coolheaded+1","floor":20}],"player_experience":801837,"relics_obtained":[{"floor":6.0,"key":"Blood Vial"},{"floor":8.0,"key":"Molten Egg 2"},{"floor":9.0,"key":"Meat on the Bone"},{"floor":11.0,"key":"Ancient Tea Set"},{"floor":12.0,"key":"Oddly Smooth Stone"},{"floor":13.0,"key":"StoneCalendar"}],"event_choices":[{"damage_healed":0.0,"max_hp_gain":0.0,"max_hp_loss":0.0,"gold_gain":0.0,"event_name":"Match and Keep!","player_choice":"2 cards matched","floor":2.0,"gold_loss":0.0,"damage_taken":0.0,"cards_obtained":["Zap","Multi-Cast"]},{"damage_healed":0.0,"max_hp_gain":0.0,"max_hp_loss":0.0,"gold_gain":0.0,"event_name":"FaceTrader","player_choice":"Trade","floor":5.0,"gold_loss":0.0,"damage_taken":0.0,"relics_obtained":["CultistMask"]},{"damage_healed":0.0,"max_hp_gain":0.0,"max_hp_loss":0.0,"gold_gain":275.0,"event_name":"Golden Shrine","player_choice":"Desecrate","floor":19.0,"gold_loss":0.0,"damage_taken":0.0,"cards_obtained":["Regret"]},{"damage_healed":0,"gold_gain":0,"player_choice":"Shed Blood","damage_taken":25,"max_hp_gain":5,"max_hp_loss":0,"event_name":"Forgotten Altar","floor":21,"gold_loss":0}],"is_beta":false,"boss_relics":[{"not_picked":["Coffee Dripper","Nuclear Battery"],"picked":"Black Star"}],"items_purged_floors":[22],"is_endless":false,"potions_floor_spawned":[4,8,13,14],"killed_by":"Slavers","ascension_level":20}