{"gold_per_floor":[113,63,78,3,16,16,16,16,61,61,13,36,36,56,56,176,176,200,221,221,131,150,150,7,21,21,21,21,21,21,34,34,34],"floor_reached":33,"playtime":1149,"items_purged":["Strike_G"],"score":376,"play_id":"1b09b868-13e3-4883-a37a-a266870a0ce6","local_time":"20190220212030","is_ascension_mode":true,"campfire_choices":[{"data":"Flechettes","floor":6,"key":"SMITH"},{"data":"Neutralize","floor":8,"key":"SMITH"},{"data":"Cloak And Dagger","floor":10,"key":"SMITH"},{"data":"Poisoned Stab","floor":15,"key":"SMITH"},{"floor":23,"key":"REST"},{"data":"Footwork","floor":28,"key":"SMITH"},{"floor":32,"key":"REST"}],"neow_cost":"PERCENT_DAMAGE","seed_source_timestamp":62943560339200,"circlet_count":0,"master_deck":["AscendersBane","Survivor","Neutralize+1","Flechettes+1","Catalyst","Backflip","Cloak And Dagger+1","All Out Attack","Poisoned Stab+1","Backflip+1","Phantasmal Killer","Dagger Throw","Corpse Explosion","Acrobatics+1","Escape Plan+1","All Out Attack+1","Footwork+1","Bouncing Flask","Dash","Quick Slash+1","Bane"],"relics":["Ring of the Snake","Golden Idol","Art of War","Astrolabe","Vajra","Happy Flower"],"potions_floor_usage":[16,31],"damage_taken":[{"damage":4,"enemies":"Small Slimes","floor":1,"turns":3},{"damage":0,"enemies":"Jaw Worm","floor":3,"turns":5},{"damage":0,"enemies":"2 Louse","floor":5,"turns":2},{"damage":8,"enemies":"Gremlin Gang","floor":12,"turns":4},{"damage":0,"enemies":"Blue Slaver","floor":14,"turns":2},{"damage":8,"enemies":"Hexaghost","floor":16,"turns":9},{"damage":0,"enemies":"3 Byrds","floor":18,"turns":4},{"damage":19,"enemies":"Shell Parasite","floor":19,"turns":4},{"damage":25,"enemies":"Snake Plant","floor":22,"turns":6},{"damage":13,"enemies":"Snecko","floor":25,"turns":3},{"damage":0,"enemies":"Centurion and Healer","floor":31,"turns":4},{"damage":89,"enemies":"Automaton","floor":33,"turns":8}],"seed_played":"7662818626148701770","potions_obtained":[{"floor":3,"key":"FairyPotion"},{"floor":12,"key":"Poison Potion"},{"floor":25,"key":"SkillPotion"},{"floor":31,"key":"SteroidPotion"}],"is_trial":false,"path_per_floor":["M","?","M","$","M","R","?","R","T","R","$","M","?","M","R","B",null,"M","M","?","?","M","R","$","M","T","?","R","$","?","M","R","B"],"character_chosen":"THE_SILENT","items_purchased":["Poisoned Stab","Vajra"],"campfire_rested":2,"item_purchase_floors":[11,24],"current_hp_per_floor":[41,41,41,41,41,41,41,41,41,41,41,33,33,33,33,25,59,59,40,40,40,15,36,36,23,23,23,23,23,23,23,44,0],"gold":34,"neow_bonus":"TRANSFORM_TWO_CARDS","is_prod":false,"is_daily":false,"chose_seed":false,"campfire_upgraded":5,"win_rate":0,"timestamp":1550694030,"path_taken":["M","?","M","$","M","R","?","R","T","R","$","M","?","M","R","BOSS","M","M","?","?","?","R","$","M","T","?","R","?","?","M","R","BOSS"],"build_version":"2019-01-23","purchased_purges":1,"victory":false,"max_hp_per_floor":[70,70,70,70,70,70,70,70,70,70,70,70,70,70,70,70,70,70,70,70,70,70,70,70,70,70,70,70,70,70,70,70,70],"card_choices":[{"not_picked":["Outmaneuver","Concentrate"],"picked":"Backflip","floor":1},{"not_picked":["Dagger Throw","Underhanded Strike"],"picked":"Cloak And Dagger","floor":3},{"not_picked":["Outmaneuver","Prepared"],"picked":"All Out Attack","floor":5},{"not_picked":["Reflex","Distraction"],"picked":"Backflip","floor":12},{"not_picked":["Prepared","Underhanded Strike"],"picked":"Dagger Throw","floor":14},{"not_picked":["After Image","Grand Finale"],"picked":"Corpse Explosion","floor":16},{"not_picked":["Setup+1","Outmaneuver"],"picked":"Footwork","floor":18},{"not_picked":["Distraction","Masterful Stab"],"picked":"Bouncing Flask","floor":19},{"not_picked":["Cloak And Dagger","Poisoned Stab"],"picked":"Quick Slash+1","floor":22},{"not_picked":["Sucker Punch","Poisoned Stab","Dagger Throw"],"picked":"SKIP","floor":25},{"not_picked":["PiercingWail","Bouncing Flask"],"picked":"Bane","floor":31}],"player_experience":819166,"relics_obtained":[{"floor":9,"key":"Art of War"},{"floor":26,"key":"Happy Flower"}],"event_choices":[{"cards_removed":["Strike_G"],"damage_healed":0,"gold_gain":0,"player_choice":"Card Removal","damage_taken":0,"max_hp_gain":0,"max_hp_loss":0,"event_name":"The Cleric","floor":2,"gold_loss":50},{"damage_healed":0,"gold_gain":0,"player_choice":"Take Wound","damage_taken":0,"relics_obtained":["Golden Idol"],"max_hp_gain":0,"max_hp_loss":0,"event_name":"Golden Idol","floor":7,"gold_loss":0,"cards_obtained":["Injury"]},{"damage_healed":0,"gold_gain":0,"cards_transformed":["Strike_G"],"player_choice":"Change","damage_taken":0,"max_hp_gain":0,"max_hp_loss":0,"event_name":"Living Wall","floor":13,"gold_loss":0,"cards_obtained":["Phantasmal Killer"]},{"damage_healed":0,"gold_gain":0,"player_choice":"Read","damage_taken":0,"max_hp_gain":0,"max_hp_loss":0,"event_name":"The Library","floor":20,"gold_loss":0,"cards_obtained":["Dash"]},{"cards_removed":["Defend_G"],"damage_healed":0,"gold_gain":0,"player_choice":"Upgrade and Remove","damage_taken":0,"max_hp_gain":0,"max_hp_loss":0,"event_name":"Designer","floor":21,"gold_loss":90,"cards_upgraded":["Backflip"]},{"cards_removed":["Injury"],"damage_healed":0,"gold_gain":0,"player_choice":"Elegance","damage_taken":0,"max_hp_gain":0,"max_hp_loss":0,"event_name":"Back to Basics","floor":27,"gold_loss":0},{"cards_removed":["Defend_G"],"damage_healed":0,"gold_gain":0,"player_choice":"Purged","damage_taken":0,"max_hp_gain":0,"max_hp_loss":0,"event_name":"Purifier","floor":30,"gold_loss":0}],"is_beta":false,"boss_relics":[{"not_picked":["Fusion Hammer","Busted Crown"],"picked":"Astrolabe"}],"items_purged_floors":[4],"is_endless":false,"potions_floor_spawned":[3,12,25,31],"killed_by":"Automaton","ascension_level":12}