{"gold_per_floor":[118,17,33,48,68,68,94,94,94,94,104,68,78,94,94,165,215,227,167,167],"floor_reached":20,"playtime":992,"items_purged":["Strike_B"],"score":308,"play_id":"22f0debe-69f2-4479-8955-2c4b1bce912e","local_time":"20190517144518","is_ascension_mode":true,"campfire_choices":[{"data":"Buffer","floor":6,"key":"SMITH"},{"floor":8,"key":"REST"},{"data":"Zap","floor":10,"key":"SMITH"},{"floor":15,"key":"REST"}],"neow_cost":"NONE","seed_source_timestamp":314737579847300,"circlet_count":0,"master_deck":["AscendersBane","Strike_B","Strike_B","Defend_B","Defend_B","Defend_B","Defend_B","Zap+1","Dualcast","Buffer+1","Fusion","Cold Snap","Leap","Conserve Battery","Sweeping Beam","Chaos","Consume","FTL","Conserve Battery+1","Buffer","Go for the Eyes","Hologram","Steam"],"relics":["Cracked Core","PreservedInsect","Art of War","Tiny House"],"potions_floor_usage":[7,16,16,19,19],"damage_taken":[{"damage":0,"enemies":"Small Slimes","floor":1,"turns":4},{"damage":5,"enemies":"Jaw Worm","floor":3,"turns":6},{"damage":0,"enemies":"Cultist","floor":4,"turns":5},{"damage":7,"enemies":"Exordium Thugs","floor":5,"turns":6},{"damage":43,"enemies":"Gremlin Nob","floor":7,"turns":8},{"damage":0,"enemies":"Red Slaver","floor":11,"turns":5},{"damage":7,"enemies":"Large Slime","floor":13,"turns":8},{"damage":0,"enemies":"Exordium Wildlife","floor":14,"turns":4},{"damage":35,"enemies":"The Guardian","floor":16,"turns":16},{"damage":0,"enemies":"Chosen","floor":18,"turns":9},{"damage":0,"enemies":"2 Thieves","floor":19,"turns":4},{"damage":62,"enemies":"Masked Bandits","floor":20,"turns":4}],"seed_played":"6681789310740275439","potions_obtained":[{"floor":1,"key":"Strength Potion"},{"floor":5,"key":"EssenceOfSteel"},{"floor":13,"key":"Block Potion"},{"floor":16,"key":"Swift Potion"},{"floor":17,"key":"SneckoOil"}],"is_trial":false,"path_per_floor":["M","$","M","M","M","R","E","R","T","R","M","?","M","M","R","B",null,"M","M","?"],"character_chosen":"DEFECT","items_purchased":["Cold Snap"],"campfire_rested":2,"item_purchase_floors":[2],"current_hp_per_floor":[64,64,59,59,52,52,9,30,30,30,30,30,23,23,44,9,61,61,61,0],"gold":167,"neow_bonus":"TRANSFORM_CARD","is_prod":false,"is_daily":false,"chose_seed":false,"campfire_upgraded":2,"win_rate":0,"timestamp":1558097118,"path_taken":["M","$","M","M","M","R","E","R","T","R","M","?","M","M","R","BOSS","M","M","?"],"build_version":"2019-01-23","purchased_purges":1,"victory":false,"max_hp_per_floor":[71,71,71,71,71,71,71,71,71,71,71,71,71,71,71,71,76,76,76,76],"card_choices":[{"not_picked":["Loop","Stack"],"picked":"Fusion","floor":1},{"not_picked":["Cold Snap","Scrape"],"picked":"Leap","floor":3},{"not_picked":["Steam","Tempest"],"picked":"Conserve Battery","floor":4},{"not_picked":["Storm","Leap"],"picked":"Sweeping Beam","floor":5},{"not_picked":["Thunder Strike","Cold Snap"],"picked":"Chaos","floor":7},{"not_picked":["Coolheaded","Streamline"],"picked":"Consume","floor":11},{"not_picked":["Ball Lightning","Beam Cell"],"picked":"FTL","floor":13},{"not_picked":["Aggregate","Undo"],"picked":"Conserve Battery","floor":14},{"not_picked":["Seek","All For One"],"picked":"Buffer","floor":16},{"not_picked":["Rebound","Rip and Tear"],"picked":"Go for the Eyes","floor":17},{"not_picked":["Rip and Tear","Cold Snap"],"picked":"Hologram","floor":18},{"not_picked":["Rip and Tear","Stack"],"picked":"Steam","floor":19}],"player_experience":1127548,"relics_obtained":[{"floor":7,"key":"PreservedInsect"},{"floor":9,"key":"Art of War"}],"event_choices":[{"damage_healed":0,"gold_gain":0,"player_choice":"Left Gold","damage_taken":0,"max_hp_gain":0,"max_hp_loss":0,"event_name":"World of Goop","floor":12,"gold_loss":36},{"damage_healed":0,"gold_gain":0,"player_choice":"Fought Bandits","damage_taken":0,"max_hp_gain":0,"max_hp_loss":0,"event_name":"Masked Bandits","floor":20,"gold_loss":0}],"is_beta":false,"boss_relics":[{"not_picked":["Runic Dome","Lizard Tail"],"picked":"Tiny House"}],"items_purged_floors":[2],"is_endless":false,"potions_floor_spawned":[1,5,13,16],"killed_by":"Masked Bandits","ascension_level":15}