{"gold_per_floor":[219,219,4,17,32,32,53,53,53,53,63,75,36,51,51,155,155,174,189,139,139,157,157,175,175,175,462,487,499,530,558,570,680,692,718,730,742,347,361,361,22,39,39,39,55,73,83,133,133,133],"floor_reached":51,"playtime":4593,"items_purged":["Strike_R","Defend_R","Strike_R","Defend_R"],"score":643,"play_id":"c1448b8f-753f-4f8a-8051-f1b642a8628e","local_time":"20190920023856","is_ascension_mode":false,"campfire_choices":[{"data":"Bash","floor":6.0,"key":"SMITH"},{"data":"Flame Barrier","floor":8.0,"key":"SMITH"},{"data":"Heavy Blade","floor":10.0,"key":"SMITH"},{"data":"Whirlwind","floor":15,"key":"SMITH"},{"data":"Limit Break","floor":23,"key":"SMITH"},{"data":"Limit Break","floor":25,"key":"SMITH"},{"data":"Inflame","floor":29,"key":"SMITH"},{"data":"Flame Barrier","floor":32,"key":"SMITH"},{"data":"Inflame","floor":40,"key":"SMITH"},{"data":"Inflame","floor":44,"key":"SMITH"},{"data":"Double Tap","floor":49,"key":"SMITH"}],"neow_cost":"NONE","seed_source_timestamp":10479848943648,"circlet_count":0,"master_deck":["Strike_R","Strike_R","Defend_R","Defend_R","Bash+1","Heavy Blade+1","Flame Barrier+1","Shrug It Off","Shrug It Off","Whirlwind+1","Inflame+1","Flame Barrier+1","Limit Break+1","Iron Wave+1","Shockwave+1","Body Slam+1","Limit Break+1","Twin Strike","Shrug It Off+1","Flex","Inflame+1","Double Tap+1","Inflame+1","Pommel Strike+1","Metallicize+1","Iron Wave+1","Spot Weakness+1","Flex+1","Heavy Blade+1","Battle Trance"],"special_seed":0,"relics":["Burning Blood","TungstenRod","Membership Card","Odd Mushroom","Shuriken","Velvet Choker","MawBank","Philosopher\u0027s Stone","Red Skull","Happy Flower","Toolbox","Lantern","Orrery","Anchor","Calipers","Ice Cream"],"potions_floor_usage":[18,33,33,47,50],"damage_taken":[{"damage":12.0,"enemies":"2 Louse","floor":1.0,"turns":3.0},{"damage":0.0,"enemies":"Cultist","floor":4.0,"turns":4.0},{"damage":8.0,"enemies":"Small Slimes","floor":5.0,"turns":4.0},{"damage":24.0,"enemies":"The Mushroom Lair","floor":7.0,"turns":8.0},{"damage":7.0,"enemies":"3 Louse","floor":11.0,"turns":3.0},{"damage":2.0,"enemies":"Red Slaver","floor":12.0,"turns":6.0},{"damage":2,"enemies":"Lots of Slimes","floor":14,"turns":4},{"damage":19,"enemies":"Hexaghost","floor":16,"turns":13},{"damage":9,"enemies":"2 Thieves","floor":18,"turns":4},{"damage":12,"enemies":"Shell Parasite","floor":19,"turns":7},{"damage":0,"enemies":"Centurion and Healer","floor":22,"turns":4},{"damage":11,"enemies":"Shelled Parasite and Fungi","floor":24,"turns":6},{"damage":5,"enemies":"Cultist and Chosen","floor":28,"turns":8},{"damage":1,"enemies":"Centurion and Healer","floor":30,"turns":7},{"damage":19,"enemies":"Shelled Parasite and Fungi","floor":31,"turns":5},{"damage":20,"enemies":"Collector","floor":33,"turns":8},{"damage":3,"enemies":"Orb Walker","floor":35,"turns":4},{"damage":0,"enemies":"3 Shapes","floor":39,"turns":1},{"damage":20,"enemies":"Sphere and 2 Shapes","floor":42,"turns":3},{"damage":0,"enemies":"Maw","floor":45,"turns":5},{"damage":8,"enemies":"Spire Growth","floor":46,"turns":3},{"damage":0,"enemies":"Writhing Mass","floor":47,"turns":4},{"damage":4,"enemies":"2 Orb Walkers","floor":48,"turns":3},{"damage":31,"enemies":"Donu and Deca","floor":50,"turns":6}],"seed_played":"-1890755941130725988","potions_obtained":[{"floor":7.0,"key":"Energy Potion"},{"floor":11.0,"key":"FearPotion"},{"floor":16,"key":"SpeedPotion"},{"floor":18,"key":"Fire Potion"},{"floor":24,"key":"Block Potion"},{"floor":30,"key":"Strength Potion"},{"floor":35,"key":"PowerPotion"},{"floor":46,"key":"Explosive Potion"},{"floor":48,"key":"SpeedPotion"}],"is_trial":false,"path_per_floor":["M","?","$","M","M","R","?","R","T","R","M","M","$","M","R","B",null,"M","M","$","?","M","R","M","R","T","?","M","R","M","M","R","B",null,"M","?","?","$","M","R","$","M","T","R","M","M","M","?","R","B",null],"character_chosen":"IRONCLAD","items_purchased":["Membership Card","Heavy Blade","Inflame","Red Skull","Inflame","Happy Flower","Double Tap","Toolbox","Inflame","Lantern","Orrery","Anchor"],"campfire_rested":0,"item_purchase_floors":[3,3,13,38,38,38,38,38,41,41,41,41],"current_hp_per_floor":[74,74,74,80,78,78,60,60,60,60,59,63,63,67,67,54,80,77,71,71,71,77,77,72,72,72,72,73,73,78,65,65,51,80,80,80,80,80,80,80,80,66,66,66,72,70,76,78,78,53],"gold":133,"neow_bonus":"HUNDRED_GOLD","is_prod":false,"is_daily":false,"chose_seed":false,"campfire_upgraded":11,"win_rate":0,"timestamp":1568968736,"path_taken":["M","?","?","M","M","R","?","R","T","R","M","M","$","M","R","BOSS","M","M","$","?","?","R","?","R","T","?","?","R","M","M","R","BOSS","M","?","?","$","M","R","$","?","T","R","M","M","?","?","R","BOSS"],"build_version":"2019-09-19","purchased_purges":4,"victory":true,"max_hp_per_floor":[80,80,80,80,80,80,80,80,80,80,80,80,80,80,80,80,80,80,80,80,80,80,80,80,80,80,80,80,80,80,80,80,80,80,80,80,80,80,80,80,80,80,80,80,80,80,80,80,80,80],"card_choices":[{"not_picked":["Perfected Strike","Body Slam"],"picked":"Thunderclap","floor":1.0},{"not_picked":["Burning Pact","Sword Boomerang"],"picked":"Flame Barrier","floor":5.0},{"not_picked":["Armaments","Sword Boomerang"],"picked":"Shrug It Off","floor":7.0},{"not_picked":["Feel No Pain","Body Slam"],"picked":"Shrug It Off","floor":11.0},{"not_picked":["Warcry","Wild Strike"],"picked":"Whirlwind","floor":12.0},{"not_picked":["Iron Wave","Reckless Charge"],"picked":"Flame Barrier","floor":14},{"not_picked":["Feed","Berserk"],"picked":"Limit Break","floor":16},{"not_picked":["Thunderclap","Wild Strike"],"picked":"Iron Wave+1","floor":18},{"not_picked":["Clash","Anger+1"],"picked":"Shockwave+1","floor":19},{"not_picked":["Battle Trance","Warcry+1"],"picked":"Body Slam+1","floor":22},{"not_picked":["Flex+1","Dual Wield"],"picked":"Limit Break","floor":24},{"not_picked":["Clash","Shrug It Off"],"picked":"Twin Strike","floor":28},{"not_picked":["Rampage","Clash"],"picked":"Shrug It Off+1","floor":30},{"not_picked":["Iron Wave","Anger","Second Wind"],"picked":"SKIP","floor":31},{"not_picked":["Hemokinesis+1","Shrug It Off"],"picked":"Flex","floor":35},{"not_picked":["Reckless Charge","Fire Breathing+1","Shockwave+1"],"picked":"SKIP","floor":39},{"not_picked":["Reckless Charge+1","Body Slam"],"picked":"Pommel Strike+1","floor":41},{"not_picked":["Headbutt","Havoc+1"],"picked":"Metallicize+1","floor":41},{"not_picked":["Immolate","True Grit"],"picked":"Iron Wave+1","floor":41},{"not_picked":["Flame Barrier","Burning Pact+1"],"picked":"Spot Weakness+1","floor":41},{"not_picked":["Clash","Body Slam","Thunderclap+1"],"picked":"SKIP","floor":42},{"not_picked":["Headbutt","Clash","Rage"],"picked":"SKIP","floor":45},{"not_picked":["Thunderclap+1","Fiend Fire"],"picked":"Flex+1","floor":46},{"not_picked":["Uppercut","Combust"],"picked":"Heavy Blade+1","floor":47},{"not_picked":["Body Slam","Clash"],"picked":"Battle Trance","floor":48}],"player_experience":1549152,"relics_obtained":[{"floor":7.0,"key":"Odd Mushroom"},{"floor":9.0,"key":"Shuriken"},{"floor":26,"key":"MawBank"},{"floor":43,"key":"Calipers"},{"floor":48,"key":"Ice Cream"}],"event_choices":[{"cards_removed":["Thunderclap"],"damage_healed":0.0,"max_hp_gain":0.0,"max_hp_loss":0.0,"gold_gain":0.0,"event_name":"WeMeetAgain","player_choice":"Gave Card","floor":2.0,"gold_loss":0.0,"damage_taken":0.0,"relics_obtained":["TungstenRod"]},{"damage_healed":0.0,"max_hp_gain":0.0,"max_hp_loss":0.0,"gold_gain":0.0,"event_name":"Mushrooms","player_choice":"Fought Mushrooms","floor":7.0,"gold_loss":0.0,"damage_taken":0.0},{"damage_healed":0,"gold_gain":0,"player_choice":"Ignored","damage_taken":0,"max_hp_gain":0,"max_hp_loss":0,"event_name":"NoteForYourself","floor":21,"gold_loss":0},{"damage_healed":0,"gold_gain":275,"player_choice":"Desecrate","damage_taken":0,"max_hp_gain":0,"max_hp_loss":0,"event_name":"Golden Shrine","floor":27,"gold_loss":0,"cards_obtained":["Regret"]},{"cards_removed":["Strike_R"],"damage_healed":0,"gold_gain":0,"player_choice":"Removed Attack","damage_taken":0,"max_hp_gain":0,"max_hp_loss":0,"event_name":"Falling","floor":36,"gold_loss":0},{"cards_removed":["Regret"],"damage_healed":0,"gold_gain":0,"player_choice":"Removed Curses","damage_taken":0,"max_hp_gain":0,"max_hp_loss":0,"event_name":"Fountain of Cleansing","floor":37,"gold_loss":0},{"damage_healed":0,"gold_gain":0,"player_choice":"Fight","damage_taken":0,"max_hp_gain":0,"max_hp_loss":0,"event_name":"Mysterious Sphere","floor":48,"gold_loss":0}],"is_beta":true,"boss_relics":[{"not_picked":["Pandora\u0027s Box","Calling Bell"],"picked":"Velvet Choker"},{"not_picked":["Black Star","Runic Dome"],"picked":"Philosopher\u0027s Stone"}],"items_purged_floors":[3,20,38,41],"is_endless":false,"potions_floor_spawned":[7,11,16,18,24,30,35,46,48],"ascension_level":0}