{"gold_per_floor":[116,133,145,145,145,145,95,134,134,148,57,97,97,116,116,237,237,257,32,56,56,71,71,86,86,86,102,102,102,125,143,143,262,262,282,135,135,153,486,517,517,517,517,517,56,56,66,96,96,96],"floor_reached":51,"playtime":2647,"items_purged":["Bane"],"score":1237,"play_id":"eacc9ba8-25d9-44f7-9a42-4e54fd9fabd6","local_time":"20180624220441","is_ascension_mode":true,"campfire_choices":[{"data":"Footwork","floor":6,"key":"SMITH"},{"data":"Mind Blast","floor":13,"key":"SMITH"},{"floor":15,"key":"REST"},{"data":"A Thousand Cuts","floor":23,"key":"SMITH"},{"data":"Leg Sweep","floor":25,"key":"SMITH"},{"data":"Caltrops","floor":28,"key":"SMITH"},{"floor":32,"key":"REST"},{"data":"Infinite Blades","floor":41,"key":"SMITH"},{"data":"Accuracy","floor":49,"key":"SMITH"}],"neow_cost":"NONE","seed_source_timestamp":875915261843635,"circlet_count":0,"master_deck":["Survivor","Neutralize","Cloak And Dagger","Quick Slash","Dagger Throw","Quick Slash","Masterful Stab","Footwork+1","Mind Blast+1","Leg Sweep+1","Infinite Blades","A Thousand Cuts+1","Caltrops+1","Dash","Backstab+1","Terror+1","Adrenaline","Die Die Die","Blade Dance","Infinite Blades+1","Calculated Gamble+1","Leg Sweep+1","Accuracy+1","Well Laid Plans"],"special_seed":17706,"relics":["Pandora\u0027s Box","Darkstone Periapt","Orichalcum","Tingsha","Sozu","Bag of Marbles","Mummified Hand","Blood Vial","Busted Crown","Bird Faced Urn","Question Card","Calipers","Bottled Tornado","Letter Opener","Juzu Bracelet","Ancient Tea Set"],"potions_floor_usage":[12,33,50],"damage_taken":[{"damage":0,"enemies":"Small Slimes","floor":1,"turns":2},{"damage":8,"enemies":"Jaw Worm","floor":2,"turns":2},{"damage":0,"enemies":"Cultist","floor":3,"turns":2},{"damage":5,"enemies":"3 Sentries","floor":8,"turns":5},{"damage":0,"enemies":"Blue Slaver","floor":10,"turns":2},{"damage":15,"enemies":"Lagavulin","floor":12,"turns":6},{"damage":0,"enemies":"2 Fungi Beasts","floor":14,"turns":3},{"damage":12,"enemies":"Hexaghost","floor":16,"turns":12},{"damage":6,"enemies":"3 Byrds","floor":18,"turns":5},{"damage":0,"enemies":"Spheric Guardian","floor":20,"turns":3},{"damage":10,"enemies":"Snake Plant","floor":22,"turns":4},{"damage":1,"enemies":"Snecko","floor":24,"turns":3},{"damage":0,"enemies":"Cultist and Chosen","floor":27,"turns":4},{"damage":12,"enemies":"Centurion and Healer","floor":31,"turns":3},{"damage":30,"enemies":"Automaton","floor":33,"turns":7},{"damage":0,"enemies":"3 Darklings","floor":35,"turns":3},{"damage":0,"enemies":"Orb Walker","floor":38,"turns":2},{"damage":24,"enemies":"Nemesis","floor":40,"turns":5},{"damage":0,"floor":42,"turns":3},{"damage":3,"enemies":"4 Shapes","floor":47,"turns":2},{"damage":7,"enemies":"Giant Head","floor":48,"turns":5},{"damage":61,"enemies":"Time Eater","floor":50,"turns":11}],"seed_played":"-4074280782000199975","potions_obtained":[{"floor":2,"key":"SteroidPotion"},{"floor":10,"key":"Poison Potion"},{"floor":16,"key":"Poison Potion"}],"is_trial":false,"path_per_floor":["M","M","M","?","?","R","?","E","T","M","$","E","R","M","R","B",null,"M","$","M","?","M","R","M","R","T","M","R","?","T","M","R","B",null,"M","$","T","M","?","E","R","?","T","?","$","?","M","E","R","B"],"character_chosen":"THE_SILENT","items_purchased":["Mind Blast","Bag of Marbles","Blade Dance","Infinite Blades","Letter Opener","Accuracy","Juzu Bracelet"],"campfire_rested":2,"item_purchase_floors":[11,19,36,36,45,45,45],"current_hp_per_floor":[63,55,55,55,65,65,65,60,60,60,60,45,45,45,64,52,62,56,56,56,56,46,46,45,45,45,45,45,50,50,40,59,31,57,59,59,59,65,65,46,46,54,54,54,54,54,63,65,65,14],"gold":96,"neow_bonus":"BOSS_RELIC","is_prod":false,"is_daily":false,"chose_seed":false,"campfire_upgraded":7,"win_rate":0,"timestamp":1529874281,"path_taken":["M","M","M","?","?","R","?","E","T","?","$","E","R","M","R","BOSS","M","$","M","?","M","R","M","R","T","M","R","?","?","?","R","BOSS","M","$","?","?","?","E","R","?","T","?","$","?","M","E","R","BOSS"],"build_version":"2018-06-21v2","purchased_purges":1,"victory":true,"max_hp_per_floor":[70,70,70,65,65,65,65,65,65,65,65,65,65,65,65,65,65,65,65,65,65,65,65,65,65,65,65,65,65,65,65,65,65,65,65,65,65,65,65,65,65,65,65,65,65,65,65,65,65,65],"card_choices":[{"not_picked":["Eviscerate","Cloak And Dagger","Prepared"],"picked":"SKIP","floor":1},{"not_picked":["Flying Knee","Quick Slash","Sucker Punch"],"picked":"SKIP","floor":2},{"not_picked":["Deflect","Deadly Poison"],"picked":"Footwork","floor":3},{"not_picked":["Deadly Poison","After Image","Outmaneuver"],"picked":"SKIP","floor":8},{"not_picked":["Quick Slash","Catalyst","Slice"],"picked":"SKIP","floor":10},{"not_picked":["Deflect","Glass Knife"],"picked":"Leg Sweep","floor":12},{"not_picked":["Dagger Spray","Dagger Throw"],"picked":"Infinite Blades","floor":14},{"not_picked":["Phantasmal Killer","Bullet Time"],"picked":"A Thousand Cuts","floor":16},{"not_picked":["Dagger Spray","Eviscerate"],"picked":"Caltrops","floor":18},{"not_picked":["Crippling Poison","Skewer+1"],"picked":"Dash","floor":20},{"not_picked":["Outmaneuver","Infinite Blades"],"picked":"Backstab+1","floor":22},{"not_picked":["Infinite Blades","Acrobatics","Bane+1"],"picked":"SKIP","floor":24},{"not_picked":["Dodge and Roll","Slice"],"picked":"Terror+1","floor":27},{"not_picked":["Flying Knee+1","Blur"],"picked":"Adrenaline","floor":31},{"not_picked":["Tactician","Tools of the Trade"],"picked":"Die Die Die","floor":33},{"not_picked":["Poisoned Stab"],"picked":"SKIP","floor":35},{"not_picked":["Sucker Punch"],"picked":"SKIP","floor":38},{"not_picked":[],"picked":"Calculated Gamble+1","floor":40},{"not_picked":["Dagger Throw"],"picked":"Leg Sweep+1","floor":42},{"not_picked":["Terror"],"picked":"Well Laid Plans","floor":47},{"not_picked":["Outmaneuver+1","Masterful Stab"],"picked":"SKIP","floor":48}],"player_experience":495052,"relics_obtained":[{"floor":8,"key":"Darkstone Periapt"},{"floor":9,"key":"Orichalcum"},{"floor":12,"key":"Tingsha"},{"floor":26,"key":"Mummified Hand"},{"floor":30,"key":"Blood Vial"},{"floor":37,"key":"Bird Faced Urn"},{"floor":40,"key":"Question Card"},{"floor":42,"key":"Calipers"},{"floor":43,"key":"Bottled Tornado"},{"floor":48,"key":"Ancient Tea Set"}],"event_choices":[{"event_name":"Golden Idol","player_choice":"Lose Max HP","floor":4,"damage_taken":0},{"event_name":"Big Fish","player_choice":"Banana","floor":5,"damage_taken":0},{"event_name":"The Cleric","player_choice":"Card Removal","floor":7,"damage_taken":0},{"event_name":"Purifier","player_choice":"One Purge","floor":21,"damage_taken":0},{"event_name":"Bonfire Elementals","player_choice":"COMMON","floor":29,"damage_taken":0},{"event_name":"The Moai Head","player_choice":"Gave Idol","floor":39,"damage_taken":0},{"event_name":"MindBloom","player_choice":"Fight","floor":42,"damage_taken":0},{"event_name":"Tomb of Lord Red Mask","player_choice":"Ignored","floor":44,"damage_taken":0},{"event_name":"Falling","player_choice":"Removed Skill","floor":46,"damage_taken":0}],"boss_relics":[{"not_picked":["Eternal Feather","Orrery"],"picked":"Sozu"},{"not_picked":["Astrolabe","Fusion Hammer"],"picked":"Busted Crown"}],"items_purged_floors":[19],"is_endless":false,"potions_floor_spawned":[2,10,16,22,33,35,38],"ascension_level":6}