{"gold_per_floor":[116,116,135,100,115,115,150,150,174,174,202,202,219,253,253,348,348,359,359,359,374,250,250,269,300,373,373,288,346,346,346],"floor_reached":31,"playtime":1096,"items_purged":["Bash+1"],"score":364,"play_id":"fc594784-94a5-4a0a-bc73-6e8fd3645076","local_time":"20191009084542","is_ascension_mode":false,"campfire_choices":[{"data":"Demon Form","floor":6.0,"key":"SMITH"},{"data":"Shrug It Off","floor":8.0,"key":"SMITH"},{"floor":10.0,"key":"REST"},{"data":"Iron Wave","floor":12.0,"key":"SMITH"},{"data":"Shrug It Off","floor":15.0,"key":"SMITH"},{"data":"Battle Trance","floor":23.0,"key":"SMITH"},{"floor":27.0,"key":"REST"},{"floor":30.0,"key":"REST"}],"neow_cost":"NONE","seed_source_timestamp":0,"circlet_count":0,"master_deck":["Iron Wave+1","Demon Form+1","Shrug It Off+1","Shrug It Off+1","Battle Trance+1","Cleave+1"],"special_seed":0,"relics":["Pandora\u0027s Box","Smiling Mask","Mummified Hand","The Courier","Tiny Chest"],"potions_floor_usage":[],"damage_taken":[{"damage":15.0,"enemies":"2 Louse","floor":1.0,"turns":4.0},{"damage":25.0,"enemies":"Jaw Worm","floor":3.0,"turns":4.0},{"damage":0.0,"enemies":"Small Slimes","floor":5.0,"turns":3.0},{"damage":18.0,"enemies":"3 Sentries","floor":7.0,"turns":7.0},{"damage":0.0,"enemies":"Lagavulin","floor":11.0,"turns":5.0},{"damage":7.0,"enemies":"Exordium Wildlife","floor":13.0,"turns":4.0},{"damage":9.0,"enemies":"3 Sentries","floor":14.0,"turns":7.0},{"damage":0.0,"enemies":"The Guardian","floor":16.0,"turns":9.0},{"damage":12.0,"enemies":"Shell Parasite","floor":18.0,"turns":6.0},{"damage":0.0,"enemies":"Chosen","floor":21.0,"turns":5.0},{"damage":0.0,"enemies":"Snake Plant","floor":24.0,"turns":7.0},{"damage":31.0,"enemies":"Gremlin Leader","floor":25.0,"turns":5.0},{"damage":36.0,"enemies":"Slavers","floor":29.0,"turns":4.0},{"damage":0,"enemies":"Sentry and Sphere","floor":31,"turns":1}],"seed_played":"6787576769495479408","potions_obtained":[{"floor":3.0,"key":"SkillPotion"},{"floor":7.0,"key":"LiquidBronze"},{"floor":11.0,"key":"Dexterity Potion"},{"floor":13.0,"key":"Regen Potion"},{"floor":24.0,"key":"PowerPotion"}],"is_trial":false,"path_per_floor":["M","?","M","?","M","R","E","R","T","R","E","R","M","E","R","B",null,"M","?","$","M","$","R","M","E","T","R","?","E","R","M"],"character_chosen":"IRONCLAD","items_purchased":["Dexterity Potion"],"campfire_rested":3,"item_purchase_floors":[22],"current_hp_per_floor":[65,49,24,44,44,44,26,26,26,50,50,50,43,34,34,34,80,68,68,68,68,68,68,68,37,37,61,61,25,49,49],"gold":346,"neow_bonus":"BOSS_RELIC","is_prod":false,"is_daily":false,"chose_seed":false,"campfire_upgraded":5,"win_rate":0,"timestamp":1570635942,"path_taken":["M","?","M","?","M","R","E","R","T","R","E","R","M","E","R","BOSS","M","?","$","M","$","R","M","E","T","R","?","E","R","?"],"build_version":"2019-07-17","purchased_purges":1,"victory":false,"max_hp_per_floor":[80,80,80,80,80,80,80,80,80,80,80,80,80,80,80,80,80,80,80,80,80,80,80,80,80,80,80,80,80,80,80],"card_choices":[{"not_picked":["Thunderclap","Combust","Anger"],"picked":"SKIP","floor":1.0},{"not_picked":["Sentinel","Uppercut"],"picked":"Iron Wave","floor":3.0},{"not_picked":["Sword Boomerang","Thunderclap"],"picked":"Demon Form","floor":5.0},{"not_picked":["Havoc","Rage"],"picked":"Shrug It Off","floor":7.0},{"not_picked":["Rupture","Hemokinesis","Power Through"],"picked":"SKIP","floor":11.0},{"not_picked":["Wild Strike","Anger","Double Tap"],"picked":"SKIP","floor":13.0},{"not_picked":["Headbutt","Seeing Red"],"picked":"Shrug It Off","floor":14.0},{"not_picked":["Warcry+1","Perfected Strike"],"picked":"Battle Trance","floor":18.0},{"not_picked":["Flex+1","Sentinel+1"],"picked":"Cleave+1","floor":21.0},{"not_picked":["Demon Form","Flex","Iron Wave"],"picked":"SKIP","floor":24.0},{"not_picked":["Exhume","Heavy Blade","Body Slam"],"picked":"SKIP","floor":25.0},{"not_picked":["Flex+1","Pommel Strike+1","Cleave"],"picked":"SKIP","floor":29.0}],"player_experience":370331,"relics_obtained":[{"floor":25.0,"key":"Smiling Mask"},{"floor":26.0,"key":"Mummified Hand"},{"floor":29.0,"key":"Tiny Chest"}],"event_choices":[{"damage_healed":0.0,"max_hp_gain":0.0,"max_hp_loss":0.0,"gold_gain":0.0,"event_name":"Shining Light","player_choice":"Entered Light","floor":2.0,"gold_loss":0.0,"damage_taken":16.0,"cards_upgraded":["Bash"]},{"damage_healed":20.0,"max_hp_gain":0.0,"max_hp_loss":0.0,"gold_gain":0.0,"event_name":"The Cleric","player_choice":"Healed","floor":4.0,"gold_loss":35.0,"damage_taken":0.0},{"damage_healed":0.0,"max_hp_gain":0.0,"max_hp_loss":0.0,"gold_gain":0.0,"event_name":"Vampires","player_choice":"Ignored","floor":19.0,"gold_loss":0.0,"damage_taken":0.0},{"damage_healed":0.0,"max_hp_gain":0.0,"max_hp_loss":0.0,"gold_gain":0.0,"event_name":"Addict","player_choice":"Obtained Relic","floor":28.0,"gold_loss":85.0,"damage_taken":0.0,"relics_obtained":["The Courier"]}],"is_beta":false,"boss_relics":[{"not_picked":["Sozu","Lizard Tail","Empty Cage"]}],"items_purged_floors":[22],"is_endless":false,"potions_floor_spawned":[3,7,11,13,16,18,24,29],"killed_by":"Sentry and Sphere","ascension_level":0}