{"gold_per_floor":[114,16,16,28,47,73,73,83,110,185,185,200,213,224,224,322,372,391,490,366,366,378,378,378],"floor_reached":24,"playtime":1189,"items_purged":["Strike_B"],"score":312,"play_id":"8ef7aeef-d9f2-4ca2-b7ed-0ff3a737f7d0","local_time":"20190420093304","is_ascension_mode":true,"campfire_choices":[{"data":"Coolheaded","floor":7.0,"key":"SMITH"},{"data":"Turbo","floor":11.0,"key":"SMITH"},{"floor":15.0,"key":"REST"},{"data":"Defragment","floor":23.0,"key":"SMITH"}],"neow_cost":"NONE","seed_source_timestamp":921315063096615,"circlet_count":0,"master_deck":["Strike_B+1","Strike_B","Strike_B","Defend_B","Defend_B","Defend_B","Defend_B","Zap","Dualcast","Turbo+1","Defragment","Coolheaded+1","Defragment+1","Hologram","Capacitor","Auto Shields","Barrage","Seek","Turbo"],"special_seed":0,"relics":["Runic Pyramid","Strawberry","Bag of Marbles","Tiny House","MutagenicStrength"],"potions_floor_usage":[24],"damage_taken":[{"damage":19.0,"enemies":"Small Slimes","floor":1.0,"turns":5.0},{"damage":0.0,"enemies":"Cultist","floor":4.0,"turns":5.0},{"damage":9.0,"enemies":"2 Louse","floor":5.0,"turns":4.0},{"damage":16.0,"enemies":"Lagavulin","floor":6.0,"turns":7.0},{"damage":2.0,"enemies":"Looter","floor":8.0,"turns":3.0},{"damage":0.0,"enemies":"3 Louse","floor":12.0,"turns":5.0},{"damage":0.0,"enemies":"2 Fungi Beasts","floor":13.0,"turns":4.0},{"damage":6.0,"enemies":"Blue Slaver","floor":14.0,"turns":4.0},{"damage":10.0,"enemies":"The Guardian","floor":16.0,"turns":13.0},{"damage":6.0,"enemies":"Spheric Guardian","floor":18.0,"turns":6.0},{"damage":24.0,"enemies":"2 Thieves","floor":22.0,"turns":5.0},{"damage":70,"enemies":"Book of Stabbing","floor":24,"turns":6}],"seed_played":"-4080141237703823706","potions_obtained":[{"floor":4.0,"key":"Swift Potion"},{"floor":6.0,"key":"Weak Potion"},{"floor":12.0,"key":"SkillPotion"},{"floor":13.0,"key":"Explosive Potion"},{"floor":16.0,"key":"SteroidPotion"},{"floor":17.0,"key":"Fruit Juice"},{"floor":18.0,"key":"SpeedPotion"}],"is_trial":false,"path_per_floor":["M","$","?","M","M","E","R","M","T","?","R","M","M","M","R","B",null,"M","?","$","?","M","R","E"],"character_chosen":"DEFECT","items_purchased":["Defragment","Coolheaded","Turbo"],"campfire_rested":1,"item_purchase_floors":[2,2,20],"current_hp_per_floor":[49,49,49,49,40,31,31,29,29,21,21,21,21,15,39,29,79,73,73,73,73,49,49,0],"gold":378,"neow_bonus":"BOSS_RELIC","is_prod":false,"is_daily":false,"chose_seed":false,"campfire_upgraded":3,"win_rate":0,"timestamp":1555777984,"path_taken":["M","$","?","M","M","E","R","M","T","?","R","M","?","M","R","BOSS","M","?","$","?","M","R","E"],"build_version":"2019-01-23","purchased_purges":1,"victory":false,"max_hp_per_floor":[75,75,75,75,75,82,82,82,82,82,82,82,82,82,82,82,92,92,92,92,92,92,92,92],"card_choices":[{"not_picked":["Beam Cell","Consume"],"picked":"Turbo","floor":1.0},{"not_picked":["Cold Snap","Doom and Gloom"],"picked":"Defragment","floor":4.0},{"not_picked":["Steam Power","Rebound","Ball Lightning"],"picked":"SKIP","floor":5.0},{"not_picked":["Redo","Rebound"],"picked":"Hologram","floor":6.0},{"not_picked":["Go for the Eyes","Barrage"],"picked":"Capacitor","floor":8.0},{"not_picked":["Redo","Rebound"],"picked":"Auto Shields","floor":12.0},{"not_picked":["Heatsinks","Leap"],"picked":"Barrage","floor":13.0},{"not_picked":["Cold Snap","Compile Driver","Heatsinks"],"picked":"SKIP","floor":14.0},{"not_picked":["All For One","Hyperbeam"],"picked":"Seek","floor":16.0},{"not_picked":["Storm","Conserve Battery","Consume"],"picked":"SKIP","floor":18.0},{"not_picked":["Streamline","Rebound","Ball Lightning"],"picked":"SKIP","floor":22.0}],"player_experience":105242,"relics_obtained":[{"floor":6.0,"key":"Strawberry"},{"floor":9.0,"key":"Bag of Marbles"}],"event_choices":[{"damage_healed":0.0,"max_hp_gain":0.0,"max_hp_loss":0.0,"gold_gain":0.0,"event_name":"Shining Light","player_choice":"Ignored","floor":3.0,"gold_loss":0.0,"damage_taken":0.0},{"damage_healed":0.0,"max_hp_gain":0.0,"max_hp_loss":0.0,"gold_gain":75.0,"event_name":"FaceTrader","player_choice":"Touch","floor":10.0,"gold_loss":0.0,"damage_taken":8.0},{"damage_healed":0.0,"max_hp_gain":0.0,"max_hp_loss":0.0,"gold_gain":99.0,"event_name":"Nest","player_choice":"Stole From Cult","floor":19.0,"gold_loss":0.0,"damage_taken":0.0},{"damage_healed":0.0,"max_hp_gain":0.0,"max_hp_loss":0.0,"gold_gain":0.0,"event_name":"Drug Dealer","player_choice":"Inject Mutagens","floor":21.0,"gold_loss":0.0,"damage_taken":0.0,"relics_obtained":["MutagenicStrength"]}],"is_beta":false,"boss_relics":[{"not_picked":["Fusion Hammer","Runic Dome"],"picked":"Tiny House"}],"items_purged_floors":[20],"is_endless":false,"potions_floor_spawned":[4,6,12,13,16,18],"killed_by":"Book of Stabbing","ascension_level":9}