{"gold_per_floor":[109,109,109,384,221,221,246,246,322,347,347,374,388,408,408,481,481,481],"floor_reached":18,"playtime":723,"items_purged":["Regret"],"score":291,"play_id":"642e446a-d849-4ae9-85f7-ae28cbfab438","local_time":"20190516044709","is_ascension_mode":true,"campfire_choices":[{"data":"Spot Weakness","floor":6,"key":"SMITH"},{"floor":8,"key":"REST"},{"data":"Uppercut","floor":11,"key":"SMITH"},{"floor":15,"key":"REST"}],"neow_cost":"PERCENT_DAMAGE","seed_source_timestamp":192708726592600,"circlet_count":0,"master_deck":["AscendersBane","Bash","Spot Weakness+1","Uppercut+1","Flame Barrier","Power Through","Feel No Pain","Pommel Strike","Heavy Blade","Limit Break","Battle Trance","Ghostly Armor","Ghostly Armor","Searing Blow","Flex","Fire Breathing","Flex"],"relics":["Burning Blood","Juzu Bracelet","Gremlin Horn","Bag of Preparation","Odd Mushroom","Pandora\u0027s Box"],"potions_floor_usage":[7,7,12,16],"damage_taken":[{"damage":7,"enemies":"Small Slimes","floor":1,"turns":4},{"damage":22,"enemies":"Gremlin Nob","floor":7,"turns":4},{"damage":26,"enemies":"3 Sentries","floor":10,"turns":10},{"damage":8,"enemies":"The Mushroom Lair","floor":12,"turns":5},{"damage":0,"enemies":"Jaw Worm","floor":13,"turns":3},{"damage":0,"enemies":"Cultist","floor":14,"turns":3},{"damage":26,"enemies":"The Guardian","floor":16,"turns":12},{"damage":71,"enemies":"3 Byrds","floor":18,"turns":6}],"seed_played":"3774311059016419698","potions_obtained":[{"floor":1,"key":"Weak Potion"},{"floor":10,"key":"PowerPotion"},{"floor":13,"key":"FearPotion"}],"is_trial":false,"path_per_floor":["M","?","?","?","$","R","E","R","T","E","R","?","M","M","R","B",null,"M"],"character_chosen":"IRONCLAD","items_purchased":["Uppercut","Strength Potion"],"campfire_rested":2,"item_purchase_floors":[5,5],"current_hp_per_floor":[49,54,30,30,30,30,14,38,38,18,18,16,22,28,52,32,68,0],"gold":481,"neow_bonus":"REMOVE_TWO","is_prod":false,"is_daily":false,"chose_seed":false,"campfire_upgraded":2,"win_rate":0,"timestamp":1557974829,"path_taken":["M","?","?","?","$","R","E","R","T","E","R","?","M","M","R","BOSS","M"],"build_version":"2019-01-23","purchased_purges":1,"victory":false,"max_hp_per_floor":[75,80,80,80,80,80,80,80,80,80,80,80,80,80,80,80,80,80],"card_choices":[{"not_picked":["Headbutt","Battle Trance"],"picked":"Spot Weakness","floor":1},{"not_picked":["Anger","Carnage"],"picked":"Flame Barrier","floor":7},{"not_picked":["Corruption","Sever Soul"],"picked":"Power Through","floor":10},{"not_picked":["Burning Pact","Intimidate"],"picked":"Feel No Pain","floor":12},{"not_picked":["Spot Weakness","Metallicize"],"picked":"Pommel Strike","floor":13},{"not_picked":["Flex","Battle Trance"],"picked":"Heavy Blade","floor":14},{"not_picked":["Immolate","Juggernaut"],"picked":"Limit Break","floor":16}],"player_experience":1113251,"relics_obtained":[{"floor":7,"key":"Juzu Bracelet"},{"floor":9,"key":"Gremlin Horn"},{"floor":10,"key":"Bag of Preparation"},{"floor":12,"key":"Odd Mushroom"}],"event_choices":[{"damage_healed":0,"gold_gain":0,"player_choice":"Donut","damage_taken":0,"max_hp_gain":5,"max_hp_loss":0,"event_name":"Big Fish","floor":2,"gold_loss":0},{"damage_healed":0,"gold_gain":0,"player_choice":"Entered Light","damage_taken":24,"max_hp_gain":0,"max_hp_loss":0,"event_name":"Shining Light","floor":3,"gold_loss":0,"cards_upgraded":["Defend_R","Defend_R"]},{"damage_healed":0,"gold_gain":275,"player_choice":"Desecrate","damage_taken":0,"max_hp_gain":0,"max_hp_loss":0,"event_name":"Golden Shrine","floor":4,"gold_loss":0,"cards_obtained":["Regret"]},{"damage_healed":0,"gold_gain":0,"player_choice":"Fought Mushrooms","damage_taken":0,"max_hp_gain":0,"max_hp_loss":0,"event_name":"Mushrooms","floor":12,"gold_loss":0}],"is_beta":false,"boss_relics":[{"not_picked":["Lizard Tail","Velvet Choker"],"picked":"Pandora\u0027s Box"}],"items_purged_floors":[5],"is_endless":false,"potions_floor_spawned":[1,10,13],"killed_by":"3 Byrds","ascension_level":15}