{"path_per_floor":["M","?","M","M","M","E","M","E","T","E","?","E","?","M","R","B",null,"M","$","?","?","?","E","R","?","T","?","E","?","$","?","R"],"character_chosen":"IRONCLAD","items_purchased":["Juzu Bracelet","Mango","Strength Potion"],"gold_per_floor":[113,113,131,142,154,188,204,234,260,291,291,318,318,331,331,433,433,445,1,1,1,1,29,29,29,29,29,58,58,9,9,9],"floor_reached":33,"campfire_rested":2,"playtime":2583,"current_hp_per_floor":[80,80,79,76,80,59,62,58,58,59,52,42,26,32,56,42,80,80,94,94,94,94,77,77,77,77,77,38,38,38,38,66],"items_purged":[],"gold":9,"play_id":"7db08093-9a2f-4312-8be0-0e54513237e4","is_prod":false,"is_daily":false,"campfire_rituals":0,"campfire_upgraded":1,"is_hardmode":false,"path_taken":["M","?","?","M","M","E","M","E","T","E","?","E","?","M","R","BOSS","M","$","?","?","?","E","R","?","T","?","E","?","$","?","R","BOSS"],"build_version":"2018-01-11-PROD2","purchased_purges":0,"victory":false,"master_deck":["Strike_R","Strike_R","Strike_R","Strike_R","Strike_R","Defend_R","Defend_R","Defend_R","Bash","Fire Breathing","Rampage","Pommel Strike","Infernal Blade","Metallicize","Perfected Strike","Shrug It Off","Pommel Strike","Seeing Red","Limit Break","Infernal Blade","Spot Weakness","Reckless Charge","Demon Form","Armaments"],"max_hp_per_floor":[80,80,80,80,80,80,80,80,80,80,80,80,80,80,80,80,80,80,94,94,94,94,94,94,94,94,94,94,94,94,94,94],"relics":["Black Blood","Bronze Scales","War Paint","Charon\u0027s Ashes","Orichalcum","Dodecahedron","Matryoshka","Thread and Needle","Juzu Bracelet","Mango","Torii","Prayer Wheel","Meat on the Bone","Toolbox","Happy Flower","Ornamental Fan"],"campfire_meditates":0,"card_choices":[{"not_picked":["Body Slam","Warcry"],"picked":"Fire Breathing"},{"not_picked":["Headbutt","Sword Boomerang"],"picked":"Rampage"},{"not_picked":["Juggernaut","Clash"],"picked":"Pommel Strike"},{"not_picked":["Shrug It Off","Heavy Blade"],"picked":"Infernal Blade"},{"not_picked":["Shockwave","Armaments"],"picked":"Metallicize"},{"not_picked":["Intimidate","Dropkick"],"picked":"Perfected Strike"},{"not_picked":["Heavy Blade","Armaments"],"picked":"Shrug It Off"},{"not_picked":["Clothesline","Flex"],"picked":"Pommel Strike"},{"not_picked":["Corruption","Double Tap"],"picked":"Seeing Red"},{"not_picked":["Reaper","Double Tap"],"picked":"Limit Break"},{"not_picked":["Headbutt","Heavy Blade"],"picked":"Infernal Blade"},{"not_picked":["Iron Wave","Sword Boomerang"],"picked":"Demon Form"},{"not_picked":["Clash","Corruption"],"picked":"Armaments"}],"player_experience":21869,"potions_floor_usage":[6,16,16,28,33,33],"damage_taken":[{"damage":0,"enemies":"Small Slimes","floor":1,"turns":3},{"damage":7,"enemies":"2 Louse","floor":3,"turns":3},{"damage":9,"enemies":"Blue Slaver","floor":4,"turns":4},{"damage":0,"enemies":"3 Louse","floor":5,"turns":3},{"damage":27,"enemies":"Gremlin Nob","floor":6,"turns":4},{"damage":3,"enemies":"Exordium Wildlife","floor":7,"turns":4},{"damage":10,"enemies":"3 Sentries","floor":8,"turns":5},{"damage":5,"enemies":"Gremlin Nob","floor":10,"turns":4},{"damage":16,"enemies":"Lagavulin","floor":12,"turns":5},{"damage":0,"enemies":"2 Fungi Beasts","floor":14,"turns":3},{"damage":35,"enemies":"The Guardian","floor":16,"turns":7},{"damage":0,"enemies":"3 Byrds","floor":18,"turns":2},{"damage":27,"enemies":"Gremlin Leader","floor":23,"turns":6},{"damage":70,"enemies":"Slavers","floor":28,"turns":7},{"damage":89,"enemies":"Collector","floor":33,"turns":8}],"event_choices":[{"event_name":"Golden Wing","player_choice":"Ignored","floor":2,"damage_taken":0},{"event_name":"Scrap Ooze","player_choice":"success","floor":11,"damage_taken":7},{"event_name":"Shining Light","player_choice":"Entered Light","floor":13,"damage_taken":0},{"event_name":"The Library","player_choice":"Read","floor":20,"damage_taken":0},{"event_name":"Transmorgrifier","player_choice":"Transform","floor":21,"damage_taken":0},{"event_name":"The Lab","player_choice":"Got Potions","floor":22,"damage_taken":0},{"event_name":"Accursed Blacksmith","player_choice":"Forge","floor":25,"damage_taken":0},{"event_name":"The Mausoleum","player_choice":"Yes","floor":27,"damage_taken":0},{"event_name":"Wheel of Change","player_choice":"Relic","floor":29,"damage_taken":0},{"event_name":"Addict","player_choice":"Ignored","floor":31,"damage_taken":0}],"boss_relics":[{"not_picked":["Runic Pyramid","Black Star"],"picked":"Black Blood"}],"potions_floor_spawned":[1,6,7,14,23],"seed_played":"2771266540337718048","killed_by":"Collector","is_trial":false}