{"gold_per_floor":[113,123,141,151,167,199,199,179,179,194,210,210,56,56,56,133,133,133,133,151,151,165,165,165,165,211,211,225,240,240,55,55,134,434,452,78,91,91],"floor_reached":38,"playtime":1902,"items_purged":["Injury","Normality"],"score":785,"play_id":"7f651c29-8b17-4c48-ad30-e3aa3bd864cd","local_time":"20190117221302","is_ascension_mode":true,"campfire_choices":[{"floor":7.0,"key":"REST"},{"data":"Bouncing Flask","floor":12.0,"key":"SMITH"},{"data":"Cloak And Dagger","floor":15.0,"key":"SMITH"},{"floor":23.0,"key":"REST"},{"data":"A Thousand Cuts","floor":25.0,"key":"SMITH"},{"floor":27.0,"key":"REST"},{"data":"After Image","floor":32.0,"key":"SMITH"}],"neow_cost":"NONE","seed_source_timestamp":702559273533855,"circlet_count":0,"master_deck":["AscendersBane","Defend_G+1","Defend_G+1","Defend_G+1","Defend_G+1","Defend_G+1","Strike_G+1","Strike_G+1","Survivor","Neutralize","Dash","Poisoned Stab","Dagger Spray","Finisher","Blade Dance+1","Envenom+1","Bouncing Flask","Bouncing Flask+1","Cloak And Dagger+1","PiercingWail","A Thousand Cuts+1","Acrobatics+1","Venomology+1","Burst+1","Cloak And Dagger+1","Backflip","Parasite","After Image+1","Blade Dance","Ghostly","Ghostly","Ghostly","Leg Sweep","Well Laid Plans","Predator","A Thousand Cuts","Regret","Clumsy","Catalyst","Sadistic Nature","Caltrops","Blade Dance+1"],"special_seed":0,"relics":["Cursed Key","Bronze Scales","Darkstone Periapt","Astrolabe","War Paint","Calling Bell","Blood Vial","Pantograph","Old Coin"],"potions_floor_usage":[38,38],"damage_taken":[{"damage":1.0,"enemies":"2 Louse","floor":1.0,"turns":4.0},{"damage":1.0,"enemies":"Cultist","floor":2.0,"turns":5.0},{"damage":1.0,"enemies":"Small Slimes","floor":3.0,"turns":3.0},{"damage":0.0,"enemies":"2 Fungi Beasts","floor":4.0,"turns":3.0},{"damage":13.0,"enemies":"3 Louse","floor":5.0,"turns":3.0},{"damage":7.0,"enemies":"3 Sentries","floor":6.0,"turns":10.0},{"damage":12.0,"enemies":"Exordium Wildlife","floor":10.0,"turns":3.0},{"damage":0.0,"enemies":"Blue Slaver","floor":11.0,"turns":2.0},{"damage":28.0,"enemies":"The Guardian","floor":16.0,"turns":9.0},{"damage":2.0,"enemies":"Chosen","floor":18.0,"turns":3.0},{"damage":23.0,"enemies":"2 Thieves","floor":20.0,"turns":3.0},{"damage":4.0,"enemies":"Snake Plant","floor":22.0,"turns":3.0},{"damage":0.0,"enemies":"Snecko","floor":24.0,"turns":3.0},{"damage":0.0,"enemies":"Centurion and Healer","floor":28.0,"turns":6.0},{"damage":10.0,"enemies":"Cultist and Chosen","floor":29.0,"turns":5.0},{"damage":4.0,"enemies":"Champ","floor":33.0,"turns":11.0},{"damage":34.0,"enemies":"3 Darklings","floor":35.0,"turns":4.0},{"damage":2.0,"enemies":"3 Shapes","floor":37.0,"turns":5.0},{"damage":22,"enemies":"Spire Growth","floor":38,"turns":5}],"seed_played":"2740601438989267701","potions_obtained":[{"floor":1.0,"key":"Ancient Potion"},{"floor":2.0,"key":"LiquidBronze"},{"floor":3.0,"key":"Block Potion"},{"floor":8.0,"key":"SmokeBomb"},{"floor":20.0,"key":"SkillPotion"},{"floor":28.0,"key":"Explosive Potion"},{"floor":29.0,"key":"AttackPotion"},{"floor":35.0,"key":"Dexterity Potion"}],"is_trial":false,"path_per_floor":["M","M","M","M","M","E","R","?","T","M","M","R","$","?","R","B",null,"M","?","M","?","M","R","M","R","T","R","M","M","?","$","R","B",null,"M","$","M","M"],"character_chosen":"THE_SILENT","items_purchased":["Cloak And Dagger","PiercingWail","Leg Sweep","Well Laid Plans","Predator","Sadistic Nature","Caltrops"],"campfire_rested":3,"item_purchase_floors":[13,13,31,31,31,36,36],"current_hp_per_floor":[58,57,56,56,43,36,55,55,55,43,43,43,43,43,43,15,53,51,51,28,28,24,43,43,43,49,70,70,60,36,36,36,32,53,20,20,20,0],"gold":91,"neow_bonus":"BOSS_RELIC","is_prod":false,"is_daily":false,"chose_seed":false,"campfire_upgraded":4,"win_rate":0,"timestamp":1547759582,"path_taken":["M","M","M","M","M","E","R","?","T","M","?","R","?","?","R","BOSS","M","?","M","?","M","R","M","R","T","R","M","M","?","$","R","BOSS","M","$","M","M"],"build_version":"2019-01-10","purchased_purges":2,"victory":false,"max_hp_per_floor":[66,66,66,66,66,66,66,66,66,66,66,66,66,66,66,66,66,66,66,66,66,66,66,66,66,72,72,72,72,36,36,36,36,54,54,54,54,54],"card_choices":[{"not_picked":["Crippling Poison","Slice"],"picked":"Dash","floor":1.0},{"not_picked":["Underhanded Strike","PiercingWail"],"picked":"Poisoned Stab","floor":2.0},{"not_picked":["Deflect","Bane"],"picked":"Dagger Spray","floor":3.0},{"not_picked":["Flying Knee","Sucker Punch"],"picked":"Finisher","floor":4.0},{"not_picked":["Bane","Sucker Punch"],"picked":"Blade Dance","floor":5.0},{"not_picked":["Concentrate","Escape Plan"],"picked":"Envenom","floor":6.0},{"not_picked":["Outmaneuver","Flying Knee"],"picked":"Bouncing Flask","floor":10.0},{"not_picked":["Deflect","Sucker Punch"],"picked":"Bouncing Flask","floor":11.0},{"not_picked":["Envenom","Night Terror"],"picked":"A Thousand Cuts","floor":16.0},{"not_picked":["Bouncing Flask","Dagger Spray"],"picked":"Cloak And Dagger","floor":20.0},{"not_picked":["PiercingWail+1","Acrobatics"],"picked":"Backflip","floor":22.0},{"not_picked":["Sucker Punch","Underhanded Strike+1"],"picked":"After Image","floor":28.0},{"not_picked":["Backflip","Skewer"],"picked":"Blade Dance","floor":29.0},{"not_picked":["Glass Knife","Malaise"],"picked":"A Thousand Cuts","floor":33.0},{"not_picked":["Dash","Crippling Poison"],"picked":"Catalyst","floor":35.0},{"not_picked":["Blur","Flechettes"],"picked":"Blade Dance+1","floor":37.0}],"player_experience":605017,"relics_obtained":[{"floor":6.0,"key":"Bronze Scales"},{"floor":9.0,"key":"Darkstone Periapt"},{"floor":26.0,"key":"War Paint"},{"floor":34.0,"key":"Blood Vial"},{"floor":34.0,"key":"Pantograph"},{"floor":34.0,"key":"Old Coin"}],"event_choices":[{"damage_healed":0.0,"max_hp_gain":0.0,"max_hp_loss":0.0,"gold_gain":0.0,"event_name":"The Woman in Blue","player_choice":"Bought 1 Potion","floor":8.0,"gold_loss":0.0,"damage_taken":0.0},{"damage_healed":0.0,"max_hp_gain":0.0,"max_hp_loss":0.0,"gold_gain":0.0,"event_name":"Living Wall","player_choice":"Grow","floor":14.0,"gold_loss":0.0,"damage_taken":0.0,"cards_upgraded":["Envenom"]},{"damage_healed":0.0,"max_hp_gain":0.0,"max_hp_loss":0.0,"gold_gain":0.0,"event_name":"Back to Basics","player_choice":"Simplicity","floor":19.0,"gold_loss":0.0,"damage_taken":0.0,"cards_upgraded":["Defend_G","Defend_G","Defend_G","Defend_G","Defend_G","Strike_G","Strike_G"]},{"damage_healed":0.0,"max_hp_gain":0.0,"max_hp_loss":0.0,"gold_gain":0.0,"event_name":"Cursed Tome","player_choice":"Ignored","floor":21.0,"gold_loss":0.0,"damage_taken":0.0},{"damage_healed":0.0,"max_hp_gain":0.0,"max_hp_loss":36.0,"gold_gain":0.0,"event_name":"Ghosts","player_choice":"Became a Ghost","floor":30.0,"gold_loss":0.0,"damage_taken":0.0,"cards_obtained":["Ghostly","Ghostly","Ghostly"]}],"is_beta":false,"boss_relics":[{"not_picked":["Lizard Tail","Black Star"],"picked":"Astrolabe"},{"not_picked":["Tiny House","Velvet Choker"],"picked":"Calling Bell"}],"items_purged_floors":[13,36],"is_endless":false,"potions_floor_spawned":[1,2,3,20,28,29,33,35,37],"killed_by":"Spire Growth","ascension_level":20}