{"gold_per_floor":[118,118,136,136,156,156,181,181,181,146,146,162,178,60,60,133,133,145,145,164,0,0,0,20,31,57,57,69,69,69,69],"floor_reached":31,"playtime":1043,"items_purged":["Strike_B"],"score":450,"play_id":"85868fbc-45fa-483d-85b0-7024dd012c57","local_time":"20190821192212","is_ascension_mode":true,"campfire_choices":[{"data":"Zap","floor":6,"key":"SMITH"},{"floor":11,"key":"REST"},{"floor":15,"key":"REST"},{"floor":23,"key":"REST"},{"floor":27,"key":"REST"},{"floor":29,"key":"REST"}],"neow_cost":"NONE","seed_source_timestamp":655902367271600,"circlet_count":0,"master_deck":["AscendersBane","Defend_B","Defend_B","Defend_B","Defend_B","Zap+1","Dualcast","Redo","Conserve Battery","Chaos","Capacitor","Ball Lightning","Rainbow+1","Capacitor","Biased Cognition","Glacier+1","FTL","Decay","Darkness+1","BootSequence+1","Redo+1","Heatsinks","Heatsinks"],"relics":["Cracked Core","NeowsBlessing","Peace Pipe","Toxic Egg 2","Inserter","Nilry\u0027s Codex","Pen Nib"],"potions_floor_usage":[7,8,25,28],"damage_taken":[{"damage":0,"enemies":"Small Slimes","floor":1,"turns":1},{"damage":0,"enemies":"Cultist","floor":3,"turns":1},{"damage":0,"enemies":"2 Louse","floor":5,"turns":1},{"damage":50,"enemies":"3 Sentries","floor":7,"turns":9},{"damage":0,"enemies":"Looter","floor":8,"turns":1},{"damage":19,"enemies":"3 Louse","floor":12,"turns":4},{"damage":12,"enemies":"Blue Slaver","floor":13,"turns":4},{"damage":24,"enemies":"The Guardian","floor":16,"turns":9},{"damage":27,"enemies":"Chosen","floor":18,"turns":6},{"damage":5,"enemies":"Shell Parasite","floor":20,"turns":7},{"damage":8,"enemies":"Snecko","floor":24,"turns":6},{"damage":14,"enemies":"Shelled Parasite and Fungi","floor":25,"turns":6},{"damage":10,"enemies":"Snake Plant","floor":28,"turns":4},{"damage":38,"enemies":"3 Cultists","floor":31,"turns":4}],"seed_played":"-8599300225301512936","potions_obtained":[{"floor":5,"key":"Explosive Potion"},{"floor":7,"key":"SmokeBomb"},{"floor":16,"key":"LiquidBronze"},{"floor":18,"key":"SteroidPotion"},{"floor":24,"key":"EssenceOfSteel"}],"is_trial":false,"path_per_floor":["M","?","M","$","M","R","E","M","T","?","R","M","M","$","R","B",null,"M","?","M","?","?","R","M","M","T","R","M","R","?","M"],"character_chosen":"DEFECT","items_purchased":["Capacitor"],"campfire_rested":5,"item_purchase_floors":[14],"current_hp_per_floor":[64,64,64,64,64,64,14,14,14,31,52,33,21,21,42,18,58,31,10,5,5,5,26,18,4,4,25,15,36,36,0],"gold":69,"neow_bonus":"THREE_ENEMY_KILL","is_prod":false,"is_daily":false,"chose_seed":false,"campfire_upgraded":1,"win_rate":0,"timestamp":1566408132,"path_taken":["M","?","?","?","M","R","E","M","T","?","R","M","M","$","R","BOSS","M","?","M","?","?","R","?","M","T","R","?","R","?","M"],"build_version":"2019-07-17","purchased_purges":1,"victory":false,"max_hp_per_floor":[71,71,71,71,71,71,71,71,71,71,71,71,71,71,71,71,71,71,71,71,71,71,71,71,71,71,71,71,71,71,71],"card_choices":[{"not_picked":["Streamline","Heatsinks"],"picked":"Redo","floor":1},{"not_picked":["Turbo","Recycle"],"picked":"Conserve Battery","floor":3},{"not_picked":["Consume","Streamline"],"picked":"Chaos","floor":5},{"not_picked":["Compile Driver","Gash"],"picked":"Capacitor","floor":7},{"not_picked":["Double Energy+1","Capacitor"],"picked":"Ball Lightning","floor":12},{"not_picked":["BootSequence+1","Redo+1"],"picked":"Rainbow+1","floor":13},{"not_picked":["Reboot+1","Thunder Strike"],"picked":"Biased Cognition","floor":16},{"not_picked":["Turbo+1","Fusion+1"],"picked":"Glacier+1","floor":18},{"not_picked":["Rebound","Sweeping Beam"],"picked":"FTL","floor":20},{"not_picked":["Hologram+1","Ball Lightning"],"picked":"Darkness+1","floor":24},{"not_picked":["Stack+1","Steam+1"],"picked":"BootSequence+1","floor":25},{"not_picked":["Double Energy+1","Storm"],"picked":"Redo+1","floor":28}],"player_experience":1938146,"relics_obtained":[{"floor":7,"key":"Peace Pipe"},{"floor":9,"key":"Toxic Egg 2"},{"floor":19,"key":"Nilry\u0027s Codex"},{"floor":26,"key":"Pen Nib"}],"event_choices":[{"cards_removed":["Strike_B"],"damage_healed":0,"gold_gain":0,"player_choice":"Offered Basic","damage_taken":0,"max_hp_gain":0,"max_hp_loss":0,"event_name":"Bonfire Elementals","floor":2,"gold_loss":0},{"damage_healed":17,"gold_gain":0,"player_choice":"Healed","damage_taken":0,"max_hp_gain":0,"max_hp_loss":0,"event_name":"The Cleric","floor":10,"gold_loss":35},{"damage_healed":0,"gold_gain":0,"player_choice":"Obtained Book","damage_taken":21,"max_hp_gain":0,"max_hp_loss":0,"event_name":"Cursed Tome","floor":19,"gold_loss":0},{"damage_healed":0,"gold_gain":0,"player_choice":"Paid Fearfully","damage_taken":0,"max_hp_gain":0,"max_hp_loss":0,"event_name":"Masked Bandits","floor":21,"gold_loss":164},{"damage_healed":0,"gold_gain":0,"player_choice":"Smashed Altar","damage_taken":0,"max_hp_gain":0,"max_hp_loss":0,"event_name":"Forgotten Altar","floor":22,"gold_loss":0,"cards_obtained":["Decay"]},{"damage_healed":0,"gold_gain":0,"cards_transformed":["Strike_B","Strike_B"],"player_choice":"Became Test Subject","damage_taken":0,"max_hp_gain":0,"max_hp_loss":0,"event_name":"Drug Dealer","floor":30,"gold_loss":0,"cards_obtained":["Heatsinks","Heatsinks"]}],"is_beta":false,"boss_relics":[{"not_picked":["Sozu","Coffee Dripper"],"picked":"Inserter"}],"items_purged_floors":[14],"is_endless":false,"potions_floor_spawned":[5,7,8,16,18,24],"killed_by":"3 Cultists","ascension_level":18}