{"gold_per_floor":[211,211,225,241,18,18,38,38,38,38,38,55,83,115,127,237,249,277,149,149,162,162,162],"floor_reached":23,"playtime":971,"items_purged":["Strike_R"],"score":284,"play_id":"54a33ccd-b50c-4d95-b256-f1689a9f1876","local_time":"20180809182210","is_ascension_mode":true,"campfire_choices":[{"data":"Bash","floor":6.0,"key":"SMITH"},{"data":"Armaments","floor":8.0,"key":"SMITH"},{"floor":15.0,"key":"REST"}],"neow_cost":"NONE","seed_source_timestamp":0,"circlet_count":0,"master_deck":["Strike_R+1","Defend_R+1","Defend_R+1","Defend_R+1","Defend_R+1","Bash+1","AscendersBane","Cleave","Iron Wave","Clothesline","Armaments+1","Pommel Strike","Impervious","Immolate","Clash+1","Bludgeon","Battle Trance+1"],"special_seed":0,"relics":["Burning Blood","Kunai","Bronze Scales","Bottled Flame","MawBank","Odd Mushroom","Empty Cage","The Courier"],"potions_floor_usage":[23,23],"damage_taken":[{"damage":14.0,"enemies":"Jaw Worm","floor":1.0,"turns":5.0},{"damage":11.0,"enemies":"Cultist","floor":3.0,"turns":4.0},{"damage":6.0,"enemies":"Small Slimes","floor":4.0,"turns":4.0},{"damage":10.0,"enemies":"Red Slaver","floor":7.0,"turns":5.0},{"damage":0.0,"enemies":"Large Slime","floor":12.0,"turns":5.0},{"damage":15.0,"enemies":"Lagavulin","floor":13.0,"turns":6.0},{"damage":24.0,"floor":14.0,"turns":4.0},{"damage":36.0,"enemies":"Slime Boss","floor":16.0,"turns":10.0},{"damage":24.0,"enemies":"Spheric Guardian","floor":18.0,"turns":8.0},{"damage":17,"enemies":"Shell Parasite","floor":21,"turns":4},{"damage":36,"enemies":"Book of Stabbing","floor":23,"turns":7}],"seed_played":"6428957540295613900","potions_obtained":[{"floor":3.0,"key":"FearPotion"},{"floor":4.0,"key":"EssenceOfSteel"},{"floor":13.0,"key":"SteroidPotion"},{"floor":16.0,"key":"PowerPotion"},{"floor":18.0,"key":"SpeedPotion"}],"is_trial":false,"path_per_floor":["M","?","M","M","$","R","M","R","T","?","$","M","E","?","R","B",null,"M","$","?","M","?"],"character_chosen":"IRONCLAD","items_purchased":["Bronze Scales","Bludgeon"],"campfire_rested":1,"item_purchase_floors":[5,19],"current_hp_per_floor":[64,46,41,41,41,41,37,37,37,37,37,43,34,16,40,10,63,45,45,45,34,34,0],"gold":162,"neow_bonus":"HUNDRED_GOLD","is_prod":false,"is_daily":false,"chose_seed":false,"campfire_upgraded":2,"win_rate":0,"timestamp":1533835330,"path_taken":["M","?","M","?","?","R","M","R","T","?","$","M","E","?","R","BOSS","M","$","?","M","?","E"],"build_version":"2018-08-02","purchased_purges":1,"victory":false,"max_hp_per_floor":[80,80,80,80,80,80,80,80,80,80,80,80,80,80,80,80,80,80,80,80,80,80,80],"card_choices":[{"not_picked":["Thunderclap","Iron Wave"],"picked":"Cleave","floor":1.0},{"not_picked":["Perfected Strike","Heavy Blade"],"picked":"Iron Wave","floor":3.0},{"not_picked":["Anger","Havoc"],"picked":"Clothesline","floor":4.0},{"not_picked":["Intimidate","Havoc"],"picked":"Armaments","floor":7.0},{"not_picked":["Headbutt","Armaments"],"picked":"Pommel Strike","floor":12.0},{"not_picked":["Pommel Strike","Sentinel"],"picked":"Impervious","floor":13.0},{"not_picked":["Berserk","Fiend Fire"],"picked":"Immolate","floor":16.0},{"not_picked":["Sword Boomerang","Iron Wave"],"picked":"Clash+1","floor":18.0},{"not_picked":["Anger+1","Body Slam+1"],"picked":"Battle Trance+1","floor":21}],"player_experience":550840,"relics_obtained":[{"floor":9.0,"key":"Bottled Flame"},{"floor":13.0,"key":"MawBank"},{"floor":14.0,"key":"Odd Mushroom"}],"event_choices":[{"event_name":"Scrap Ooze","player_choice":"success","floor":2.0,"damage_taken":18.0},{"event_name":"Purifier","player_choice":"One Purge","floor":10.0,"damage_taken":0.0},{"event_name":"Mushrooms","player_choice":"Fought Mushrooms","floor":14.0,"damage_taken":0.0},{"event_name":"The Mausoleum","player_choice":"Yes","floor":20,"damage_taken":0},{"event_name":"Back to Basics","player_choice":"Simplicity","floor":22,"damage_taken":0}],"is_beta":false,"boss_relics":[{"not_picked":["Busted Crown","Runic Dome"],"picked":"Empty Cage"}],"items_purged_floors":[5],"is_endless":false,"potions_floor_spawned":[3,4,13,16,18],"killed_by":"Book of Stabbing","ascension_level":10}