{"gold_per_floor":[119,131,148,148,148,148,181,181,181,197,222,222,232,247,247,247],"floor_reached":16,"playtime":632,"items_purged":[],"score":202,"play_id":"cb6d2801-d311-4375-b3d2-373910d1b50d","local_time":"20190609154238","is_ascension_mode":true,"campfire_choices":[{"data":"Armaments","floor":6,"key":"SMITH"},{"floor":8,"key":"REST"},{"floor":12,"key":"REST"},{"data":"Shockwave","floor":15,"key":"SMITH"}],"neow_cost":"NONE","seed_source_timestamp":212515268271800,"circlet_count":0,"master_deck":["AscendersBane","Strike_R","Strike_R","Strike_R","Strike_R","Defend_R","Defend_R","Defend_R","Defend_R","Bash+1","Shrug It Off+1","Spot Weakness+1","Armaments+1","Brutality","Headbutt","Flex","Disarm","Shockwave+1","Feed"],"relics":["Burning Blood","Meat on the Bone","PreservedInsect","Art of War"],"potions_floor_usage":[11,13],"damage_taken":[{"damage":1,"enemies":"Cultist","floor":1,"turns":4},{"damage":6,"enemies":"Jaw Worm","floor":2,"turns":4},{"damage":4,"enemies":"Small Slimes","floor":3,"turns":4},{"damage":33,"enemies":"3 Sentries","floor":7,"turns":9},{"damage":4,"enemies":"2 Fungi Beasts","floor":10,"turns":4},{"damage":24,"enemies":"Gremlin Nob","floor":11,"turns":4},{"damage":4,"enemies":"Red Slaver","floor":13,"turns":4},{"damage":13,"enemies":"Looter","floor":14,"turns":5},{"damage":68,"enemies":"Slime Boss","floor":16,"turns":8}],"seed_played":"372511565971178092","potions_obtained":[{"floor":1,"key":"SpeedPotion"},{"floor":7,"key":"Block Potion"}],"is_trial":false,"path_per_floor":["M","M","M","?","?","R","E","R","T","M","E","R","M","M","R","B"],"character_chosen":"IRONCLAD","items_purchased":[],"campfire_rested":2,"item_purchase_floors":[],"current_hp_per_floor":[73,73,75,75,52,52,25,47,47,49,43,65,67,60,60,0],"gold":247,"neow_bonus":"UPGRADE_CARD","is_prod":false,"is_daily":false,"chose_seed":false,"campfire_upgraded":2,"win_rate":0,"timestamp":1560087758,"path_taken":["M","?","?","?","?","R","E","R","T","M","E","R","M","M","R","BOSS"],"build_version":"2019-01-23","purchased_purges":0,"victory":false,"max_hp_per_floor":[75,75,75,75,75,75,75,75,75,75,75,75,75,75,75,75],"card_choices":[{"not_picked":["Burning Pact","Heavy Blade"],"picked":"Shrug It Off","floor":1},{"not_picked":["Perfected Strike","Headbutt"],"picked":"Spot Weakness","floor":2},{"not_picked":["Twin Strike","Thunderclap"],"picked":"Armaments","floor":3},{"not_picked":["Rage","Shrug It Off"],"picked":"Headbutt","floor":7},{"not_picked":["Armaments","Wild Strike"],"picked":"Flex","floor":10},{"not_picked":["Bloodletting","Sever Soul"],"picked":"Disarm","floor":11},{"not_picked":["Heavy Blade","Pommel Strike"],"picked":"Shockwave","floor":13},{"not_picked":["Havoc","Searing Blow"],"picked":"Feed","floor":14}],"player_experience":1258687,"relics_obtained":[{"floor":7,"key":"Meat on the Bone"},{"floor":9,"key":"PreservedInsect"},{"floor":11,"key":"Art of War"}],"event_choices":[{"damage_healed":0,"gold_gain":0,"cards_transformed":["Strike_R"],"player_choice":"Change","damage_taken":0,"max_hp_gain":0,"max_hp_loss":0,"event_name":"Living Wall","floor":4,"gold_loss":0,"cards_obtained":["Brutality"]},{"damage_healed":0,"gold_gain":0,"player_choice":"Entered Light","damage_taken":23,"max_hp_gain":0,"max_hp_loss":0,"event_name":"Shining Light","floor":5,"gold_loss":0,"cards_upgraded":["Shrug It Off","Spot Weakness"]}],"is_beta":false,"boss_relics":[],"items_purged_floors":[],"is_endless":false,"potions_floor_spawned":[1,7],"killed_by":"Slime Boss","ascension_level":16}