{"gold_per_floor":[115,115,127,52,52,94,120,142,154,166,192,234,264,236,248,260],"floor_reached":16,"playtime":992,"items_purged":["Strike_B"],"score":127,"play_id":"6b0bfcc8-01bd-4c5d-963e-379318ad1e7e","local_time":"20190601191010","is_ascension_mode":false,"campfire_choices":[{"data":"Dualcast","floor":10,"key":"SMITH"},{"floor":15,"key":"DIG"}],"neow_cost":"NONE","seed_source_timestamp":697746180814747,"circlet_count":0,"master_deck":["Strike_B","Strike_B","Defend_B","Defend_B","Defend_B","Defend_B","Zap","Dualcast+1","Conserve Battery"],"relics":["Cracked Core","MawBank","Letter Opener","Toxic Egg 2","Shovel","Anchor"],"potions_floor_usage":[6,6,6,16],"damage_taken":[{"damage":0,"enemies":"Jaw Worm","floor":1,"turns":4},{"damage":0,"enemies":"2 Louse","floor":3,"turns":2},{"damage":0,"enemies":"3 Sentries","floor":6,"turns":9},{"damage":3,"enemies":"Small Slimes","floor":7,"turns":3},{"damage":3,"enemies":"3 Louse","floor":8,"turns":3},{"damage":3,"enemies":"Lots of Slimes","floor":11,"turns":3},{"damage":3,"enemies":"2 Fungi Beasts","floor":13,"turns":4},{"damage":72,"enemies":"Hexaghost","floor":16,"turns":14}],"seed_played":"8771048320839931857","potions_obtained":[{"floor":3,"key":"EntropicBrew"},{"floor":7,"key":"SmokeBomb"},{"floor":13,"key":"Energy Potion"}],"is_trial":false,"path_per_floor":["M","?","M","$","?","E","M","M","T","R","M","?","M","?","R","B"],"character_chosen":"DEFECT","items_purchased":[],"campfire_rested":0,"item_purchase_floors":[],"current_hp_per_floor":[82,82,82,82,79,79,76,73,73,73,70,70,67,67,67,0],"gold":260,"neow_bonus":"TEN_PERCENT_HP_BONUS","is_prod":false,"is_daily":false,"chose_seed":false,"campfire_upgraded":1,"win_rate":0.0,"timestamp":1559430610,"path_taken":["M","?","M","$","?","E","M","M","T","R","M","?","M","?","R","BOSS"],"build_version":"2019-01-23","purchased_purges":1,"victory":false,"max_hp_per_floor":[82,82,82,82,82,82,82,82,82,82,82,82,82,82,82,82],"card_choices":[{"not_picked":["Sweeping Beam","Gash","Turbo"],"picked":"SKIP","floor":1},{"not_picked":["Thunder Strike","Rip and Tear","Storm"],"picked":"SKIP","floor":3},{"not_picked":["Static Discharge","Barrage","Meteor Strike"],"picked":"SKIP","floor":6},{"not_picked":["Ball Lightning","Streamline"],"picked":"Conserve Battery","floor":7},{"not_picked":["Cold Snap","Go for the Eyes","Capacitor"],"picked":"SKIP","floor":8},{"not_picked":["Coolheaded+1","Scrape","Cold Snap"],"picked":"SKIP","floor":11},{"not_picked":["Stack+1","Scrape","Coolheaded+1"],"picked":"SKIP","floor":13}],"player_experience":81757,"relics_obtained":[{"floor":6,"key":"Letter Opener"},{"floor":9,"key":"Toxic Egg 2"},{"floor":15,"key":"Anchor"}],"event_choices":[{"cards_removed":["Strike_B"],"damage_healed":0,"gold_gain":0,"player_choice":"Forget","damage_taken":0,"max_hp_gain":0,"max_hp_loss":0,"event_name":"Living Wall","floor":2,"gold_loss":0},{"damage_healed":0,"gold_gain":0,"player_choice":"Success","damage_taken":3,"relics_obtained":["MawBank"],"max_hp_gain":0,"max_hp_loss":0,"event_name":"Scrap Ooze","floor":5,"gold_loss":0},{"damage_healed":0,"gold_gain":30,"player_choice":"Searched \u00272\u0027 times","damage_taken":0,"relics_obtained":["Shovel"],"max_hp_gain":0,"max_hp_loss":0,"event_name":"Dead Adventurer","floor":12,"gold_loss":0},{"damage_healed":0,"gold_gain":0,"player_choice":"Bought 3 Potions","damage_taken":0,"max_hp_gain":0,"max_hp_loss":0,"event_name":"The Woman in Blue","floor":14,"gold_loss":0}],"is_beta":false,"boss_relics":[],"items_purged_floors":[4],"is_endless":false,"potions_floor_spawned":[3,7,13],"killed_by":"Hexaghost","ascension_level":0}