{"gold_per_floor":[114,114,114,127,127,158,158,215,215,215,226,46,62,77,77,149,199,209,209,220,5,25,25,72,72,72,72,82,82,53,53,53,53],"floor_reached":33,"playtime":832,"items_purged":["Strike_B","Strike_B"],"score":607,"play_id":"24873c88-6f79-4301-a0e4-ca5cfcb84436","local_time":"20190729022128","is_ascension_mode":true,"campfire_choices":[{"data":"Zap","floor":7,"key":"SMITH"},{"floor":10,"key":"REST"},{"data":"Defragment","floor":15,"key":"SMITH"},{"floor":23,"key":"REST"},{"floor":25,"key":"REST"},{"data":"Ghostly","floor":27,"key":"SMITH"},{"floor":32,"key":"REST"}],"neow_cost":"NONE","seed_source_timestamp":199017117214800,"circlet_count":0,"master_deck":["AscendersBane","Defend_B+1","Defend_B+1","Defend_B+1","Defend_B+1","Zap+1","Dualcast","Gash","Defragment+1","Cold Snap+1","Meteor Strike","Genetic Algorithm","Gash","Leap","Loop","Compile Driver+1","Storm","Defragment","Multi-Cast","Hologram","Redo+1","Ghostly+1","Ghostly","Ghostly","Ball Lightning","Capacitor","Stack","Storm+1","Gash","Stack"],"special_seed":0,"relics":["Cracked Core","NeowsBlessing","Bottled Flame","Tiny Chest","Sundial","Tiny House","Whetstone","Du-Vu Doll","Blue Candle"],"potions_floor_usage":[13,14,16,16,18,28],"damage_taken":[{"damage":0.0,"enemies":"Small Slimes","floor":1.0,"turns":1.0},{"damage":0.0,"enemies":"2 Louse","floor":4.0,"turns":1.0},{"damage":0.0,"enemies":"Lagavulin","floor":6.0,"turns":1.0},{"damage":53,"enemies":"Gremlin Nob","floor":8,"turns":6},{"damage":0,"enemies":"Cultist","floor":11,"turns":4},{"damage":17,"enemies":"Gremlin Gang","floor":13,"turns":4},{"damage":0,"enemies":"Looter","floor":14,"turns":4},{"damage":0,"enemies":"Hexaghost","floor":16,"turns":8},{"damage":13,"enemies":"Chosen","floor":18,"turns":5},{"damage":35,"enemies":"3 Byrds","floor":20,"turns":5},{"damage":1,"enemies":"Snecko","floor":22,"turns":6},{"damage":8,"enemies":"Centurion and Healer","floor":28,"turns":7},{"damage":45,"enemies":"Champ","floor":33,"turns":6}],"seed_played":"9109241941701046585","potions_obtained":[{"floor":8,"key":"Fire Potion"},{"floor":11,"key":"Strength Potion"},{"floor":13,"key":"SkillPotion"},{"floor":14,"key":"Swift Potion"},{"floor":17,"key":"Regen Potion"},{"floor":22,"key":"SkillPotion"}],"is_trial":false,"path_per_floor":["M","$","?","M","?","E","R","E","T","R","M","$","M","M","R","B",null,"M","?","M","$","M","R","T","R","T","R","M","T","$","?","R","B"],"character_chosen":"DEFECT","items_purchased":["Loop","Compile Driver","Capacitor","Stack","Stack"],"campfire_rested":4,"item_purchase_floors":[12,12,21,21,30],"current_hp_per_floor":[64,64,64,64,64,64,64,11,11,32,32,32,15,15,15,15,62,63,38,3,3,2,13,13,24,24,24,16,16,16,16,27,0],"gold":53,"neow_bonus":"THREE_ENEMY_KILL","is_prod":false,"is_daily":false,"chose_seed":false,"campfire_upgraded":3,"win_rate":0,"timestamp":1564359688,"path_taken":["M","$","?","M","?","E","R","E","T","R","M","?","?","M","R","BOSS","M","?","M","$","M","R","?","R","T","R","?","?","$","?","R","BOSS"],"build_version":"2019-07-17","purchased_purges":2,"victory":false,"max_hp_per_floor":[71,71,71,71,71,71,71,71,71,71,71,71,71,71,71,71,76,76,38,38,38,38,38,38,38,38,38,38,38,38,38,38,38],"card_choices":[{"not_picked":["Streamline","Rebound"],"picked":"Gash","floor":1.0},{"not_picked":["Recycle","Hello World"],"picked":"Cold Snap","floor":4.0},{"not_picked":["Coolheaded","Leap"],"picked":"Genetic Algorithm","floor":6},{"not_picked":["Darkness","Turbo"],"picked":"Gash","floor":8},{"not_picked":["Glacier","White Noise"],"picked":"Leap","floor":11},{"not_picked":["Tempest","Redo"],"picked":"Storm","floor":13},{"not_picked":["Tempest","Machine Learning"],"picked":"Defragment","floor":14},{"not_picked":["Amplify","Thunder Strike"],"picked":"Multi-Cast","floor":16},{"not_picked":["Compile Driver","Doom and Gloom"],"picked":"Hologram","floor":17},{"not_picked":["Static Discharge","Sweeping Beam+1"],"picked":"Redo+1","floor":18},{"not_picked":["Compile Driver","Force Field"],"picked":"Ball Lightning","floor":20},{"not_picked":["Conserve Battery","Gash"],"picked":"Storm+1","floor":22},{"not_picked":["Aggregate","Coolheaded"],"picked":"Gash","floor":28}],"player_experience":1760781,"relics_obtained":[{"floor":6,"key":"Bottled Flame"},{"floor":8,"key":"Tiny Chest"},{"floor":9,"key":"Sundial"},{"floor":24,"key":"Whetstone"},{"floor":26,"key":"Du-Vu Doll"},{"floor":29,"key":"Blue Candle"}],"event_choices":[{"damage_healed":0.0,"max_hp_gain":0.0,"max_hp_loss":0.0,"gold_gain":0.0,"cards_transformed":["Strike_B"],"event_name":"Living Wall","player_choice":"Change","floor":3.0,"gold_loss":0.0,"damage_taken":0.0,"cards_obtained":["Defragment"]},{"damage_healed":0.0,"max_hp_gain":0.0,"max_hp_loss":0.0,"gold_gain":0.0,"cards_transformed":["Strike_B"],"event_name":"Transmorgrifier","player_choice":"Transformed","floor":5.0,"gold_loss":0.0,"damage_taken":0.0,"cards_obtained":["Meteor Strike"]},{"damage_healed":0,"gold_gain":0,"player_choice":"Became a Ghost","damage_taken":0,"max_hp_gain":0,"max_hp_loss":38,"event_name":"Ghosts","floor":19,"gold_loss":0,"cards_obtained":["Ghostly","Ghostly","Ghostly"]},{"damage_healed":0,"gold_gain":0,"player_choice":"Simplicity","damage_taken":0,"max_hp_gain":0,"max_hp_loss":0,"event_name":"Back to Basics","floor":31,"gold_loss":0,"cards_upgraded":["Defend_B","Defend_B","Defend_B"]}],"is_beta":false,"boss_relics":[{"not_picked":["Runic Dome","Ectoplasm"],"picked":"Tiny House"}],"items_purged_floors":[12,21],"is_endless":false,"potions_floor_spawned":[8,11,13,14,22],"killed_by":"Champ","ascension_level":17}