{"gold_per_floor":[12,12,12,32,32,32,56,74,99,113,113,154,154,79,79,79],"floor_reached":16,"playtime":557,"items_purged":["Strike_R"],"score":185,"play_id":"e3b08de7-ec79-4af9-9afb-36f1a19e0ae3","local_time":"20190711190556","is_ascension_mode":true,"campfire_choices":[{"data":"Bash","floor":6,"key":"SMITH"},{"data":"True Grit","floor":11,"key":"SMITH"},{"data":"Demon Form","floor":15,"key":"SMITH"}],"neow_cost":"NO_GOLD","seed_source_timestamp":66659774959600,"circlet_count":0,"master_deck":["AscendersBane","Strike_R","Strike_R","Strike_R","Strike_R","Defend_R","Defend_R+1","Defend_R","Defend_R","Bash+1","Exhume","Clothesline","Shockwave","Shrug It Off","True Grit+1","Feel No Pain+1","Demon Form+1"],"relics":["Burning Blood","Golden Idol","Lantern","Bag of Preparation","Sundial"],"potions_floor_usage":[7,12,12,16],"damage_taken":[{"damage":14,"enemies":"Jaw Worm","floor":1,"turns":4},{"damage":10,"enemies":"2 Louse","floor":4,"turns":4},{"damage":7,"enemies":"Small Slimes","floor":7,"turns":3},{"damage":11,"enemies":"Looter","floor":8,"turns":4},{"damage":2,"enemies":"3 Louse","floor":10,"turns":4},{"damage":37,"enemies":"Lagavulin","floor":12,"turns":9},{"damage":9,"enemies":"Hexaghost","floor":16,"turns":9}],"seed_played":"957634513787947449","potions_obtained":[{"floor":1,"key":"Regen Potion"},{"floor":4,"key":"SteroidPotion"},{"floor":10,"key":"Swift Potion"},{"floor":12,"key":"Swift Potion"}],"is_trial":false,"path_per_floor":["M","?","?","M","T","R","M","M","T","M","R","E","?","$","R","B"],"character_chosen":"IRONCLAD","items_purchased":[],"campfire_rested":0,"item_purchase_floors":[],"current_hp_per_floor":[60,60,53,49,49,49,48,43,43,47,47,31,8,8,8,0],"gold":79,"neow_bonus":"THREE_RARE_CARDS","is_prod":false,"is_daily":false,"chose_seed":false,"campfire_upgraded":3,"win_rate":0,"timestamp":1562864756,"path_taken":["M","?","?","M","?","R","M","M","T","M","R","E","?","$","R","BOSS"],"build_version":"2019-07-05","purchased_purges":1,"victory":false,"max_hp_per_floor":[75,75,75,75,75,75,75,75,75,75,75,75,75,75,75,75],"card_choices":[{"not_picked":["Impervious","Brutality"],"picked":"Exhume","floor":0},{"not_picked":["Sever Soul","Searing Blow"],"picked":"Clothesline","floor":1},{"not_picked":["Iron Wave","Flex"],"picked":"Shockwave","floor":4},{"not_picked":["Clash","Anger"],"picked":"Shrug It Off","floor":7},{"not_picked":["Blood for Blood","Iron Wave"],"picked":"True Grit","floor":8},{"not_picked":["Sever Soul","Cleave"],"picked":"Feel No Pain","floor":10},{"not_picked":["Cleave","Rupture"],"picked":"Demon Form","floor":12}],"player_experience":1639371,"relics_obtained":[{"floor":5,"key":"Lantern"},{"floor":9,"key":"Bag of Preparation"},{"floor":12,"key":"Sundial"}],"event_choices":[{"damage_healed":0,"gold_gain":0,"player_choice":"Take Wound","damage_taken":0,"relics_obtained":["Golden Idol"],"max_hp_gain":0,"max_hp_loss":0,"event_name":"Golden Idol","floor":2,"gold_loss":0,"cards_obtained":["Injury"]},{"cards_removed":["Injury"],"damage_healed":0,"gold_gain":0,"player_choice":"Card Removal","damage_taken":7,"max_hp_gain":0,"max_hp_loss":0,"event_name":"Golden Wing","floor":3,"gold_loss":0},{"damage_healed":0,"gold_gain":0,"player_choice":"Entered Light","damage_taken":23,"max_hp_gain":0,"max_hp_loss":0,"event_name":"Shining Light","floor":13,"gold_loss":0,"cards_upgraded":["Feel No Pain","Defend_R"]}],"is_beta":false,"boss_relics":[],"items_purged_floors":[14],"is_endless":false,"potions_floor_spawned":[1,4,10,12],"killed_by":"Hexaghost","ascension_level":17}