{"path_per_floor":["M","M","M","M","?","R","E","M","T","R","$","R","E","M","R","B",null,"M","$","M","$"],"character_chosen":"IRONCLAD","items_purchased":["Oddly Smooth Stone","Shrug It Off"],"gold_per_floor":[116,128,147,162,162,162,200,221,221,221,70,70,104,127,127,258,258,272,197,220,69],"floor_reached":22,"campfire_rested":1,"playtime":1027,"current_hp_per_floor":[72,76,80,75,75,75,57,43,43,82,82,82,70,74,74,39,75,57,57,35,35],"items_purged":["Regret","Decay"],"gold":69,"score":265,"play_id":"fb25d9e6-b64c-457d-84a1-f18cbe97b9a1","is_prod":false,"is_daily":false,"is_ascension_mode":true,"campfire_upgraded":3,"path_taken":["M","M","M","M","?","R","E","M","T","R","$","R","E","M","R","BOSS","M","$","M","$","M"],"build_version":"2018-02-15-PROD1","purchased_purges":3,"victory":false,"master_deck":["Strike_R","Strike_R","Strike_R","Strike_R","Strike_R","Defend_R","Defend_R","Defend_R","Defend_R","Bash","Perfected Strike","Feed+1","Shockwave","Flex+1","Thunderclap","Spot Weakness","Evolve+1","Immolate","Writhe","Disarm","Shrug It Off"],"max_hp_per_floor":[80,80,80,83,77,77,80,83,83,83,83,83,83,87,87,87,87,89,89,93,93],"relics":["Burning Blood","Golden Idol","Regal Pillow","Art of War","Oddly Smooth Stone","Blood Vial","Calling Bell","Bag of Preparation","Singing Bowl","Orichalcum"],"card_choices":[{"not_picked":["Armaments","Iron Wave"],"picked":"Perfected Strike"},{"not_picked":["Fire Breathing","Entrench"],"picked":"Feed"},{"not_picked":["Feel No Pain","Fire Breathing"],"picked":"Shockwave"},{"not_picked":["Clothesline","True Grit"],"picked":"Flex"},{"not_picked":["Ghostly Armor","Blood for Blood"],"picked":"Thunderclap"},{"not_picked":["Cleave","Body Slam"],"picked":"Spot Weakness"},{"not_picked":["Warcry","Blood for Blood"],"picked":"Evolve"},{"not_picked":["Barricade","Juggernaut"],"picked":"Immolate"},{"not_picked":["Body Slam","Anger"],"picked":"Disarm"}],"player_experience":218157,"potions_floor_usage":[14,16,16,18,22],"damage_taken":[{"damage":6,"enemies":"Jaw Worm","floor":1,"turns":5},{"damage":2,"enemies":"2 Louse","floor":2,"turns":2},{"damage":0,"enemies":"Small Slimes","floor":3,"turns":3},{"damage":14,"enemies":"3 Louse","floor":4,"turns":4},{"damage":27,"enemies":"3 Sentries","floor":7,"turns":6},{"damage":23,"enemies":"Gremlin Gang","floor":8,"turns":6},{"damage":18,"enemies":"Gremlin Nob","floor":13,"turns":4},{"damage":8,"enemies":"Looter","floor":14,"turns":3},{"damage":58,"enemies":"Hexaghost","floor":16,"turns":8},{"damage":28,"enemies":"Spheric Guardian","floor":18,"turns":5},{"damage":34,"enemies":"2 Thieves","floor":20,"turns":4},{"damage":44,"enemies":"Cultist and Chosen","floor":22,"turns":6}],"event_choices":[{"event_name":"Golden Idol","player_choice":"Lose Max HP","floor":5,"damage_taken":0}],"boss_relics":[{"not_picked":["Lizard Tail","Runic Pyramid"],"picked":"Calling Bell"}],"potions_floor_spawned":[3,4,7,14,16,18,20],"seed_played":"-4212495821724253694","killed_by":"Cultist and Chosen","ascension_level":7,"is_trial":false}