{"gold_per_floor":[117,192,192,3,3,3,34,34,86,116,135,153,328,358,358,463,463,434,434,452,262,281,281,295,295,295,311,311,108,108,139,139,238,238,249,249,269,27,46,146,146,21,21,49,49,49,49,49],"floor_reached":48,"playtime":3304,"items_purged":["Doubt","Strike_B+1","Strike_B+1"],"score":851,"play_id":"e2a704b7-ba6f-4ac0-81c9-d758dba2e6fd","local_time":"20190219173332","is_ascension_mode":true,"campfire_choices":[{"data":"Apotheosis","floor":6,"key":"SMITH"},{"data":"Streamline","floor":8,"key":"SMITH"},{"data":"Zap","floor":15,"key":"SMITH"},{"data":"Seek","floor":23,"key":"SMITH"},{"data":"Echo Form","floor":25,"key":"SMITH"},{"data":"Capacitor","floor":32,"key":"SMITH"},{"data":"Strike_B+1","floor":41,"key":"PURGE"},{"data":"Defend_B+1","floor":45,"key":"PURGE"},{"data":"Defend_B+1","floor":47,"key":"PURGE"}],"neow_cost":"NONE","seed_source_timestamp":52051065225100,"circlet_count":0,"master_deck":["AscendersBane","Zap+1","Dualcast+1","Streamline+1","Apotheosis+1","Hologram","Self Repair","Compile Driver","BootSequence","Reinforced Body+1","Auto Shields","Echo Form+1","Self Repair","Streamline","Fusion","Cold Snap","Enlightenment","Defragment","Conserve Battery","Seek+1","Heatsinks","Coolheaded","Defragment","Consume","Capacitor+1","Leap","BootSequence","Ball Lightning","Stack","Fission","Streamline+1","Redo+1","Streamline+1","Beam Cell","Redo+1","Barrage","Madness","Madness"],"relics":["Cracked Core","Bag of Preparation","Calipers","Happy Flower","Oddly Smooth Stone","FossilizedHelix","Prayer Wheel","Coffee Dripper","Blue Candle","Juzu Bracelet","Runic Pyramid","Kunai","Peace Pipe","Dodecahedron","War Paint"],"potions_floor_usage":[14,16,27,33],"damage_taken":[{"damage":0,"enemies":"2 Louse","floor":1,"turns":2},{"damage":16,"enemies":"Gremlin Nob","floor":7,"turns":3},{"damage":13,"enemies":"Lagavulin","floor":10,"turns":6},{"damage":0,"enemies":"Jaw Worm","floor":11,"turns":3},{"damage":0,"enemies":"Cultist","floor":12,"turns":2},{"damage":15,"enemies":"3 Sentries","floor":14,"turns":6},{"damage":15,"enemies":"Slime Boss","floor":16,"turns":16},{"damage":12,"enemies":"2 Thieves","floor":18,"turns":5},{"damage":13,"enemies":"Shell Parasite","floor":20,"turns":5},{"damage":19,"enemies":"Snake Plant","floor":22,"turns":5},{"damage":0,"enemies":"Cultist and Chosen","floor":24,"turns":8},{"damage":12,"enemies":"Centurion and Healer","floor":27,"turns":6},{"damage":40,"enemies":"Slavers","floor":31,"turns":6},{"damage":1,"enemies":"Champ","floor":33,"turns":10},{"damage":0,"enemies":"3 Shapes","floor":35,"turns":5},{"damage":31,"enemies":"3 Darklings","floor":37,"turns":5},{"damage":40,"enemies":"Jaw Worm Horde","floor":39,"turns":6},{"damage":0,"enemies":"Mind Bloom Boss Battle","floor":40,"turns":11},{"damage":0,"enemies":"Reptomancer","floor":44,"turns":8},{"damage":67,"enemies":"2 Orb Walkers","floor":48,"turns":6}],"seed_played":"7023551262870707036","potions_obtained":[{"floor":11,"key":"SteroidPotion"},{"floor":14,"key":"Dexterity Potion"},{"floor":16,"key":"Strength Potion"},{"floor":18,"key":"SteroidPotion"},{"floor":20,"key":"Swift Potion"},{"floor":33,"key":"FocusPotion"},{"floor":35,"key":"Weak Potion"},{"floor":39,"key":"EssenceOfSteel"}],"is_trial":false,"path_per_floor":["M","?","?","$","?","R","E","R","T","E","M","M","?","E","R","B",null,"M","?","M","$","M","R","M","R","T","M","?","$","?","E","R","B",null,"M","?","M","$","M","?","R","$","T","E","R","?","R","?"],"character_chosen":"DEFECT","items_purchased":["Apotheosis","Hologram","Enlightenment","Defragment","Capacitor","Leap","Kunai"],"campfire_rested":0,"item_purchase_floors":[4,4,21,21,29,29,38],"current_hp_per_floor":[68,57,50,50,50,50,34,34,34,31,41,48,48,40,40,35,65,63,75,75,75,75,75,75,75,75,75,75,75,75,65,65,75,75,75,75,71,71,61,75,75,75,75,75,75,66,66,0],"gold":49,"neow_bonus":"RANDOM_COMMON_RELIC","is_prod":false,"is_daily":false,"chose_seed":false,"campfire_upgraded":6,"win_rate":0,"timestamp":1550594012,"path_taken":["M","?","?","$","?","R","E","R","T","E","M","?","?","E","R","BOSS","M","?","?","$","M","R","M","R","T","M","?","$","?","E","R","BOSS","M","?","M","$","M","?","R","$","T","E","R","?","R","?"],"build_version":"2019-01-23","purchased_purges":3,"victory":false,"max_hp_per_floor":[75,75,75,75,75,75,75,75,75,75,75,75,75,75,75,75,75,75,75,75,75,75,75,75,75,75,75,75,75,75,75,75,75,75,75,75,75,75,75,75,75,75,75,75,75,75,75,75],"card_choices":[{"not_picked":["Go for the Eyes","Leap"],"picked":"Streamline","floor":1},{"not_picked":["FTL","Capacitor"],"picked":"Self Repair","floor":7},{"not_picked":["Cold Snap","Turbo"],"picked":"Compile Driver","floor":10},{"not_picked":["Genetic Algorithm","Static Discharge"],"picked":"BootSequence","floor":11},{"not_picked":["Doom and Gloom","Force Field"],"picked":"Reinforced Body","floor":12},{"not_picked":["Coolheaded","Self Repair"],"picked":"Auto Shields","floor":14},{"not_picked":["Creative AI","All For One"],"picked":"Echo Form","floor":16},{"not_picked":["Compile Driver+1","Gash"],"picked":"Self Repair","floor":18},{"not_picked":["Reprogram+1","Compile Driver"],"picked":"Streamline","floor":18},{"not_picked":["Hello World","Barrage"],"picked":"Fusion","floor":20},{"not_picked":["Steam","Hologram"],"picked":"Cold Snap","floor":20},{"not_picked":["Reprogram","Leap"],"picked":"Conserve Battery","floor":22},{"not_picked":["Glacier+1","Streamline"],"picked":"Seek","floor":22},{"not_picked":["Steam","FTL"],"picked":"Heatsinks","floor":24},{"not_picked":["Cold Snap+1","BootSequence"],"picked":"Coolheaded","floor":24},{"not_picked":["Loop","Blizzard"],"picked":"Defragment","floor":27},{"not_picked":["Aggregate","Consume","Undo"],"picked":"SKIP","floor":27},{"not_picked":["Aggregate","Undo"],"picked":"Consume","floor":27},{"not_picked":["Leap","Hologram"],"picked":"Stack","floor":31},{"not_picked":["Hyperbeam","Seek"],"picked":"Fission","floor":33},{"not_picked":["Chill","Self Repair+1"],"picked":"Streamline+1","floor":35},{"not_picked":["Coolheaded+1","Conserve Battery+1"],"picked":"Redo+1","floor":35},{"not_picked":["Coolheaded+1","Hologram"],"picked":"Streamline+1","floor":37},{"not_picked":["Blizzard+1","FTL"],"picked":"Beam Cell","floor":37},{"not_picked":["Coolheaded+1","Compile Driver"],"picked":"Redo+1","floor":39},{"not_picked":["Skim","Reboot"],"picked":"Barrage","floor":39},{"not_picked":["Thunder Strike","Rebound","Force Field"],"picked":"SKIP","floor":44}],"player_experience":795702,"relics_obtained":[{"floor":7,"key":"Happy Flower"},{"floor":9,"key":"Oddly Smooth Stone"},{"floor":10,"key":"FossilizedHelix"},{"floor":14,"key":"Prayer Wheel"},{"floor":26,"key":"Blue Candle"},{"floor":31,"key":"Juzu Bracelet"},{"floor":40,"key":"Peace Pipe"},{"floor":43,"key":"Dodecahedron"},{"floor":44,"key":"War Paint"}],"event_choices":[{"damage_healed":0,"gold_gain":75,"player_choice":"Gather Gold","damage_taken":11,"max_hp_gain":0,"max_hp_loss":0,"event_name":"World of Goop","floor":2,"gold_loss":0},{"damage_healed":0,"gold_gain":0,"player_choice":"Success","damage_taken":7,"relics_obtained":["Calipers"],"max_hp_gain":0,"max_hp_loss":0,"event_name":"Scrap Ooze","floor":3,"gold_loss":0},{"damage_healed":0,"gold_gain":0,"player_choice":"Leave","damage_taken":0,"max_hp_gain":0,"max_hp_loss":0,"event_name":"The Cleric","floor":5,"gold_loss":0},{"damage_healed":0,"gold_gain":175,"player_choice":"AGREE","damage_taken":0,"max_hp_gain":0,"max_hp_loss":0,"event_name":"Liars Game","floor":13,"gold_loss":0,"cards_obtained":["Doubt"]},{"damage_healed":12,"gold_gain":0,"player_choice":"Full Heal","damage_taken":0,"max_hp_gain":0,"max_hp_loss":0,"event_name":"Wheel of Change","floor":19,"gold_loss":0},{"damage_healed":0,"gold_gain":0,"player_choice":"Simplicity","damage_taken":0,"max_hp_gain":0,"max_hp_loss":0,"event_name":"Back to Basics","floor":28,"gold_loss":0,"cards_upgraded":["Strike_B","Strike_B","Strike_B","Strike_B","Defend_B","Defend_B","Defend_B","Defend_B"]},{"damage_healed":0,"gold_gain":0,"cards_transformed":["Strike_B","Defend_B"],"player_choice":"Became Test Subject","damage_taken":0,"max_hp_gain":0,"max_hp_loss":0,"event_name":"Drug Dealer","floor":30,"gold_loss":0,"cards_obtained":["BootSequence","Ball Lightning"]},{"cards_removed":["Defend_B"],"damage_healed":0,"gold_gain":0,"player_choice":"Removed Skill","damage_taken":0,"max_hp_gain":0,"max_hp_loss":0,"event_name":"Falling","floor":36,"gold_loss":0},{"damage_healed":0,"gold_gain":0,"player_choice":"Fight","damage_taken":0,"max_hp_gain":0,"max_hp_loss":0,"event_name":"MindBloom","floor":40,"gold_loss":0},{"damage_healed":0,"gold_gain":0,"player_choice":"Embrace Madness","damage_taken":9,"max_hp_gain":0,"max_hp_loss":0,"event_name":"Winding Halls","floor":46,"gold_loss":0,"cards_obtained":["Madness","Madness"]},{"damage_healed":0,"gold_gain":0,"player_choice":"Fight","damage_taken":0,"max_hp_gain":0,"max_hp_loss":0,"event_name":"Mysterious Sphere","floor":48,"gold_loss":0}],"is_beta":false,"boss_relics":[{"not_picked":["FrozenCore","Nuclear Battery"],"picked":"Coffee Dripper"},{"not_picked":["Philosopher\u0027s Stone","Tiny House"],"picked":"Runic Pyramid"}],"items_purged_floors":[21,29,42],"is_endless":false,"potions_floor_spawned":[11,14,16,18,20,33,35,39,44],"killed_by":"2 Orb Walkers","ascension_level":11}