{"gold_per_floor":[114,114,127,36,53,53,81,81,81,356,372,389,36,50,50,122,122,137,148,148,163,182,182,198,198,223,223,248,298,15,29,29,104,104,118,130,181,198,217,244,244,189,189,199,0,28,38,38,38,38,38],"floor_reached":51,"playtime":2561,"items_purged":["Regret"],"score":1412,"play_id":"b61c0e6d-a25c-4720-badb-567ee511c085","local_time":"20190112214343","is_ascension_mode":true,"campfire_choices":[{"data":"Inflame","floor":6.0,"key":"SMITH"},{"data":"Wild Strike","floor":8.0,"key":"SMITH"},{"data":"Perfected Strike","floor":15.0,"key":"SMITH"},{"floor":23.0,"key":"REST"},{"data":"Heavy Blade","floor":27.0,"key":"SMITH"},{"floor":32.0,"key":"REST"},{"floor":41.0,"key":"REST"},{"floor":49.0,"key":"REST"}],"neow_cost":"NONE","seed_source_timestamp":0,"circlet_count":0,"master_deck":["AscendersBane","Strike_R+1","Strike_R+1","Strike_R+1","Strike_R+1","Strike_R+1","Defend_R+1","Defend_R+1","Defend_R+1","Defend_R+1","Bash","Inflame+1","Shockwave+1","Battle Trance","Thunderclap","Inflame","Wild Strike+1","Shrug It Off","Twin Strike","Shrug It Off","Carnage","Perfected Strike+1","Immolate","Shrug It Off","Shrug It Off","Havoc+1","Heavy Blade+1","Metallicize","Iron Wave","Shockwave","Impervious","Shame","Doubt","Clumsy","Heavy Blade+1","Iron Wave","Uppercut+1","Spot Weakness","Bludgeon","Perfected Strike","Battle Trance+1","Disarm","Heavy Blade+1"],"special_seed":0,"relics":["Burning Blood","NeowsBlessing","Blue Candle","Regal Pillow","Pantograph","Strawberry","Snecko Eye","Anchor","Happy Flower","Pear","Calling Bell","Omamori","Self Forming Clay","Ice Cream","Girya","Mercury Hourglass","Red Mask","Bottled Tornado"],"potions_floor_usage":[],"damage_taken":[{"damage":0.0,"enemies":"Jaw Worm","floor":1.0,"turns":1.0},{"damage":0.0,"enemies":"2 Louse","floor":3.0,"turns":1.0},{"damage":0.0,"enemies":"Cultist","floor":5.0,"turns":1.0},{"damage":35.0,"enemies":"Lagavulin","floor":7.0,"turns":5.0},{"damage":15.0,"enemies":"Lots of Slimes","floor":11.0,"turns":5.0},{"damage":12.0,"enemies":"2 Fungi Beasts","floor":12.0,"turns":3.0},{"damage":7.0,"enemies":"Gremlin Gang","floor":14.0,"turns":4.0},{"damage":43.0,"enemies":"The Guardian","floor":16.0,"turns":9.0},{"damage":16.0,"enemies":"3 Byrds","floor":18.0,"turns":5.0},{"damage":0.0,"enemies":"Spheric Guardian","floor":19.0,"turns":1.0},{"damage":48.0,"enemies":"Snake Plant","floor":21.0,"turns":3.0},{"damage":0.0,"enemies":"Centurion and Healer","floor":22.0,"turns":5.0},{"damage":2.0,"enemies":"Snecko","floor":24.0,"turns":4.0},{"damage":40.0,"enemies":"Slavers","floor":28.0,"turns":6.0},{"damage":5.0,"enemies":"Shelled Parasite and Fungi","floor":31.0,"turns":3.0},{"damage":39.0,"enemies":"Automaton","floor":33.0,"turns":7.0},{"damage":5.0,"enemies":"3 Shapes","floor":35.0,"turns":5.0},{"damage":0.0,"enemies":"Orb Walker","floor":36.0,"turns":2.0},{"damage":37.0,"enemies":"2 Orb Walkers","floor":37.0,"turns":5.0},{"damage":2.0,"enemies":"4 Shapes","floor":38.0,"turns":5.0},{"damage":0.0,"enemies":"3 Darklings","floor":39.0,"turns":2.0},{"damage":48.0,"enemies":"Giant Head","floor":40.0,"turns":6.0},{"damage":13.0,"enemies":"Maw","floor":44.0,"turns":5.0},{"damage":32.0,"enemies":"Reptomancer","floor":46.0,"turns":5.0},{"damage":7.0,"enemies":"Transient","floor":47.0,"turns":6.0},{"damage":64.0,"enemies":"Time Eater","floor":50.0,"turns":8.0},{"damage":65,"enemies":"Awakened One","floor":51,"turns":7}],"seed_played":"-2020202279607116457","potions_obtained":[{"floor":1.0,"key":"Dexterity Potion"},{"floor":5.0,"key":"PowerPotion"},{"floor":11.0,"key":"AttackPotion"},{"floor":16.0,"key":"Fire Potion"},{"floor":19.0,"key":"SpeedPotion"},{"floor":22.0,"key":"Ancient Potion"},{"floor":33.0,"key":"Energy Potion"},{"floor":37.0,"key":"LiquidBronze"}],"is_trial":false,"path_per_floor":["M","?","M","$","M","R","E","R","T","?","M","M","$","M","R","B",null,"M","M","?","M","M","R","M","?","T","R","E","?","$","M","R","B",null,"M","M","?","M","M","E","R","$","T","M","?","E","M","$","R","B","B"],"character_chosen":"IRONCLAD","items_purchased":["Battle Trance","Thunderclap","Shrug It Off","Strawberry","Carnage","Pear","Perfected Strike"],"campfire_rested":4,"item_purchase_floors":[4,4,13,13,13,30,42],"current_hp_per_floor":[74,69,75,75,75,75,46,46,46,46,37,31,38,37,37,25,68,58,64,64,22,28,67,71,71,71,71,37,37,47,48,90,59,84,85,91,60,64,70,28,70,70,70,63,63,37,36,36,78,34,0],"gold":38,"neow_bonus":"THREE_ENEMY_KILL","is_prod":false,"is_daily":false,"chose_seed":false,"campfire_upgraded":4,"win_rate":0,"timestamp":1547325823,"path_taken":["M","?","M","$","M","R","E","R","T","?","M","?","?","M","R","BOSS","M","M","?","M","M","R","?","?","T","R","E","?","$","M","R","BOSS","M","?","?","M","M","E","R","$","T","M","?","E","M","?","R","BOSS","BOSS"],"build_version":"2019-01-10","purchased_purges":1,"victory":false,"max_hp_per_floor":[75,75,75,75,75,75,75,75,75,75,75,75,82,82,82,82,82,82,82,82,82,82,82,82,82,82,82,82,82,92,92,92,92,92,92,92,92,92,92,92,92,92,92,92,92,92,92,92,92,92,92],"card_choices":[{"not_picked":["Shockwave","Sword Boomerang"],"picked":"Inflame","floor":1.0},{"not_picked":["Flex","Clash"],"picked":"Shockwave","floor":3.0},{"not_picked":["Twin Strike","Combust"],"picked":"Inflame","floor":5.0},{"not_picked":["Reckless Charge","Power Through"],"picked":"Wild Strike","floor":7.0},{"not_picked":["Cleave","Wild Strike"],"picked":"Shrug It Off","floor":11.0},{"not_picked":["Entrench","Cleave"],"picked":"Twin Strike","floor":12.0},{"not_picked":["Bloodletting","Thunderclap"],"picked":"Perfected Strike","floor":14.0},{"not_picked":["Feed","Reaper"],"picked":"Immolate","floor":16.0},{"not_picked":["Sword Boomerang","Pummel"],"picked":"Shrug It Off","floor":18.0},{"not_picked":["Fire Breathing","Entrench"],"picked":"Shrug It Off","floor":19.0},{"not_picked":["Clash","Bloodletting"],"picked":"Havoc+1","floor":21.0},{"not_picked":["Carnage","Warcry"],"picked":"Heavy Blade","floor":22.0},{"not_picked":["Body Slam","Pommel Strike"],"picked":"Metallicize","floor":24.0},{"not_picked":["Thunderclap","Battle Trance"],"picked":"Iron Wave","floor":28.0},{"not_picked":["Armaments","Corruption"],"picked":"Shockwave","floor":31.0},{"not_picked":["Fiend Fire","Exhume"],"picked":"Impervious","floor":33.0},{"not_picked":["Dropkick","Havoc"],"picked":"Heavy Blade+1","floor":35.0},{"not_picked":["Sword Boomerang","Havoc"],"picked":"Iron Wave","floor":36.0},{"not_picked":["Iron Wave","Burning Pact"],"picked":"Uppercut+1","floor":37.0},{"not_picked":["Immolate","Second Wind"],"picked":"Spot Weakness","floor":38.0},{"not_picked":["Cleave","Fire Breathing+1","Thunderclap"],"picked":"SKIP","floor":39.0},{"not_picked":["Shockwave","Second Wind"],"picked":"Bludgeon","floor":40.0},{"not_picked":["Cleave","Headbutt+1"],"picked":"Battle Trance+1","floor":44.0},{"not_picked":["Fiend Fire","Headbutt"],"picked":"Disarm","floor":46.0},{"not_picked":["Iron Wave","Pommel Strike+1"],"picked":"Heavy Blade+1","floor":47.0}],"player_experience":593360,"relics_obtained":[{"floor":7.0,"key":"Regal Pillow"},{"floor":9.0,"key":"Pantograph"},{"floor":26.0,"key":"Anchor"},{"floor":28.0,"key":"Happy Flower"},{"floor":34.0,"key":"Omamori"},{"floor":34.0,"key":"Self Forming Clay"},{"floor":34.0,"key":"Ice Cream"},{"floor":37.0,"key":"Girya"},{"floor":40.0,"key":"Mercury Hourglass"},{"floor":46.0,"key":"Bottled Tornado"}],"event_choices":[{"damage_healed":0.0,"max_hp_gain":0.0,"max_hp_loss":0.0,"gold_gain":0.0,"event_name":"Scrap Ooze","player_choice":"Success","floor":2.0,"gold_loss":0.0,"damage_taken":5.0,"relics_obtained":["Blue Candle"]},{"damage_healed":0.0,"max_hp_gain":0.0,"max_hp_loss":0.0,"gold_gain":275.0,"event_name":"Golden Shrine","player_choice":"Desecrate","floor":10.0,"gold_loss":0.0,"damage_taken":0.0,"cards_obtained":["Regret"]},{"damage_healed":0.0,"max_hp_gain":0.0,"max_hp_loss":0.0,"gold_gain":0.0,"event_name":"Upgrade Shrine","player_choice":"Upgraded","floor":20.0,"gold_loss":0.0,"damage_taken":0.0,"cards_upgraded":["Shockwave"]},{"damage_healed":0.0,"max_hp_gain":0.0,"max_hp_loss":0.0,"gold_gain":0.0,"event_name":"Back to Basics","player_choice":"Simplicity","floor":25.0,"gold_loss":0.0,"damage_taken":0.0,"cards_upgraded":["Strike_R","Strike_R","Strike_R","Strike_R","Strike_R","Defend_R","Defend_R","Defend_R","Defend_R"]},{"damage_healed":0.0,"max_hp_gain":0.0,"max_hp_loss":0.0,"gold_gain":100.0,"event_name":"The Joust","player_choice":"Bet on Murderer","floor":29.0,"gold_loss":50.0,"damage_taken":0.0},{"damage_healed":0.0,"max_hp_gain":0.0,"max_hp_loss":0.0,"gold_gain":0.0,"event_name":"Mysterious Sphere","player_choice":"Fight","floor":37.0,"gold_loss":0.0,"damage_taken":0.0},{"damage_healed":0.0,"max_hp_gain":0.0,"max_hp_loss":0.0,"gold_gain":0.0,"event_name":"Tomb of Lord Red Mask","player_choice":"Paid","floor":45.0,"gold_loss":199.0,"damage_taken":0.0,"relics_obtained":["Red Mask"]}],"is_beta":false,"boss_relics":[{"not_picked":["Runic Pyramid","Runic Dome"],"picked":"Snecko Eye"},{"not_picked":["Black Star","Busted Crown"],"picked":"Calling Bell"}],"items_purged_floors":[13],"is_endless":false,"potions_floor_spawned":[1,5,11,16,19,21,22,33,37,38,39,47],"killed_by":"Awakened One","ascension_level":20}