{"gold_per_floor":[118,134,134,99,249,275,275,49,49,71,91,91,91,126,126,198,198,213,213,226,241,259,259,282,301,380,400,413,55,55,1,1,74,74,94,149,149,163,38,38,51,51,99,115,215,215,231,28,28,28],"floor_reached":50,"playtime":1988,"items_purged":["Doubt","Strike_G","Strike_G","Defend_G"],"score":880,"play_id":"ed305829-cd8d-4dad-b4a8-9ce6e56e464f","local_time":"20190608195521","is_ascension_mode":true,"campfire_choices":[{"data":"Neutralize","floor":7,"key":"SMITH"},{"data":"Skewer","floor":12,"key":"SMITH"},{"floor":15,"key":"REST"},{"floor":23,"key":"REST"},{"floor":30,"key":"REST"},{"data":"Cloak And Dagger","floor":32,"key":"SMITH"},{"data":"Glass Knife","floor":40,"key":"SMITH"},{"data":"Choke","floor":42,"key":"SMITH"},{"floor":49,"key":"REST"}],"neow_cost":"NONE","seed_source_timestamp":140010964286900,"circlet_count":0,"master_deck":["AscendersBane","Defend_G","Defend_G","Defend_G","Defend_G+1","Survivor+1","Neutralize+1","Cloak And Dagger+1","Dodge and Roll","Quick Slash","Bandage Up","Poisoned Stab","Skewer+1","Dash","Glass Knife+1","A Thousand Cuts+1","Cloak And Dagger+1","Corpse Explosion","Noxious Fumes+1","Infinite Blades+1","Dodge and Roll+1","Choke+1","Calculated Gamble","After Image+1","Deadly Poison","Envenom+1","Caltrops+1","Blur","Well Laid Plans+1","Accuracy+1","Blade Dance","Noxious Fumes+1","Deadly Poison"],"relics":["Ring of the Snake","NeowsBlessing","Torii","Question Card","Odd Mushroom","Frozen Egg 2","Mummified Hand","Empty Cage","Ninja Scroll","Bronze Scales","Paper Crane","WristBlade","Tough Bandages","Mango","Boot","Turnip"],"potions_floor_usage":[10,14,28,33,33,36,38,44,50,50],"damage_taken":[{"damage":0,"enemies":"Jaw Worm","floor":1,"turns":1},{"damage":0,"enemies":"Small Slimes","floor":2,"turns":1},{"damage":0,"enemies":"3 Sentries","floor":6,"turns":2},{"damage":3,"enemies":"The Mushroom Lair","floor":10,"turns":7},{"damage":0,"enemies":"2 Louse","floor":11,"turns":2},{"damage":18,"enemies":"Lagavulin","floor":14,"turns":7},{"damage":40,"enemies":"The Guardian","floor":16,"turns":16},{"damage":10,"enemies":"3 Byrds","floor":18,"turns":6},{"damage":0,"enemies":"Shell Parasite","floor":20,"turns":7},{"damage":19,"enemies":"Centurion and Healer","floor":21,"turns":5},{"damage":21,"enemies":"Snake Plant","floor":22,"turns":5},{"damage":1,"enemies":"Cultist and Chosen","floor":25,"turns":3},{"damage":0,"enemies":"3 Cultists","floor":27,"turns":3},{"damage":6,"enemies":"Centurion and Healer","floor":28,"turns":5},{"damage":50,"enemies":"Champ","floor":33,"turns":15},{"damage":0,"enemies":"3 Darklings","floor":35,"turns":3},{"damage":20,"enemies":"2 Orb Walkers","floor":36,"turns":3},{"damage":0,"enemies":"3 Shapes","floor":38,"turns":2},{"damage":2,"enemies":"Jaw Worm Horde","floor":41,"turns":5},{"damage":0,"enemies":"4 Shapes","floor":44,"turns":3},{"damage":0,"enemies":"Mind Bloom Boss Battle","floor":45,"turns":5},{"damage":1,"enemies":"Sphere and 2 Shapes","floor":47,"turns":3},{"damage":94,"enemies":"Awakened One","floor":50,"turns":8}],"seed_played":"6757784986130503054","potions_obtained":[{"floor":1,"key":"EssenceOfSteel"},{"floor":10,"key":"GamblersBrew"},{"floor":18,"key":"Explosive Potion"},{"floor":25,"key":"Weak Potion"},{"floor":28,"key":"Regen Potion"},{"floor":33,"key":"EssenceOfSteel"},{"floor":35,"key":"EssenceOfSteel"},{"floor":36,"key":"PowerPotion"},{"floor":41,"key":"Swift Potion"},{"floor":45,"key":"FearPotion"},{"floor":47,"key":"Energy Potion"}],"is_trial":false,"path_per_floor":["M","M","?","?","?","E","R","$","T","?","M","R","?","E","R","B",null,"M","?","M","M","M","R","T","M","T","M","M","$","R","$","R","B",null,"M","?","T","M","$","R","M","R","T","M","?","?","M","$","R","B"],"character_chosen":"THE_SILENT","items_purchased":["Bandage Up","Poisoned Stab","After Image+1","GhostInAJar","Deadly Poison","Deadly Poison"],"campfire_rested":4,"item_purchase_floors":[8,8,29,29,31,48],"current_hp_per_floor":[59,59,39,55,55,55,55,55,55,56,60,60,42,28,47,11,52,46,46,50,35,18,37,37,36,36,36,34,34,53,53,53,16,54,54,38,52,52,52,52,54,54,54,58,62,62,65,65,80,0],"gold":28,"neow_bonus":"THREE_ENEMY_KILL","is_prod":false,"is_daily":false,"chose_seed":false,"campfire_upgraded":5,"win_rate":0,"timestamp":1560016521,"path_taken":["M","M","?","?","?","E","R","?","T","?","?","R","?","E","R","BOSS","M","?","M","?","M","R","?","M","T","M","M","$","R","?","R","BOSS","M","?","?","M","$","R","M","R","T","?","?","?","M","$","R","BOSS"],"build_version":"2019-01-23","purchased_purges":4,"victory":false,"max_hp_per_floor":[66,66,66,66,66,66,66,66,66,66,66,66,66,66,66,66,66,66,66,66,66,66,66,66,66,66,66,66,66,66,66,66,66,66,66,66,80,80,80,80,80,80,80,80,80,80,80,80,80,80],"card_choices":[{"not_picked":["Accuracy","Prepared"],"picked":"Cloak And Dagger","floor":1},{"not_picked":["Concentrate","Bane"],"picked":"Dodge and Roll","floor":2},{"not_picked":["Dagger Spray","Sucker Punch"],"picked":"Quick Slash","floor":6},{"not_picked":["Underhanded Strike","Flechettes","A Thousand Cuts"],"picked":"Skewer","floor":10},{"not_picked":["Sucker Punch","Acrobatics","Skewer"],"picked":"Dash","floor":11},{"not_picked":["Quick Slash","Flying Knee","Outmaneuver"],"picked":"Glass Knife","floor":14},{"not_picked":["After Image+1","Venomology","Corpse Explosion"],"picked":"A Thousand Cuts+1","floor":16},{"not_picked":["Outmaneuver","Prepared","Slice"],"picked":"Cloak And Dagger+1","floor":18},{"not_picked":["Cloak And Dagger","Crippling Poison","Flying Knee"],"picked":"Corpse Explosion","floor":20},{"not_picked":["Dodge and Roll","PiercingWail","Backflip"],"picked":"Noxious Fumes+1","floor":21},{"not_picked":["Riddle With Holes+1","Calculated Gamble","Dodge and Roll"],"picked":"Infinite Blades+1","floor":22},{"not_picked":["Calculated Gamble","Expertise","Catalyst"],"picked":"Dodge and Roll+1","floor":25},{"not_picked":["Acrobatics","Cloak And Dagger","Sucker Punch"],"picked":"Choke","floor":27},{"not_picked":["Expertise","Concentrate","Skewer"],"picked":"Calculated Gamble","floor":28},{"not_picked":["Storm of Steel","Bullet Time","Adrenaline"],"picked":"Envenom+1","floor":33},{"not_picked":["Flechettes","Underhanded Strike","Bane","Reflex"],"picked":"SKIP","floor":35},{"not_picked":["Underhanded Strike","Heel Hook","Poisoned Stab"],"picked":"Caltrops+1","floor":36},{"not_picked":["Slice","Deflect","Setup"],"picked":"Blur","floor":38},{"not_picked":["Prepared","Dash","Masterful Stab"],"picked":"Well Laid Plans+1","floor":41},{"not_picked":["Acrobatics","Footwork+1","Quick Slash"],"picked":"Accuracy+1","floor":44},{"not_picked":["Dash","Storm of Steel","Underhanded Strike"],"picked":"Blade Dance","floor":45},{"not_picked":["Sucker Punch+1","Reflex","Riddle With Holes"],"picked":"Noxious Fumes+1","floor":47}],"player_experience":1230379,"relics_obtained":[{"floor":6,"key":"Torii"},{"floor":9,"key":"Question Card"},{"floor":10,"key":"Odd Mushroom"},{"floor":14,"key":"Mummified Hand"},{"floor":24,"key":"Bronze Scales"},{"floor":26,"key":"Paper Crane"},{"floor":36,"key":"Tough Bandages"},{"floor":37,"key":"Mango"},{"floor":43,"key":"Boot"},{"floor":45,"key":"Turnip"}],"event_choices":[{"damage_healed":0,"gold_gain":0,"player_choice":"Entered Light","damage_taken":20,"max_hp_gain":0,"max_hp_loss":0,"event_name":"Shining Light","floor":3,"gold_loss":0,"cards_upgraded":["Survivor","Defend_G"]},{"damage_healed":16,"gold_gain":0,"player_choice":"Healed","damage_taken":0,"max_hp_gain":0,"max_hp_loss":0,"event_name":"The Cleric","floor":4,"gold_loss":35},{"damage_healed":0,"gold_gain":150,"player_choice":"AGREE","damage_taken":0,"max_hp_gain":0,"max_hp_loss":0,"event_name":"Liars Game","floor":5,"gold_loss":0,"cards_obtained":["Doubt"]},{"damage_healed":0,"gold_gain":0,"player_choice":"Fought Mushrooms","damage_taken":0,"max_hp_gain":0,"max_hp_loss":0,"event_name":"Mushrooms","floor":10,"gold_loss":0},{"damage_healed":0,"gold_gain":0,"player_choice":"Success","damage_taken":18,"relics_obtained":["Frozen Egg 2"],"max_hp_gain":0,"max_hp_loss":0,"event_name":"Scrap Ooze","floor":13,"gold_loss":0},{"damage_healed":0,"gold_gain":0,"player_choice":"Gave Potion","damage_taken":0,"relics_obtained":["Ninja Scroll"],"max_hp_gain":0,"max_hp_loss":0,"event_name":"WeMeetAgain","floor":19,"gold_loss":0},{"damage_healed":0,"gold_gain":0,"player_choice":"Fight","damage_taken":0,"max_hp_gain":0,"max_hp_loss":0,"event_name":"Mysterious Sphere","floor":36,"gold_loss":0},{"damage_healed":0,"gold_gain":0,"player_choice":"Fight","damage_taken":0,"max_hp_gain":0,"max_hp_loss":0,"event_name":"MindBloom","floor":45,"gold_loss":0},{"cards_removed":["Strike_G"],"damage_healed":0,"gold_gain":0,"player_choice":"Offered Basic","damage_taken":0,"max_hp_gain":0,"max_hp_loss":0,"event_name":"Bonfire Elementals","floor":46,"gold_loss":0}],"is_beta":false,"boss_relics":[{"not_picked":["Calling Bell","Runic Pyramid"],"picked":"Empty Cage"},{"not_picked":["White Beast Statue","Ring of the Serpent"],"picked":"WristBlade"}],"items_purged_floors":[8,29,39,48],"is_endless":false,"potions_floor_spawned":[1,10,18,25,28,33,35,36,41,45,47],"killed_by":"Awakened One","ascension_level":16}