{"gold_per_floor":[114,12,12,12,12,55,68,68,68,68,99,120,16,16,16,107,107,131,131,15,36,50,50,66,66,66,90,90,134,24,24],"floor_reached":31,"playtime":1054,"items_purged":[],"score":470,"play_id":"857b9e5d-8826-4081-af65-4e395ef99331","local_time":"20190608202851","is_ascension_mode":true,"campfire_choices":[{"data":"Neutralize","floor":8.0,"key":"SMITH"},{"floor":10.0,"key":"REST"},{"floor":15.0,"key":"REST"},{"floor":23.0,"key":"REST"},{"data":"Choke","floor":25.0,"key":"SMITH"}],"neow_cost":"PERCENT_DAMAGE","seed_source_timestamp":142943227912600,"circlet_count":0,"master_deck":["AscendersBane","Defend_G","Defend_G","Defend_G","Defend_G","Defend_G","Strike_G","Strike_G","Survivor","Neutralize+1","Infinite Blades","Backstab+1","Backflip","Injury","Glass Knife+1","Choke+1","Slice","Deflect","Crippling Poison+1","Quick Slash","Night Terror","Infinite Blades","Dagger Throw","Outmaneuver","Acrobatics","Catalyst","RitualDagger"],"special_seed":0,"relics":["Ring of the Snake","Golden Idol","Kunai","Calipers","Darkstone Periapt","Paper Crane","Busted Crown","Shuriken","Ornamental Fan","Question Card"],"potions_floor_usage":[29,29],"damage_taken":[{"damage":8.0,"enemies":"Cultist","floor":1.0,"turns":7.0},{"damage":13.0,"enemies":"Lagavulin","floor":6.0,"turns":8.0},{"damage":1.0,"enemies":"2 Louse","floor":7.0,"turns":2.0},{"damage":12.0,"enemies":"Gremlin Nob","floor":11.0,"turns":4.0},{"damage":7.0,"enemies":"Jaw Worm","floor":12.0,"turns":2.0},{"damage":4.0,"enemies":"The Guardian","floor":16.0,"turns":12.0},{"damage":0.0,"enemies":"3 Byrds","floor":18.0,"turns":4.0},{"damage":1.0,"enemies":"Spheric Guardian","floor":21.0,"turns":3.0},{"damage":27.0,"enemies":"Snake Plant","floor":22.0,"turns":4.0},{"damage":8.0,"enemies":"Centurion and Healer","floor":24.0,"turns":8.0},{"damage":4.0,"enemies":"Cultist and Chosen","floor":27.0,"turns":6.0},{"damage":23,"enemies":"Slavers","floor":29,"turns":4},{"damage":10,"enemies":"3 Cultists","floor":31,"turns":3}],"seed_played":"3111828146673402166","potions_obtained":[{"floor":1.0,"key":"PowerPotion"},{"floor":6.0,"key":"LiquidBronze"},{"floor":7.0,"key":"Dexterity Potion"},{"floor":12.0,"key":"LiquidBronze"},{"floor":18.0,"key":"AttackPotion"},{"floor":21.0,"key":"Dexterity Potion"},{"floor":22.0,"key":"LiquidBronze"}],"is_trial":false,"path_per_floor":["M","$","?","T","?","E","M","R","T","R","E","M","$","?","R","B",null,"M","T","$","M","M","R","M","R","T","M","?","E","?","M"],"character_chosen":"THE_SILENT","items_purchased":["Backstab","Backflip","Crippling Poison","Quick Slash","Infinite Blades","Dagger Throw"],"campfire_rested":3,"item_purchase_floors":[2,2,13,13,20,20],"current_hp_per_floor":[36,36,36,36,36,23,22,22,22,41,29,22,22,22,41,37,59,59,59,59,58,31,50,42,42,42,38,32,9,9,0],"gold":24,"neow_bonus":"REMOVE_TWO","is_prod":false,"is_daily":false,"chose_seed":false,"campfire_upgraded":2,"win_rate":0,"timestamp":1560018531,"path_taken":["M","?","?","?","?","E","M","R","T","R","E","?","$","?","R","BOSS","M","?","$","M","M","R","M","R","T","M","?","E","?","M"],"build_version":"2019-01-23","purchased_purges":0,"victory":false,"max_hp_per_floor":[66,66,66,66,66,66,66,66,66,66,66,66,66,66,66,66,66,66,66,66,66,66,66,66,66,66,66,66,66,66,66],"card_choices":[{"not_picked":["Underhanded Strike","Deadly Poison"],"picked":"Infinite Blades","floor":1.0},{"not_picked":["Concentrate","Bouncing Flask"],"picked":"Glass Knife","floor":6.0},{"not_picked":["PiercingWail","Quick Slash"],"picked":"Choke","floor":7.0},{"not_picked":["Catalyst","Quick Slash"],"picked":"Slice","floor":11.0},{"not_picked":["Underhanded Strike","Deadly Poison"],"picked":"Deflect","floor":12.0},{"not_picked":["Die Die Die","Glass Knife"],"picked":"Night Terror","floor":16.0},{"not_picked":["Deflect"],"picked":"SKIP","floor":18.0},{"not_picked":["Dagger Throw"],"picked":"SKIP","floor":21.0},{"not_picked":[],"picked":"Outmaneuver","floor":22.0},{"not_picked":[],"picked":"Acrobatics","floor":24.0},{"not_picked":[],"picked":"Catalyst","floor":27.0},{"not_picked":["Reflex"],"picked":"SKIP","floor":29}],"player_experience":1233261,"relics_obtained":[{"floor":4.0,"key":"Kunai"},{"floor":6.0,"key":"Calipers"},{"floor":9.0,"key":"Darkstone Periapt"},{"floor":11.0,"key":"Paper Crane"},{"floor":19.0,"key":"Shuriken"},{"floor":26.0,"key":"Ornamental Fan"},{"floor":29,"key":"Question Card"}],"event_choices":[{"damage_healed":0.0,"max_hp_gain":0.0,"max_hp_loss":0.0,"gold_gain":0.0,"event_name":"Golden Idol","player_choice":"Take Wound","floor":3.0,"gold_loss":0.0,"damage_taken":0.0,"relics_obtained":["Golden Idol"],"cards_obtained":["Injury"]},{"damage_healed":0.0,"max_hp_gain":0.0,"max_hp_loss":0.0,"gold_gain":0.0,"event_name":"Living Wall","player_choice":"Grow","floor":5.0,"gold_loss":0.0,"damage_taken":0.0,"cards_upgraded":["Backstab"]},{"damage_healed":0.0,"max_hp_gain":0.0,"max_hp_loss":0.0,"gold_gain":0.0,"event_name":"Accursed Blacksmith","player_choice":"Forge","floor":14.0,"gold_loss":0.0,"damage_taken":0.0,"cards_upgraded":["Crippling Poison"]},{"damage_healed":0,"gold_gain":0,"player_choice":"Joined the Cult","damage_taken":6,"max_hp_gain":0,"max_hp_loss":0,"event_name":"Nest","floor":28,"gold_loss":0,"cards_obtained":["RitualDagger"]},{"cards_removed":["Strike_G"],"damage_healed":0,"gold_gain":0,"player_choice":"Upgrade and Remove","damage_taken":0,"max_hp_gain":0,"max_hp_loss":0,"event_name":"Designer","floor":30,"gold_loss":110,"cards_upgraded":["Glass Knife"]}],"is_beta":false,"boss_relics":[{"not_picked":["Coffee Dripper","Ring of the Serpent"],"picked":"Busted Crown"}],"items_purged_floors":[],"is_endless":false,"potions_floor_spawned":[1,6,7,12,18,21,22],"killed_by":"3 Cultists","ascension_level":16}