{"gold_per_floor":[110,60,60,60,60,95,95,113,113,127,156,175,175,74,74,74],"floor_reached":16,"playtime":1123,"items_purged":["Defend_B"],"score":226,"play_id":"538ff6f2-89c7-4646-8a1b-2b433f593105","local_time":"20190423100656","is_ascension_mode":true,"campfire_choices":[{"data":"Biased Cognition","floor":7,"key":"SMITH"},{"data":"Biased Cognition","floor":13,"key":"SMITH"},{"data":"Leap","floor":15,"key":"SMITH"}],"neow_cost":"NONE","seed_source_timestamp":42055548551700,"circlet_count":0,"master_deck":["AscendersBane","Strike_B","Strike_B","Defend_B","Defend_B","Defend_B","Zap+1","Dualcast","Fusion+1","Biased Cognition+1","Leap+1","Biased Cognition+1","Conserve Battery","Cold Snap","Hologram"],"relics":["Cracked Core","NeowsBlessing","Boot","Cables","Dodecahedron","Bronze Scales"],"potions_floor_usage":[10,11,12],"damage_taken":[{"damage":0,"enemies":"2 Louse","floor":1,"turns":1},{"damage":0,"enemies":"Lagavulin","floor":6,"turns":1},{"damage":0,"enemies":"Small Slimes","floor":8,"turns":1},{"damage":0,"enemies":"Jaw Worm","floor":10,"turns":4},{"damage":8,"enemies":"Gremlin Nob","floor":11,"turns":3},{"damage":5,"enemies":"Red Slaver","floor":12,"turns":2},{"damage":14,"enemies":"Hexaghost","floor":16,"turns":11}],"seed_played":"-8703177496668948718","potions_obtained":[{"floor":6,"key":"SpeedPotion"},{"floor":10,"key":"Fire Potion"},{"floor":11,"key":"AttackPotion"}],"is_trial":false,"path_per_floor":["M","?","?","?","?","E","R","M","T","M","E","M","R","$","R","B"],"character_chosen":"DEFECT","items_purchased":["Hologram"],"campfire_rested":0,"item_purchase_floors":[14],"current_hp_per_floor":[64,64,50,43,25,25,25,25,25,25,17,12,12,12,12,0],"gold":74,"neow_bonus":"THREE_ENEMY_KILL","is_prod":false,"is_daily":false,"chose_seed":false,"campfire_upgraded":3,"win_rate":0,"timestamp":1556006816,"path_taken":["M","?","?","?","?","E","R","?","T","M","E","M","R","$","R","BOSS"],"build_version":"2019-01-23","purchased_purges":1,"victory":false,"max_hp_per_floor":[71,71,71,71,71,71,71,71,71,71,71,71,71,71,71,71],"card_choices":[{"not_picked":["Redo","Steam"],"picked":"Fusion","floor":1},{"not_picked":["Redo","Chaos"],"picked":"Biased Cognition","floor":6},{"not_picked":["Glacier","Go for the Eyes"],"picked":"Leap","floor":8},{"not_picked":["Stack","Cold Snap"],"picked":"Biased Cognition","floor":10},{"not_picked":["Reinforced Body","Stack"],"picked":"Conserve Battery","floor":11},{"not_picked":["Compile Driver","Conserve Battery"],"picked":"Cold Snap","floor":12}],"player_experience":1042904,"relics_obtained":[{"floor":6,"key":"Cables"},{"floor":9,"key":"Dodecahedron"},{"floor":11,"key":"Bronze Scales"}],"event_choices":[{"cards_removed":["Strike_B"],"damage_healed":0,"gold_gain":0,"player_choice":"Card Removal","damage_taken":0,"max_hp_gain":0,"max_hp_loss":0,"event_name":"The Cleric","floor":2,"gold_loss":50},{"damage_healed":0,"gold_gain":0,"player_choice":"Entered Light","damage_taken":14,"max_hp_gain":0,"max_hp_loss":0,"event_name":"Shining Light","floor":3,"gold_loss":0,"cards_upgraded":["Zap","Fusion"]},{"cards_removed":["Strike_B"],"damage_healed":0,"gold_gain":0,"player_choice":"Card Removal","damage_taken":7,"max_hp_gain":0,"max_hp_loss":0,"event_name":"Golden Wing","floor":4,"gold_loss":0},{"damage_healed":0,"gold_gain":0,"player_choice":"Success","damage_taken":18,"relics_obtained":["Boot"],"max_hp_gain":0,"max_hp_loss":0,"event_name":"Scrap Ooze","floor":5,"gold_loss":0}],"is_beta":false,"boss_relics":[],"items_purged_floors":[14],"is_endless":false,"potions_floor_spawned":[6,10,11],"killed_by":"Hexaghost","ascension_level":14}