{"gold_per_floor":[115,129,147,167,182,182,182,182,182,182,182,193,193,63,63,63],"floor_reached":16,"playtime":507,"items_purged":["Parasite"],"score":179,"play_id":"6f08b333-910c-40e1-be96-a139dd26ef0c","local_time":"20190826124032","is_ascension_mode":true,"campfire_choices":[{"data":"Buffer","floor":6,"key":"SMITH"},{"data":"Turbo","floor":8,"key":"SMITH"},{"data":"Zap","floor":11,"key":"SMITH"},{"data":"Dualcast","floor":13,"key":"SMITH"},{"data":"Go for the Eyes","floor":15,"key":"SMITH"}],"neow_cost":"NONE","seed_source_timestamp":1166989559439545,"circlet_count":0,"master_deck":["AscendersBane","Strike_B","Strike_B","Strike_B","Strike_B","Defend_B","Defend_B","Defend_B","Defend_B","Zap+1","Dualcast+1","Auto Shields+1","Turbo+1","Gash","Buffer+1","Steam","Go for the Eyes+1"],"relics":["Sozu"],"potions_floor_usage":[],"damage_taken":[{"damage":0,"enemies":"Cultist","floor":1,"turns":4},{"damage":3,"enemies":"2 Louse","floor":2,"turns":3},{"damage":0,"enemies":"Small Slimes","floor":3,"turns":3},{"damage":6,"enemies":"2 Fungi Beasts","floor":4,"turns":4},{"damage":18,"enemies":"Exordium Thugs","floor":5,"turns":6},{"damage":16,"enemies":"Exordium Wildlife","floor":12,"turns":9},{"damage":45,"enemies":"The Guardian","floor":16,"turns":17}],"seed_played":"5909173205714090144","potions_obtained":[],"is_trial":false,"path_per_floor":["M","M","M","M","M","R","?","R","T","?","R","M","R","$","R","B"],"character_chosen":"DEFECT","items_purchased":["Go for the Eyes"],"campfire_rested":0,"item_purchase_floors":[14],"current_hp_per_floor":[64,61,61,55,37,37,54,54,54,54,54,38,38,38,38,0],"gold":63,"neow_bonus":"BOSS_RELIC","is_prod":false,"is_daily":false,"chose_seed":false,"campfire_upgraded":5,"win_rate":0,"timestamp":1566848432,"path_taken":["M","M","M","M","M","R","?","R","T","?","R","?","R","$","R","BOSS"],"build_version":"2019-07-17","purchased_purges":1,"victory":false,"max_hp_per_floor":[71,71,71,71,71,71,71,71,71,71,71,71,71,68,68,68],"card_choices":[{"not_picked":["Doom and Gloom","Compile Driver"],"picked":"Auto Shields","floor":1},{"not_picked":["Self Repair","Double Energy"],"picked":"Turbo","floor":2},{"not_picked":["Sweeping Beam","Turbo"],"picked":"Gash","floor":3},{"not_picked":["White Noise","Beam Cell","Conserve Battery"],"picked":"SKIP","floor":4},{"not_picked":["Coolheaded","Auto Shields"],"picked":"Buffer","floor":5},{"not_picked":["Static Discharge","Leap"],"picked":"Steam","floor":12}],"player_experience":187024,"relics_obtained":[],"event_choices":[{"damage_healed":17,"gold_gain":0,"player_choice":"Healed and dodged fight","damage_taken":0,"max_hp_gain":0,"max_hp_loss":0,"event_name":"Mushrooms","floor":7,"gold_loss":0,"cards_obtained":["Parasite"]},{"damage_healed":0,"gold_gain":0,"player_choice":"Forge","damage_taken":0,"max_hp_gain":0,"max_hp_loss":0,"event_name":"Accursed Blacksmith","floor":10,"gold_loss":0,"cards_upgraded":["Auto Shields"]}],"is_beta":false,"boss_relics":[],"items_purged_floors":[14],"is_endless":false,"potions_floor_spawned":[1,5,12],"killed_by":"The Guardian","ascension_level":19}