{"gold_per_floor":[115,130,150,75,92,92,47,47,73,108,108,133,133,168,168,270,270,287,287,14,24,24,24,52,52,52,52,27,60,87,131,143,251,263,295,31,31,31,48,82,97,111,111,138,138,171,191,208,208,208],"floor_reached":51,"playtime":3013,"items_purged":["Strike_R","Strike_R","Writhe"],"score":836,"play_id":"3ff6ddfe-9631-44ce-bfa0-3a7d518019f1","local_time":"20190915233520","is_ascension_mode":false,"campfire_choices":[{"data":"Uppercut","floor":6,"key":"SMITH"},{"data":"Havoc","floor":8,"key":"SMITH"},{"data":"Armaments","floor":11,"key":"SMITH"},{"data":"Feel No Pain","floor":15,"key":"SMITH"},{"data":"True Grit","floor":23,"key":"SMITH"},{"data":"Immolate","floor":27,"key":"SMITH"},{"data":"Immolate","floor":32,"key":"SMITH"},{"floor":45,"key":"REST"},{"floor":49,"key":"DIG"}],"neow_cost":"NONE","seed_source_timestamp":395201708324129,"circlet_count":0,"master_deck":["Strike_R","Defend_R","Defend_R","Defend_R","Defend_R","Bash","Corruption","Uppercut+1","Havoc+1","Armaments+1","Carnage","Feel No Pain+1","Immolate+1","True Grit+1","Shrug It Off","Spot Weakness+1","Shrug It Off","Immolate+1","Reaper","Mayhem","Inflame","True Grit+1","Fiend Fire","Metallicize+1","Shockwave+1","True Grit+1","Second Wind","Demon Form","Heavy Blade"],"relics":["Burning Blood","Vajra","Bag of Preparation","Pear","Eternal Feather","Black Star","Strange Spoon","Bronze Scales","Regal Pillow","Pantograph","Bird Faced Urn","MawBank","Turnip","Thread and Needle","Prayer Wheel","Mark of Pain","Shovel","Mercury Hourglass","Sundial","Dead Branch","Shuriken","Toxic Egg 2","Juzu Bracelet","PreservedInsect"],"potions_floor_usage":[10,14,29,29,30,33,42,44],"damage_taken":[{"damage":6,"enemies":"Cultist","floor":1,"turns":3},{"damage":8,"enemies":"Small Slimes","floor":2,"turns":3},{"damage":6,"enemies":"Jaw Worm","floor":3,"turns":5},{"damage":14,"enemies":"Looter","floor":5,"turns":4},{"damage":8,"enemies":"Lagavulin","floor":10,"turns":6},{"damage":16,"enemies":"Gremlin Nob","floor":12,"turns":4},{"damage":0,"enemies":"Lagavulin","floor":14,"turns":5},{"damage":47,"enemies":"The Guardian","floor":16,"turns":11},{"damage":10,"enemies":"Shell Parasite","floor":18,"turns":8},{"damage":2,"enemies":"Chosen","floor":21,"turns":4},{"damage":10,"enemies":"Gremlin Leader","floor":24,"turns":6},{"damage":28,"enemies":"Slavers","floor":29,"turns":4},{"damage":10,"enemies":"Snake Plant","floor":30,"turns":3},{"damage":24,"enemies":"Gremlin Leader","floor":31,"turns":8},{"damage":75,"enemies":"Collector","floor":33,"turns":10},{"damage":0,"enemies":"3 Darklings","floor":35,"turns":3},{"damage":24,"enemies":"Orb Walker","floor":39,"turns":4},{"damage":15,"enemies":"Reptomancer","floor":40,"turns":5},{"damage":55,"enemies":"Maw","floor":41,"turns":9},{"damage":7,"enemies":"Transient","floor":42,"turns":5},{"damage":8,"enemies":"Nemesis","floor":44,"turns":9},{"damage":9,"enemies":"Giant Head","floor":46,"turns":7},{"damage":8,"enemies":"Spire Growth","floor":47,"turns":3},{"damage":6,"enemies":"Writhing Mass","floor":48,"turns":4},{"damage":59,"enemies":"Time Eater","floor":50,"turns":12}],"seed_played":"-867090378437874973","potions_obtained":[{"floor":0,"key":"SkillPotion"},{"floor":0,"key":"SteroidPotion"},{"floor":0,"key":"SpeedPotion"},{"floor":2,"key":"AttackPotion"},{"floor":12,"key":"SteroidPotion"},{"floor":14,"key":"FearPotion"},{"floor":16,"key":"Fire Potion"},{"floor":24,"key":"Block Potion"},{"floor":31,"key":"DuplicationPotion"},{"floor":44,"key":"DuplicationPotion"},{"floor":47,"key":"DuplicationPotion"}],"is_trial":false,"path_per_floor":["M","M","M","$","M","R","$","R","T","E","R","E","?","E","R","B",null,"M","?","$","M","?","R","E","?","T","R","$","E","M","E","R","B",null,"M","$","?","$","M","E","M","M","T","E","R","E","M","M","R","B",null],"character_chosen":"IRONCLAD","items_purchased":["Havoc","Shrug It Off","Strange Spoon","Shrug It Off","AttackPotion","Energy Potion","Block Potion"],"campfire_rested":1,"item_purchase_floors":[7,20,20,28,36,36,36],"current_hp_per_floor":[80,78,78,78,70,70,70,70,70,68,68,68,61,67,73,32,90,86,86,86,90,90,90,86,86,86,90,90,68,64,50,59,17,90,90,90,80,80,68,63,38,41,41,48,90,90,90,90,90,68],"gold":208,"neow_bonus":"THREE_SMALL_POTIONS","is_prod":false,"is_daily":false,"chose_seed":false,"campfire_upgraded":7,"win_rate":0,"timestamp":1568604920,"path_taken":["M","M","M","$","?","R","?","R","T","E","R","E","?","E","R","BOSS","M","?","$","M","?","R","E","?","T","R","$","E","M","E","R","BOSS","M","$","?","?","M","E","M","M","T","E","R","E","M","M","R","BOSS"],"build_version":"2019-09-12","purchased_purges":3,"victory":true,"max_hp_per_floor":[80,80,80,80,80,80,80,80,80,80,80,90,90,90,90,90,90,90,90,90,90,90,90,90,90,90,90,90,90,90,90,90,90,90,90,90,90,90,90,90,90,90,90,90,90,90,90,90,90,90],"card_choices":[{"not_picked":["Sentinel","Body Slam","Clash"],"picked":"SKIP","floor":1},{"not_picked":["Cleave","Fire Breathing"],"picked":"Corruption","floor":2},{"not_picked":["Wild Strike","Warcry"],"picked":"Uppercut","floor":3},{"not_picked":["Rage","Twin Strike","Flex"],"picked":"SKIP","floor":5},{"not_picked":["Flex","Heavy Blade"],"picked":"Armaments","floor":10},{"not_picked":["Clash","Double Tap"],"picked":"Carnage","floor":12},{"not_picked":["Searing Blow","Flex"],"picked":"Feel No Pain","floor":14},{"not_picked":["Offering","Bludgeon"],"picked":"Immolate","floor":16},{"not_picked":["Perfected Strike","Warcry+1"],"picked":"True Grit","floor":18},{"not_picked":["Twin Strike","Bloodletting+1","Sword Boomerang"],"picked":"SKIP","floor":21},{"not_picked":["Carnage","Reckless Charge+1"],"picked":"Spot Weakness+1","floor":24},{"not_picked":["Twin Strike","Pummel+1","Hemokinesis"],"picked":"SKIP","floor":29},{"not_picked":["Flex","Whirlwind","Warcry"],"picked":"SKIP","floor":30},{"not_picked":["Pommel Strike","Shrug It Off"],"picked":"Immolate","floor":31},{"not_picked":["Barricade","Impervious"],"picked":"Reaper","floor":33},{"not_picked":["Sword Boomerang+1","Combust","Wild Strike"],"picked":"SKIP","floor":35},{"not_picked":["Anger+1","Barricade","Havoc"],"picked":"SKIP","floor":35},{"not_picked":["Apotheosis","Thinking Ahead"],"picked":"Mayhem","floor":37},{"not_picked":["Ghostly Armor+1","Burning Pact"],"picked":"Inflame","floor":39},{"not_picked":["Fire Breathing+1","Perfected Strike"],"picked":"True Grit+1","floor":39},{"not_picked":["Carnage+1","True Grit","Second Wind"],"picked":"SKIP","floor":40},{"not_picked":["Warcry+1","Thunderclap+1"],"picked":"Fiend Fire","floor":41},{"not_picked":["Rampage+1","Clash+1"],"picked":"Metallicize+1","floor":41},{"not_picked":["Fire Breathing+1","Iron Wave"],"picked":"Shockwave+1","floor":42},{"not_picked":["Perfected Strike+1","Rage+1"],"picked":"True Grit+1","floor":42},{"not_picked":["Armaments+1","Thunderclap+1"],"picked":"Second Wind","floor":44},{"not_picked":["Blood for Blood","Clothesline","Evolve+1"],"picked":"SKIP","floor":46},{"not_picked":["Perfected Strike+1","Rage+1"],"picked":"Demon Form","floor":47},{"not_picked":["Blood for Blood+1","Metallicize"],"picked":"Heavy Blade","floor":47},{"not_picked":["Cleave","Entrench+1","Twin Strike"],"picked":"SKIP","floor":48},{"not_picked":["Iron Wave+1","Perfected Strike","Thunderclap+1"],"picked":"SKIP","floor":48}],"player_experience":392469,"relics_obtained":[{"floor":9,"key":"Vajra"},{"floor":10,"key":"Bag of Preparation"},{"floor":12,"key":"Pear"},{"floor":14,"key":"Eternal Feather"},{"floor":24,"key":"Regal Pillow"},{"floor":24,"key":"Pantograph"},{"floor":26,"key":"Bird Faced Urn"},{"floor":29,"key":"MawBank"},{"floor":29,"key":"Turnip"},{"floor":31,"key":"Thread and Needle"},{"floor":31,"key":"Prayer Wheel"},{"floor":40,"key":"Shovel"},{"floor":40,"key":"Mercury Hourglass"},{"floor":43,"key":"Sundial"},{"floor":44,"key":"Dead Branch"},{"floor":44,"key":"Shuriken"},{"floor":46,"key":"Toxic Egg 2"},{"floor":46,"key":"Juzu Bracelet"},{"floor":49,"key":"PreservedInsect"}],"event_choices":[{"cards_removed":["Strike_R"],"damage_healed":0,"gold_gain":0,"player_choice":"Card Removal","damage_taken":7,"max_hp_gain":0,"max_hp_loss":0,"event_name":"Golden Wing","floor":13,"gold_loss":0},{"cards_removed":["Strike_R"],"damage_healed":0,"gold_gain":0,"player_choice":"Elegance","damage_taken":0,"max_hp_gain":0,"max_hp_loss":0,"event_name":"Back to Basics","floor":19,"gold_loss":0},{"damage_healed":0,"gold_gain":0,"player_choice":"Opened","damage_taken":0,"relics_obtained":["Bronze Scales"],"max_hp_gain":0,"max_hp_loss":0,"event_name":"The Mausoleum","floor":22,"gold_loss":0,"cards_obtained":["Writhe"]},{"damage_healed":0,"gold_gain":0,"player_choice":"Ignored","damage_taken":0,"max_hp_gain":0,"max_hp_loss":0,"event_name":"Vampires","floor":25,"gold_loss":0},{"damage_healed":0,"gold_gain":0,"player_choice":"Memory 3","damage_taken":10,"max_hp_gain":0,"max_hp_loss":0,"event_name":"SensoryStone","floor":37,"gold_loss":0}],"is_beta":true,"boss_relics":[{"not_picked":["Coffee Dripper","Runic Cube"],"picked":"Black Star"},{"not_picked":["Velvet Choker","Tiny House"],"picked":"Mark of Pain"}],"items_purged_floors":[4,20,36],"is_endless":false,"potions_floor_spawned":[2,12,14,16,21,24,31,39,41,44,47,48],"ascension_level":0}