{"gold_per_floor":[16,33,33,44,9,9,43,55,134,159,159,223,298,327,327,327],"floor_reached":16,"playtime":496,"items_purged":[],"score":218,"play_id":"51edef92-da9b-4d05-8bfc-0f769e0c429a","local_time":"20181017185306","is_ascension_mode":true,"campfire_choices":[{"data":"Hemokinesis","floor":6,"key":"SMITH"},{"floor":11,"key":"DIG"},{"floor":15,"key":"REST"}],"neow_cost":"NO_GOLD","seed_source_timestamp":606700654860053,"circlet_count":0,"master_deck":["Strike_R","Strike_R","Strike_R","Strike_R","Strike_R","Defend_R","Defend_R","Defend_R","Defend_R","Bash","AscendersBane","Limit Break","Cleave","Hemokinesis+1","Headbutt","Immolate","Sword Boomerang","True Grit","Whirlwind"],"relics":["Burning Blood","Shovel","Singing Bowl","Bag of Marbles","Lantern","Letter Opener","Juzu Bracelet"],"potions_floor_usage":[7,10,12,14],"damage_taken":[{"damage":10,"enemies":"2 Louse","floor":1,"turns":6},{"damage":11,"enemies":"Jaw Worm","floor":2,"turns":4},{"damage":14,"enemies":"Small Slimes","floor":4,"turns":3},{"damage":20,"enemies":"Gremlin Nob","floor":7,"turns":3},{"damage":5,"enemies":"Blue Slaver","floor":8,"turns":2},{"damage":7,"enemies":"3 Sentries","floor":10,"turns":3},{"damage":25,"enemies":"3 Sentries","floor":12,"turns":5},{"damage":30,"enemies":"Lagavulin","floor":14,"turns":4},{"damage":35,"enemies":"Slime Boss","floor":16,"turns":4}],"seed_played":"-2596003351182880872","potions_obtained":[{"floor":2,"key":"Fire Potion"},{"floor":4,"key":"Swift Potion"},{"floor":7,"key":"SteroidPotion"},{"floor":12,"key":"Fruit Juice"}],"is_trial":false,"path_per_floor":["M","M","$","M","?","R","E","M","T","E","R","?","?","E","R"],"character_chosen":"IRONCLAD","items_purchased":[],"campfire_rested":1,"item_purchase_floors":[],"current_hp_per_floor":[64,59,59,51,69,69,55,56,56,57,57,43,32,8,32,0],"gold":327,"neow_bonus":"THREE_RARE_CARDS","is_prod":false,"is_daily":false,"chose_seed":false,"campfire_upgraded":1,"win_rate":0,"timestamp":1539798786,"path_taken":["M","M","$","M","?","R","E","?","T","E","R","?","?","E","R","BOSS"],"build_version":"2018-10-11","purchased_purges":0,"victory":false,"max_hp_per_floor":[75,75,75,75,75,75,75,75,75,77,77,82,82,82,82,82],"card_choices":[{"not_picked":["Exhume","Impervious"],"picked":"Limit Break","floor":0},{"not_picked":["Second Wind","Evolve"],"picked":"Cleave","floor":1},{"not_picked":["Pummel","Havoc"],"picked":"Hemokinesis","floor":2},{"not_picked":["Burning Pact","Thunderclap"],"picked":"Headbutt","floor":4},{"not_picked":["Clothesline","Heavy Blade"],"picked":"Immolate","floor":7},{"not_picked":["Fire Breathing","Pummel"],"picked":"Sword Boomerang","floor":8},{"not_picked":["Dark Embrace","Body Slam","Metallicize"],"picked":"Singing Bowl","floor":10},{"not_picked":["Entrench","Armaments"],"picked":"True Grit","floor":12},{"not_picked":["Searing Blow","Sever Soul"],"picked":"Whirlwind","floor":14}],"player_experience":813583,"relics_obtained":[{"floor":7,"key":"Shovel"},{"floor":9,"key":"Singing Bowl"},{"floor":10,"key":"Bag of Marbles"},{"floor":11,"key":"Lantern"},{"floor":12,"key":"Letter Opener"},{"floor":14,"key":"Juzu Bracelet"}],"event_choices":[{"event_name":"The Cleric","player_choice":"Healed","floor":5,"damage_taken":0},{"event_name":"Dead Adventurer","player_choice":"Searched \u00272\u0027 times","floor":12,"damage_taken":0},{"event_name":"World of Goop","player_choice":"Gather Gold","floor":13,"damage_taken":0}],"is_beta":false,"boss_relics":[],"items_purged_floors":[],"is_endless":false,"potions_floor_spawned":[2,4,7,12],"killed_by":"Slime Boss","ascension_level":17}