{"gold_per_floor":[115,115,165,175,175,204,204,235,260,260,272,272,282,207,207,286,286,304,323,238,238,238,238,272,272,345,361,361,49,61,93,93,172,172,191,191,204,22,36,64,64,40,93,121,141,160,10,10,10,10],"floor_reached":51,"playtime":3357,"items_purged":["Strike_B","Zap","Strike_B","Strike_B"],"score":1587,"play_id":"2e98a235-7314-4621-9466-fc47a68dcb5f","local_time":"20190826193105","is_ascension_mode":true,"campfire_choices":[{"data":"Sunder","floor":7.0,"key":"SMITH"},{"data":"Turbo","floor":10.0,"key":"SMITH"},{"data":"Skim","floor":12.0,"key":"SMITH"},{"floor":15.0,"key":"REST"},{"floor":23.0,"key":"REST"},{"data":"Hologram","floor":25.0,"key":"SMITH"},{"data":"Go for the Eyes","floor":28.0,"key":"SMITH"},{"data":"Secret Weapon","floor":32.0,"key":"SMITH"},{"floor":41.0,"key":"REST"},{"floor":49.0,"key":"REST"}],"neow_cost":"NONE","seed_source_timestamp":1176735569549329,"circlet_count":0,"master_deck":["AscendersBane","Defend_B","Defend_B","Defend_B","Gash","Sunder+1","Turbo+1","Skim+1","Gash","All For One","Steam","Gash","Go for the Eyes+1","Hologram+1","BootSequence","Secret Weapon+1","All For One","Madness","Steam","Chill+1"],"special_seed":0,"relics":["Cracked Core","NeowsBlessing","Art of War","Centennial Puzzle","Orrery","Du-Vu Doll","Nunchaku","Bottled Flame","Blood Vial","Lizard Tail","Omamori","Orichalcum","Sundial"],"potions_floor_usage":[50],"damage_taken":[{"damage":0.0,"enemies":"Jaw Worm","floor":1.0,"turns":1.0},{"damage":0.0,"enemies":"2 Louse","floor":4.0,"turns":1.0},{"damage":0.0,"enemies":"3 Sentries","floor":6.0,"turns":1.0},{"damage":30.0,"enemies":"Lagavulin","floor":8.0,"turns":6.0},{"damage":1.0,"enemies":"Cultist","floor":11.0,"turns":3.0},{"damage":0.0,"enemies":"Looter","floor":13.0,"turns":1.0},{"damage":39.0,"enemies":"The Guardian","floor":16.0,"turns":9.0},{"damage":5.0,"enemies":"Spheric Guardian","floor":18.0,"turns":3.0},{"damage":26.0,"enemies":"Chosen","floor":19.0,"turns":6.0},{"damage":0.0,"enemies":"Gremlin Leader","floor":24.0,"turns":4.0},{"damage":3.0,"enemies":"Centurion and Healer","floor":27.0,"turns":6.0},{"damage":2.0,"enemies":"Snecko","floor":30.0,"turns":5.0},{"damage":19.0,"enemies":"Slavers","floor":31.0,"turns":3.0},{"damage":17.0,"enemies":"Collector","floor":33.0,"turns":7.0},{"damage":33.0,"enemies":"3 Shapes","floor":35.0,"turns":3.0},{"damage":6.0,"enemies":"3 Darklings","floor":37.0,"turns":2.0},{"damage":2.0,"enemies":"Sphere and 2 Shapes","floor":39.0,"turns":4.0},{"damage":21.0,"enemies":"Reptomancer","floor":40.0,"turns":5.0},{"damage":0.0,"enemies":"Giant Head","floor":44.0,"turns":4.0},{"damage":3.0,"enemies":"Jaw Worm Horde","floor":45.0,"turns":2.0},{"damage":25.0,"enemies":"4 Shapes","floor":46.0,"turns":9.0},{"damage":10,"enemies":"Donu and Deca","floor":50,"turns":3}],"seed_played":"-5385208684430683173","potions_obtained":[{"floor":1.0,"key":"Explosive Potion"},{"floor":6.0,"key":"FocusPotion"},{"floor":13.0,"key":"Weak Potion"},{"floor":19.0,"key":"Energy Potion"},{"floor":27.0,"key":"Regen Potion"},{"floor":33.0,"key":"Dexterity Potion"},{"floor":39.0,"key":"Swift Potion"},{"floor":40.0,"key":"Fruit Juice"},{"floor":45.0,"key":"GamblersBrew"},{"floor":46.0,"key":"LiquidBronze"}],"is_trial":false,"path_per_floor":["M","?","?","M","?","E","R","E","T","R","M","R","M","$","R","B",null,"M","M","?","?","?","R","E","R","T","M","R","$","M","E","R","B",null,"M","?","M","$","M","E","R","$","T","E","M","M","$","?","R","B",null],"character_chosen":"DEFECT","items_purchased":["Secret Weapon","SpeedPotion","Steam"],"campfire_rested":4,"item_purchase_floors":[29,38,42],"current_hp_per_floor":[64,57,50,50,50,50,50,20,20,20,19,19,19,19,40,1,54,49,23,23,23,23,44,44,44,44,41,41,41,39,29,29,14,57,26,26,22,22,22,3,30,30,30,32,31,8,8,8,30,22],"gold":10,"neow_bonus":"THREE_ENEMY_KILL","is_prod":false,"is_daily":false,"chose_seed":false,"campfire_upgraded":6,"win_rate":0,"timestamp":1566873065,"path_taken":["M","?","?","?","?","E","R","E","T","R","M","R","M","?","R","BOSS","M","M","?","?","?","R","E","R","T","M","R","$","?","E","R","BOSS","M","?","M","$","M","E","R","$","T","E","M","M","$","?","R","BOSS"],"build_version":"2019-07-17","purchased_purges":4,"victory":true,"max_hp_per_floor":[71,71,71,71,71,71,71,71,71,71,71,71,71,71,71,71,71,71,71,71,71,71,71,71,71,71,71,71,71,71,71,71,71,71,71,71,71,71,71,71,76,76,76,76,76,76,76,76,76,76],"card_choices":[{"not_picked":["Aggregate","Streamline"],"picked":"Gash","floor":1.0},{"not_picked":["Stack","Scrape"],"picked":"Sunder","floor":4.0},{"not_picked":["Glacier","Consume"],"picked":"Turbo","floor":6.0},{"not_picked":["Undo","Blizzard","Streamline"],"picked":"SKIP","floor":8.0},{"not_picked":["Cold Snap","Barrage"],"picked":"Skim","floor":11.0},{"not_picked":["Steam Power","Beam Cell"],"picked":"Gash","floor":13.0},{"not_picked":["Fission","Creative AI"],"picked":"All For One","floor":16.0},{"not_picked":["White Noise","Loop"],"picked":"Steam","floor":17.0},{"not_picked":["Rebound","Defragment"],"picked":"Gash","floor":17.0},{"not_picked":["Undo","Streamline"],"picked":"Go for the Eyes","floor":17.0},{"not_picked":["Fusion","Consume"],"picked":"Hologram","floor":17.0},{"not_picked":["Beam Cell","Rebound"],"picked":"BootSequence","floor":18.0},{"not_picked":["Barrage","Cold Snap","Rebound"],"picked":"SKIP","floor":19.0},{"not_picked":["Melter","Beam Cell","Glacier"],"picked":"SKIP","floor":24.0},{"not_picked":["Storm","Consume+1","Sunder"],"picked":"SKIP","floor":27.0},{"not_picked":["Barrage","Scrape","Go for the Eyes"],"picked":"SKIP","floor":30.0},{"not_picked":["Compile Driver","Melter+1","Machine Learning"],"picked":"SKIP","floor":31.0},{"not_picked":["Core Surge","Multi-Cast"],"picked":"All For One","floor":33.0},{"not_picked":["Gash","Loop","Streamline"],"picked":"SKIP","floor":35.0},{"not_picked":["Secret Weapon","Enlightenment"],"picked":"Madness","floor":36.0},{"not_picked":["Turbo","FTL+1","Compile Driver"],"picked":"SKIP","floor":37.0},{"not_picked":["Force Field","Sweeping Beam","Darkness"],"picked":"SKIP","floor":39.0},{"not_picked":["Rebound+1","Streamline","Beam Cell"],"picked":"SKIP","floor":40.0},{"not_picked":["Cold Snap","Leap+1","Lockon"],"picked":"SKIP","floor":44.0},{"not_picked":["White Noise","Stack","Heatsinks"],"picked":"SKIP","floor":45.0},{"not_picked":["White Noise","Stack","Heatsinks"],"picked":"SKIP","floor":45.0},{"not_picked":["Leap","Conserve Battery"],"picked":"Chill+1","floor":46.0}],"player_experience":188983,"relics_obtained":[{"floor":6.0,"key":"Art of War"},{"floor":9.0,"key":"Centennial Puzzle"},{"floor":24.0,"key":"Nunchaku"},{"floor":26.0,"key":"Bottled Flame"},{"floor":31.0,"key":"Blood Vial"},{"floor":40.0,"key":"Omamori"},{"floor":43.0,"key":"Orichalcum"},{"floor":44.0,"key":"Sundial"}],"event_choices":[{"cards_removed":["Strike_B"],"damage_healed":0.0,"max_hp_gain":0.0,"max_hp_loss":0.0,"gold_gain":0.0,"event_name":"Golden Wing","player_choice":"Card Removal","floor":2.0,"gold_loss":0.0,"damage_taken":7.0},{"damage_healed":0.0,"max_hp_gain":0.0,"max_hp_loss":0.0,"gold_gain":50.0,"event_name":"FaceTrader","player_choice":"Touch","floor":3.0,"gold_loss":0.0,"damage_taken":7.0},{"damage_healed":0.0,"max_hp_gain":0.0,"max_hp_loss":0.0,"gold_gain":0.0,"event_name":"Scrap Ooze","player_choice":"Fled","floor":5.0,"gold_loss":0.0,"damage_taken":0.0},{"damage_healed":0.0,"max_hp_gain":0.0,"max_hp_loss":0.0,"gold_gain":0.0,"event_name":"Addict","player_choice":"Obtained Relic","floor":20.0,"gold_loss":85.0,"damage_taken":0.0,"relics_obtained":["Du-Vu Doll"]},{"cards_removed":["Dualcast"],"damage_healed":0.0,"max_hp_gain":0.0,"max_hp_loss":0.0,"gold_gain":0.0,"event_name":"Back to Basics","player_choice":"Elegance","floor":21.0,"gold_loss":0.0,"damage_taken":0.0},{"damage_healed":0.0,"max_hp_gain":0.0,"max_hp_loss":0.0,"gold_gain":0.0,"event_name":"Cursed Tome","player_choice":"Ignored","floor":22.0,"gold_loss":0.0,"damage_taken":0.0},{"damage_healed":0.0,"max_hp_gain":0.0,"max_hp_loss":0.0,"gold_gain":0.0,"event_name":"SensoryStone","player_choice":"Memory 1","floor":36.0,"gold_loss":0.0,"damage_taken":0.0},{"cards_removed":["Defend_B"],"damage_healed":0.0,"max_hp_gain":0.0,"max_hp_loss":0.0,"gold_gain":0.0,"event_name":"Falling","player_choice":"Removed Skill","floor":48.0,"gold_loss":0.0,"damage_taken":0.0}],"is_beta":false,"boss_relics":[{"not_picked":["Ectoplasm","Velvet Choker"],"picked":"Orrery"},{"not_picked":["Sozu","Nuclear Battery"],"picked":"Lizard Tail"}],"items_purged_floors":[14,29,38,47],"is_endless":false,"potions_floor_spawned":[1,6,13,19,27,33,39,40,45,46],"ascension_level":19}