{"gold_per_floor":[111,124,135,285,56,90,110,110,110,121,121,121,132,162,162,239,289,303,318,353,20,20,20],"floor_reached":23,"playtime":1022,"items_purged":["Doubt","Strike_R"],"score":382,"play_id":"32ac42f0-e7d0-4550-9c6f-0a38f4f7d9ed","local_time":"20190807214553","is_ascension_mode":true,"campfire_choices":[{"data":"Armaments","floor":8.0,"key":"SMITH"},{"data":"Shockwave","floor":11.0,"key":"SMITH"},{"data":"Feel No Pain","floor":15.0,"key":"SMITH"}],"neow_cost":"NONE","seed_source_timestamp":448872040516000,"circlet_count":0,"master_deck":["AscendersBane","Strike_R","Strike_R","Defend_R","Defend_R","Defend_R+1","Defend_R","Bash+1","Headbutt","Shockwave+1","Iron Wave","Feel No Pain+1","Anger","Armaments+1","Immolate","Wild Strike","Warcry","Burning Pact","Anger","Barricade","Inflame","Heavy Blade+1","Twin Strike","Entrench","Rampage","Impervious","Wild Strike","Rupture"],"special_seed":0,"relics":["Burning Blood","Pocketwatch","Torii","Calipers","Centennial Puzzle","Tiny House","Red Mask"],"potions_floor_usage":[23],"damage_taken":[{"damage":4.0,"enemies":"2 Louse","floor":1.0,"turns":3.0},{"damage":14.0,"enemies":"Jaw Worm","floor":2.0,"turns":3.0},{"damage":5.0,"enemies":"Small Slimes","floor":3.0,"turns":4.0},{"damage":22.0,"enemies":"3 Sentries","floor":6.0,"turns":11.0},{"damage":10.0,"enemies":"Exordium Wildlife","floor":7.0,"turns":3.0},{"damage":2.0,"enemies":"Blue Slaver","floor":10.0,"turns":3.0},{"damage":1.0,"enemies":"Large Slime","floor":13.0,"turns":3.0},{"damage":11.0,"enemies":"Lagavulin","floor":14.0,"turns":6.0},{"damage":11.0,"enemies":"The Guardian","floor":16.0,"turns":10.0},{"damage":39.0,"enemies":"Shell Parasite","floor":18.0,"turns":6.0},{"damage":16.0,"enemies":"3 Byrds","floor":19.0,"turns":5.0},{"damage":13.0,"enemies":"Masked Bandits","floor":20.0,"turns":3.0},{"damage":21,"enemies":"Book of Stabbing","floor":23,"turns":5}],"seed_played":"-2583390694087022497","potions_obtained":[{"floor":6.0,"key":"Fire Potion"},{"floor":7.0,"key":"Block Potion"},{"floor":16.0,"key":"LiquidBronze"},{"floor":17.0,"key":"SteroidPotion"}],"is_trial":false,"path_per_floor":["M","M","M","?","$","E","M","R","T","M","R","?","M","E","R","B",null,"M","M","?","$","?","E"],"character_chosen":"IRONCLAD","items_purchased":["Feel No Pain","Anger","Armaments","Rampage","Impervious"],"campfire_rested":0,"item_purchase_floors":[5,5,5,21,21],"current_hp_per_floor":[70,62,63,63,63,47,43,43,43,47,47,42,47,42,42,37,71,38,28,21,21,21,0],"gold":20,"neow_bonus":"UPGRADE_CARD","is_prod":false,"is_daily":false,"chose_seed":false,"campfire_upgraded":3,"win_rate":0,"timestamp":1565207153,"path_taken":["M","M","M","?","$","E","M","R","T","M","R","?","M","E","R","BOSS","M","M","?","$","?","E"],"build_version":"2019-07-17","purchased_purges":2,"victory":false,"max_hp_per_floor":[75,75,75,75,75,75,75,75,75,75,75,75,75,75,75,75,80,80,80,80,80,80,80],"card_choices":[{"not_picked":["Clash","Flex"],"picked":"Headbutt","floor":1.0},{"not_picked":["Clash","Sever Soul"],"picked":"Shockwave","floor":2.0},{"not_picked":["Blood for Blood","Disarm"],"picked":"Iron Wave","floor":3.0},{"not_picked":["Armaments","Bludgeon"],"picked":"Immolate","floor":6.0},{"not_picked":["Combust","Blood for Blood","Wild Strike"],"picked":"SKIP","floor":7.0},{"not_picked":["Combust","Blood for Blood"],"picked":"Wild Strike","floor":7.0},{"not_picked":["Clash","Havoc"],"picked":"Warcry","floor":10.0},{"not_picked":["Rupture","Havoc"],"picked":"Burning Pact","floor":13.0},{"not_picked":["Havoc","True Grit"],"picked":"Anger","floor":14.0},{"not_picked":["Immolate","Exhume"],"picked":"Barricade","floor":16.0},{"not_picked":["Seeing Red","Clash"],"picked":"Inflame","floor":17.0},{"not_picked":["Headbutt","Wild Strike"],"picked":"Heavy Blade+1","floor":18.0},{"not_picked":["Berserk","Searing Blow"],"picked":"Twin Strike","floor":19.0},{"not_picked":["Shrug It Off","Iron Wave"],"picked":"Entrench","floor":20}],"player_experience":1809356,"relics_obtained":[{"floor":6.0,"key":"Pocketwatch"},{"floor":9.0,"key":"Torii"},{"floor":14.0,"key":"Centennial Puzzle"},{"floor":20,"key":"Red Mask"}],"event_choices":[{"damage_healed":0.0,"max_hp_gain":0.0,"max_hp_loss":0.0,"gold_gain":150.0,"event_name":"Liars Game","player_choice":"AGREE","floor":4.0,"gold_loss":0.0,"damage_taken":0.0,"cards_obtained":["Doubt"]},{"damage_healed":0.0,"max_hp_gain":0.0,"max_hp_loss":0.0,"gold_gain":0.0,"event_name":"Scrap Ooze","player_choice":"Success","floor":12.0,"gold_loss":0.0,"damage_taken":5.0,"relics_obtained":["Calipers"]},{"damage_healed":0.0,"max_hp_gain":0.0,"max_hp_loss":0.0,"gold_gain":0.0,"event_name":"Masked Bandits","player_choice":"Fought Bandits","floor":20.0,"gold_loss":0.0,"damage_taken":0.0},{"damage_healed":0,"gold_gain":0,"cards_transformed":["Strike_R","Strike_R"],"player_choice":"Became Test Subject","damage_taken":0,"max_hp_gain":0,"max_hp_loss":0,"event_name":"Drug Dealer","floor":22,"gold_loss":0,"cards_obtained":["Wild Strike","Rupture"]}],"is_beta":false,"boss_relics":[{"not_picked":["White Beast Statue","Fusion Hammer"],"picked":"Tiny House"}],"items_purged_floors":[5,21],"is_endless":false,"potions_floor_spawned":[6,7,10,16,18],"killed_by":"Book of Stabbing","ascension_level":18}