{"gold_per_floor":[114,133,143,43,318,351,351,362,362,66,84,84],"floor_reached":12,"playtime":399,"items_purged":["Regret"],"score":152,"play_id":"f0df2a8e-b906-4576-ac61-c581389d925c","local_time":"20190814231338","is_ascension_mode":true,"campfire_choices":[{"data":"Zap","floor":7,"key":"SMITH"}],"neow_cost":"NONE","seed_source_timestamp":65617806364699,"circlet_count":0,"master_deck":["AscendersBane","Strike_B","Strike_B","Strike_B","Defend_B","Defend_B","Defend_B","Defend_B","Zap+1","Dualcast","Loop","Darkness","FTL","Sunder","Capacitor","Compile Driver","Conserve Battery","Sweeping Beam","Capacitor","Redo","Coolheaded","Gash","Darkness"],"relics":["Cracked Core","Bag of Marbles","Bronze Scales"],"potions_floor_usage":[6,11,12],"damage_taken":[{"damage":2,"enemies":"Cultist","floor":1,"turns":4},{"damage":1,"enemies":"2 Louse","floor":2,"turns":3},{"damage":7,"enemies":"Jaw Worm","floor":3,"turns":3},{"damage":22,"enemies":"3 Sentries","floor":6,"turns":5},{"damage":20,"enemies":"Exordium Thugs","floor":8,"turns":4},{"damage":0,"enemies":"Exordium Wildlife","floor":11,"turns":3},{"damage":32,"enemies":"Gremlin Nob","floor":12,"turns":3}],"seed_played":"-361647803495734953","potions_obtained":[{"floor":2,"key":"PowerPotion"},{"floor":3,"key":"FearPotion"},{"floor":6,"key":"SteroidPotion"},{"floor":8,"key":"Poison Potion"}],"is_trial":false,"path_per_floor":["M","M","M","$","?","E","R","M","T","$","M","E"],"character_chosen":"DEFECT","items_purchased":["Capacitor","Compile Driver","Capacitor","Redo","Coolheaded","Gash"],"campfire_rested":0,"item_purchase_floors":[4,4,10,10,10,10],"current_hp_per_floor":[62,61,54,54,54,32,32,12,12,12,12,0],"gold":84,"neow_bonus":"TRANSFORM_CARD","is_prod":false,"is_daily":false,"chose_seed":false,"campfire_upgraded":1,"win_rate":0,"timestamp":1565817218,"path_taken":["M","?","M","?","?","E","R","?","T","$","?","E"],"build_version":"2019-07-17","purchased_purges":1,"victory":false,"max_hp_per_floor":[71,71,71,71,71,71,71,71,71,71,71,71],"card_choices":[{"not_picked":["Compile Driver","Force Field"],"picked":"Darkness","floor":1},{"not_picked":["Heatsinks","Double Energy"],"picked":"FTL","floor":2},{"not_picked":["Steam Power","Redo"],"picked":"Sunder","floor":3},{"not_picked":["Beam Cell","All For One"],"picked":"Conserve Battery","floor":6},{"not_picked":["Rebound","Steam Power"],"picked":"Sweeping Beam","floor":8},{"not_picked":["Streamline","Heatsinks"],"picked":"Darkness","floor":11}],"player_experience":1904609,"relics_obtained":[{"floor":6,"key":"Bag of Marbles"},{"floor":9,"key":"Bronze Scales"}],"event_choices":[{"damage_healed":0,"gold_gain":275,"player_choice":"Desecrate","damage_taken":0,"max_hp_gain":0,"max_hp_loss":0,"event_name":"Golden Shrine","floor":5,"gold_loss":0,"cards_obtained":["Regret"]}],"is_beta":false,"boss_relics":[],"items_purged_floors":[10],"is_endless":false,"potions_floor_spawned":[2,3,6,8],"killed_by":"Gremlin Nob","ascension_level":18}