{"gold_per_floor":[15,27,39,56,71,71,71,97,97,97,97,22,48,60,60,135,135,149,169,3,17,17],"floor_reached":22,"playtime":727,"items_purged":[],"score":390,"play_id":"02b42195-4bee-4e91-855b-f7250e80fdb9","local_time":"20190520025305","is_ascension_mode":true,"campfire_choices":[{"data":"Zap","floor":6,"key":"SMITH"},{"floor":11,"key":"REST"},{"data":"Gash","floor":15,"key":"SMITH"}],"neow_cost":"NO_GOLD","seed_source_timestamp":531468286486100,"circlet_count":0,"master_deck":["AscendersBane","Zap+1","Dualcast","Master of Strategy","Finesse","Ball Lightning","Coolheaded","Auto Shields","Beam Cell","Gash+1","Amplify","Gash","Cold Snap","Scrape","Echo Form","Steam Power","Coolheaded","Force Field","Hyperbeam","Coolheaded","Gash","Defragment","Defragment","Flash of Steel","Fusion"],"relics":["Cracked Core","Turnip","Cables","Singing Bowl","Pandora\u0027s Box"],"potions_floor_usage":[8,14,16],"damage_taken":[{"damage":0,"enemies":"Cultist","floor":1,"turns":3},{"damage":10,"enemies":"Small Slimes","floor":2,"turns":2},{"damage":5,"enemies":"2 Louse","floor":3,"turns":2},{"damage":0,"enemies":"2 Fungi Beasts","floor":4,"turns":3},{"damage":1,"enemies":"Blue Slaver","floor":5,"turns":3},{"damage":21,"enemies":"Gremlin Nob","floor":8,"turns":5},{"damage":0,"enemies":"Lagavulin","floor":13,"turns":5},{"damage":0,"enemies":"Large Slime","floor":14,"turns":3},{"damage":23,"enemies":"The Guardian","floor":16,"turns":9},{"damage":8,"enemies":"Chosen","floor":18,"turns":3},{"damage":27,"enemies":"2 Thieves","floor":19,"turns":3},{"damage":13,"enemies":"Sentry and Sphere","floor":21,"turns":6},{"damage":11,"enemies":"Snake Plant","floor":22,"turns":1}],"seed_played":"-995368695184557226","potions_obtained":[{"floor":3,"key":"Block Potion"},{"floor":13,"key":"FearPotion"},{"floor":14,"key":"Strength Potion"},{"floor":18,"key":"LiquidBronze"}],"is_trial":false,"path_per_floor":["M","M","M","M","M","R","?","E","T","?","R","?","E","M","R","B",null,"M","M","$","M","M"],"character_chosen":"DEFECT","items_purchased":["Defragment","Flash of Steel"],"campfire_rested":1,"item_purchase_floors":[20,20],"current_hp_per_floor":[64,54,49,49,48,48,48,27,27,20,41,41,41,41,41,18,58,50,23,23,10,0],"gold":17,"neow_bonus":"RANDOM_COLORLESS_2","is_prod":false,"is_daily":false,"chose_seed":false,"campfire_upgraded":2,"win_rate":0,"timestamp":1558313585,"path_taken":["M","M","M","M","?","R","?","E","T","?","R","?","E","M","R","BOSS","M","M","$","M","M"],"build_version":"2019-01-23","purchased_purges":0,"victory":false,"max_hp_per_floor":[71,71,71,71,71,71,71,71,71,71,71,71,71,71,71,71,71,71,71,71,71,71],"card_choices":[{"not_picked":["Sweeping Beam","Redo"],"picked":"Ball Lightning","floor":1},{"not_picked":["Stack","Steam Power"],"picked":"Coolheaded","floor":2},{"not_picked":["Scrape","Meteor Strike"],"picked":"Auto Shields","floor":3},{"not_picked":["Turbo","Stack"],"picked":"Beam Cell","floor":4},{"not_picked":["Reprogram","Coolheaded"],"picked":"Gash","floor":5},{"not_picked":["Reboot","Leap"],"picked":"Gash","floor":8},{"not_picked":["BootSequence","Melter"],"picked":"Cold Snap","floor":13},{"not_picked":["Turbo","Redo"],"picked":"Scrape","floor":14},{"not_picked":["Creative AI","Hyperbeam"],"picked":"Echo Form","floor":16},{"not_picked":["Stack","Rebound"],"picked":"Gash","floor":18},{"not_picked":["Turbo","Coolheaded"],"picked":"Defragment","floor":19},{"not_picked":["Coolheaded","Cold Snap"],"picked":"Fusion","floor":21}],"player_experience":1166307,"relics_obtained":[{"floor":8,"key":"Turnip"},{"floor":9,"key":"Cables"},{"floor":13,"key":"Singing Bowl"}],"event_choices":[{"damage_healed":0,"gold_gain":0,"cards_transformed":["Strike_B"],"player_choice":"Change","damage_taken":0,"max_hp_gain":0,"max_hp_loss":0,"event_name":"Living Wall","floor":7,"gold_loss":0,"cards_obtained":["Amplify"]},{"cards_removed":["Strike_B"],"damage_healed":0,"gold_gain":0,"player_choice":"Card Removal","damage_taken":7,"max_hp_gain":0,"max_hp_loss":0,"event_name":"Golden Wing","floor":10,"gold_loss":0},{"cards_removed":["Strike_B"],"damage_healed":0,"gold_gain":0,"player_choice":"Card Removal","damage_taken":0,"max_hp_gain":0,"max_hp_loss":0,"event_name":"The Cleric","floor":12,"gold_loss":75}],"is_beta":false,"boss_relics":[{"not_picked":["Cursed Key","Nuclear Battery"],"picked":"Pandora\u0027s Box"}],"items_purged_floors":[],"is_endless":false,"potions_floor_spawned":[3,13,14,18],"killed_by":"Snake Plant","ascension_level":15}