{"gold_per_floor":[111,124,124,274,291,291,326,326,349,366,366,37,67,39,39,39],"floor_reached":16,"playtime":444,"items_purged":["Doubt"],"score":200,"play_id":"54af8c95-d0bb-45ee-bf8f-e276729c352b","local_time":"20190722192855","is_ascension_mode":true,"campfire_choices":[{"data":"Zap","floor":6,"key":"SMITH"},{"data":"Glacier","floor":8,"key":"SMITH"},{"data":"Cold Snap","floor":11,"key":"SMITH"},{"data":"Sunder","floor":15,"key":"SMITH"}],"neow_cost":"NONE","seed_source_timestamp":121234664354400,"circlet_count":0,"master_deck":["AscendersBane","Strike_B","Strike_B","Strike_B","Strike_B","Defend_B","Defend_B","Defend_B","Defend_B","Zap+1","Dualcast","Steam","Double Energy","Glacier+1","Cold Snap+1","Hologram","Panache","Sunder+1","Electrodynamics","Conserve Battery"],"relics":["Cracked Core","PreservedInsect","Regal Pillow","Bag of Preparation"],"potions_floor_usage":[7,13,13],"damage_taken":[{"damage":0,"enemies":"Cultist","floor":1,"turns":3},{"damage":8,"enemies":"2 Louse","floor":2,"turns":3},{"damage":7,"enemies":"Jaw Worm","floor":5,"turns":4},{"damage":13,"enemies":"3 Sentries","floor":7,"turns":9},{"damage":0,"enemies":"3 Louse","floor":10,"turns":5},{"damage":15,"enemies":"Lagavulin","floor":13,"turns":5},{"damage":47,"enemies":"Slime Boss","floor":16,"turns":8}],"seed_played":"1430978894613821994","potions_obtained":[{"floor":5,"key":"FocusPotion"},{"floor":7,"key":"AttackPotion"},{"floor":10,"key":"Regen Potion"}],"is_trial":false,"path_per_floor":["M","M","$","?","M","R","E","R","T","M","R","$","E","$","R","B"],"character_chosen":"DEFECT","items_purchased":["Panache","Sunder","Conserve Battery"],"campfire_rested":0,"item_purchase_floors":[12,12,14],"current_hp_per_floor":[71,63,63,63,56,56,43,43,43,43,43,43,40,40,40,0],"gold":39,"neow_bonus":"TEN_PERCENT_HP_BONUS","is_prod":false,"is_daily":false,"chose_seed":false,"campfire_upgraded":4,"win_rate":0,"timestamp":1563816535,"path_taken":["M","M","?","?","M","R","E","R","T","M","R","$","E","$","R","BOSS"],"build_version":"2019-07-17","purchased_purges":1,"victory":false,"max_hp_per_floor":[78,78,78,78,78,78,78,78,78,78,78,78,78,78,78,78],"card_choices":[{"not_picked":["Barrage","Aggregate"],"picked":"Steam","floor":1},{"not_picked":["Steam","Stack"],"picked":"Double Energy","floor":2},{"not_picked":["Compile Driver","Gash"],"picked":"Glacier","floor":5},{"not_picked":["Stack","Rip and Tear"],"picked":"Cold Snap","floor":7},{"not_picked":["Streamline","Turbo"],"picked":"Hologram","floor":10},{"not_picked":["Scrape","Sunder"],"picked":"Electrodynamics","floor":13}],"player_experience":1744862,"relics_obtained":[{"floor":7,"key":"PreservedInsect"},{"floor":9,"key":"Regal Pillow"},{"floor":13,"key":"Bag of Preparation"}],"event_choices":[{"damage_healed":0,"gold_gain":150,"player_choice":"AGREE","damage_taken":0,"max_hp_gain":0,"max_hp_loss":0,"event_name":"Liars Game","floor":4,"gold_loss":0,"cards_obtained":["Doubt"]}],"is_beta":false,"boss_relics":[],"items_purged_floors":[12],"is_endless":false,"potions_floor_spawned":[5,7,10],"killed_by":"Slime Boss","ascension_level":17}