{"gold_per_floor":[118,131,146,146,158,158,181,181,207,240,240,240,269,288,288,363,363,379,379,379,393,9,39,39,50,119,119,133,133,133,183,183,257,257,271,288,288,27,47,47],"floor_reached":40,"playtime":1528,"items_purged":["Strike_G"],"score":745,"play_id":"f07018a8-1367-473e-9ea2-0e8dbfe8dee0","local_time":"20190622052741","is_ascension_mode":true,"campfire_choices":[{"data":"Neutralize","floor":6,"key":"SMITH"},{"data":"Flechettes","floor":8,"key":"SMITH"},{"data":"All Out Attack","floor":12,"key":"SMITH"},{"floor":15,"key":"REST"},{"data":"Apotheosis","floor":24,"key":"SMITH"},{"floor":27,"key":"REST"},{"floor":32,"key":"REST"}],"neow_cost":"NONE","seed_source_timestamp":363627174421000,"circlet_count":0,"master_deck":["AscendersBane","Defend_G","Defend_G","Defend_G","Defend_G","Defend_G","Strike_G","Survivor","Neutralize+1","All Out Attack+1","Flechettes+1","Backflip","Quick Slash","Deadly Poison","Deflect","Poisoned Stab","Crippling Poison","Adrenaline","Bane+1","Necronomicurse","Calculated Gamble","Night Terror","Finisher","Apotheosis+1","Dash","Blur","Dodge and Roll+1","Blade Dance","Tactician","Distraction","Burst","Catalyst","Infinite Blades","Blade Dance"],"relics":["Ring of the Serpent","Dream Catcher","Ancient Tea Set","PreservedInsect","Anchor","Bag of Preparation","Necronomicon","Art of War","Shuriken","Strawberry","WristBlade","Potion Belt"],"potions_floor_usage":[5,5,10,28,33,40],"damage_taken":[{"damage":4,"enemies":"Small Slimes","floor":1,"turns":5},{"damage":3,"enemies":"Jaw Worm","floor":2,"turns":5},{"damage":0,"enemies":"2 Louse","floor":3,"turns":2},{"damage":0,"enemies":"Large Slime","floor":5,"turns":5},{"damage":7,"enemies":"Lagavulin","floor":10,"turns":4},{"damage":10,"enemies":"Gremlin Nob","floor":13,"turns":3},{"damage":0,"enemies":"Exordium Wildlife","floor":14,"turns":2},{"damage":14,"enemies":"The Guardian","floor":16,"turns":10},{"damage":0,"enemies":"Chosen","floor":18,"turns":4},{"damage":4,"enemies":"3 Byrds","floor":21,"turns":3},{"damage":7,"enemies":"Book of Stabbing","floor":23,"turns":5},{"damage":0,"enemies":"Snecko","floor":25,"turns":5},{"damage":0,"enemies":"Snake Plant","floor":28,"turns":4},{"damage":9,"enemies":"Automaton","floor":33,"turns":10},{"damage":14,"enemies":"3 Shapes","floor":35,"turns":3},{"damage":19,"enemies":"3 Darklings","floor":36,"turns":7},{"damage":6,"enemies":"Jaw Worm Horde","floor":39,"turns":2},{"damage":60,"enemies":"Reptomancer","floor":40,"turns":4}],"seed_played":"4447002210677852964","potions_obtained":[{"floor":2,"key":"Fire Potion"},{"floor":3,"key":"AttackPotion"},{"floor":5,"key":"AttackPotion"},{"floor":18,"key":"Weak Potion"},{"floor":23,"key":"GhostInAJar"},{"floor":33,"key":"Ancient Potion"},{"floor":36,"key":"Poison Potion"}],"is_trial":false,"path_per_floor":["M","M","M","?","M","R","T","R","T","E","?","R","E","M","R","B",null,"M","?","?","M","$","E","R","M","T","R","M","?","?","T","R","B",null,"M","M","?","$","M","E"],"character_chosen":"THE_SILENT","items_purchased":["Apotheosis","Dash","Blur","Potion Belt","Infinite Blades"],"campfire_rested":3,"item_purchase_floors":[22,22,22,38,38],"current_hp_per_floor":[55,52,52,45,45,45,45,45,45,38,43,43,33,33,54,40,63,63,42,42,38,38,31,31,31,31,52,52,52,32,39,63,54,76,62,43,43,43,37,0],"gold":47,"neow_bonus":"RANDOM_COMMON_RELIC","is_prod":false,"is_daily":false,"chose_seed":false,"campfire_upgraded":4,"win_rate":0,"timestamp":1561174061,"path_taken":["M","M","M","?","M","R","?","R","T","E","?","R","E","M","R","BOSS","M","?","?","?","$","E","R","M","T","R","?","?","?","?","R","BOSS","M","M","?","$","M","E"],"build_version":"2019-01-23","purchased_purges":1,"victory":false,"max_hp_per_floor":[66,66,66,66,66,66,66,66,66,66,71,71,71,71,71,71,71,71,71,71,71,71,71,71,71,71,71,71,71,76,83,83,83,83,83,83,83,83,83,83],"card_choices":[{"not_picked":["Acrobatics","Catalyst"],"picked":"All Out Attack","floor":1},{"not_picked":["Dagger Spray","Prepared"],"picked":"Flechettes","floor":2},{"not_picked":["Predator","Riddle With Holes"],"picked":"Backflip","floor":3},{"not_picked":["PiercingWail","Cloak And Dagger"],"picked":"Quick Slash","floor":5},{"not_picked":["Dodge and Roll","Acrobatics"],"picked":"Deadly Poison","floor":10},{"not_picked":["Predator","Acrobatics"],"picked":"Deflect","floor":13},{"not_picked":["Storm of Steel","Heel Hook"],"picked":"Poisoned Stab","floor":14},{"not_picked":["Poisoned Stab","Prepared"],"picked":"Crippling Poison","floor":15},{"not_picked":["Malaise","Phantasmal Killer"],"picked":"Adrenaline","floor":16},{"not_picked":["Deflect","Leg Sweep"],"picked":"Bane+1","floor":18},{"not_picked":["Choke","Backflip"],"picked":"Finisher","floor":21},{"not_picked":["Cloak And Dagger","Deflect"],"picked":"Dodge and Roll+1","floor":23},{"not_picked":["Poisoned Stab+1","Riddle With Holes","Cloak And Dagger"],"picked":"SKIP","floor":25},{"not_picked":["Skewer","Backflip"],"picked":"Blade Dance","floor":27},{"not_picked":["Dagger Spray","Deadly Poison"],"picked":"Tactician","floor":28},{"not_picked":["Quick Slash","Poisoned Stab+1"],"picked":"Distraction","floor":32},{"not_picked":["Unload","Bullet Time"],"picked":"Burst","floor":33},{"not_picked":["Deflect+1","Dagger Spray"],"picked":"Dagger Throw","floor":35},{"not_picked":["Accuracy","Blade Dance"],"picked":"Catalyst","floor":36},{"not_picked":["Dagger Spray+1","Concentrate"],"picked":"Blade Dance","floor":39}],"player_experience":1422910,"relics_obtained":[{"floor":7,"key":"Ancient Tea Set"},{"floor":9,"key":"PreservedInsect"},{"floor":10,"key":"Anchor"},{"floor":13,"key":"Bag of Preparation"},{"floor":19,"key":"Necronomicon"},{"floor":23,"key":"Art of War"},{"floor":26,"key":"Shuriken"},{"floor":31,"key":"Strawberry"}],"event_choices":[{"cards_removed":["Strike_G"],"damage_healed":0,"gold_gain":0,"player_choice":"Card Removal","damage_taken":7,"max_hp_gain":0,"max_hp_loss":0,"event_name":"Golden Wing","floor":4,"gold_loss":0},{"damage_healed":0,"gold_gain":0,"player_choice":"Donut","damage_taken":0,"max_hp_gain":5,"max_hp_loss":0,"event_name":"Big Fish","floor":11,"gold_loss":0},{"damage_healed":0,"gold_gain":0,"player_choice":"Obtained Book","damage_taken":21,"max_hp_gain":0,"max_hp_loss":0,"event_name":"Cursed Tome","floor":19,"gold_loss":0},{"damage_healed":0,"gold_gain":0,"cards_transformed":["Strike_G","Strike_G"],"player_choice":"Became Test Subject","damage_taken":0,"max_hp_gain":0,"max_hp_loss":0,"event_name":"Drug Dealer","floor":20,"gold_loss":0,"cards_obtained":["Calculated Gamble","Night Terror"]},{"damage_healed":0,"gold_gain":0,"player_choice":"Ignored","damage_taken":0,"max_hp_gain":0,"max_hp_loss":0,"event_name":"Vampires","floor":29,"gold_loss":0},{"damage_healed":0,"gold_gain":0,"player_choice":"Shed Blood","damage_taken":25,"max_hp_gain":5,"max_hp_loss":0,"event_name":"Forgotten Altar","floor":30,"gold_loss":0},{"cards_removed":["Dagger Throw"],"damage_healed":0,"gold_gain":0,"player_choice":"Removed Attack","damage_taken":0,"max_hp_gain":0,"max_hp_loss":0,"event_name":"Falling","floor":37,"gold_loss":0}],"is_beta":false,"boss_relics":[{"not_picked":["Tiny House","Philosopher\u0027s Stone"],"picked":"Ring of the Serpent"},{"not_picked":["Busted Crown","Fusion Hammer"],"picked":"WristBlade"}],"items_purged_floors":[22],"is_endless":false,"potions_floor_spawned":[2,3,5,18,23,33,36],"killed_by":"Reptomancer","ascension_level":16}