{"gold_per_floor":[110,285,285,305,305,305,340,340,389,419,419,197,197,197,197,274,274,284,296,314,314,334,334,334,334,383,401,417,432,446,446,446,523,523,534,554,574,574,574,574,587,587,587,587],"floor_reached":44,"playtime":2200,"items_purged":["Strike_R"],"score":756,"play_id":"3896098a-0d0a-4df5-9ff1-60f573a3ec62","local_time":"20190306120631","is_ascension_mode":true,"campfire_choices":[{"data":"Bash","floor":6.0,"key":"SMITH"},{"data":"Sentinel","floor":8.0,"key":"SMITH"},{"data":"True Grit","floor":13.0,"key":"SMITH"},{"data":"Clothesline","floor":15.0,"key":"SMITH"},{"floor":23.0,"key":"REST"},{"data":"Seeing Red","floor":25.0,"key":"SMITH"},{"data":"Feel No Pain","floor":32,"key":"SMITH"},{"data":"Battle Trance","floor":40,"key":"SMITH"},{"data":"Battle Trance","floor":42,"key":"SMITH"}],"neow_cost":"NONE","seed_source_timestamp":0,"circlet_count":0,"master_deck":["AscendersBane","Bash+1","Anger","Sever Soul","Sentinel+1","Clothesline+1","Wild Strike","True Grit+1","Battle Trance+1","Fire Breathing","Feel No Pain+1","Seeing Red+1","Bludgeon","Wild Strike","Shrug It Off","Battle Trance+1","Headbutt","Clash","Armaments+1","Anger","Sword Boomerang","Anger","Iron Wave","Offering","Flame Barrier","Entrench+1","Clash+1","Havoc+1"],"special_seed":0,"relics":["Burning Blood","NeowsBlessing","Pear","Self Forming Clay","Regal Pillow","Potion Belt","Mummified Hand","Pandora\u0027s Box","Nilry\u0027s Codex","Vajra","Coffee Dripper","Juzu Bracelet"],"potions_floor_usage":[33,33,37,41],"damage_taken":[{"damage":0.0,"enemies":"Cultist","floor":1.0,"turns":1.0},{"damage":0.0,"enemies":"Small Slimes","floor":4.0,"turns":1.0},{"damage":0.0,"enemies":"Lagavulin","floor":7.0,"turns":1.0},{"damage":25.0,"enemies":"Gremlin Nob","floor":10.0,"turns":4.0},{"damage":58.0,"enemies":"The Guardian","floor":16.0,"turns":12.0},{"damage":0.0,"enemies":"Spheric Guardian","floor":18.0,"turns":2.0},{"damage":17.0,"enemies":"Shell Parasite","floor":19.0,"turns":6.0},{"damage":28.0,"enemies":"Cultist and Chosen","floor":20.0,"turns":7.0},{"damage":37.0,"enemies":"Centurion and Healer","floor":22.0,"turns":8.0},{"damage":30.0,"enemies":"Colosseum Slavers","floor":24.0,"turns":5.0},{"damage":21.0,"enemies":"Snake Plant","floor":27.0,"turns":4.0},{"damage":13.0,"enemies":"Cultist and Chosen","floor":28.0,"turns":5.0},{"damage":5.0,"enemies":"Centurion and Healer","floor":29.0,"turns":7.0},{"damage":6,"enemies":"Snake Plant","floor":30,"turns":3},{"damage":59,"enemies":"Champ","floor":33,"turns":15},{"damage":6,"enemies":"Orb Walker","floor":35,"turns":3},{"damage":26,"enemies":"3 Shapes","floor":36,"turns":4},{"damage":39,"enemies":"Maw","floor":37,"turns":8},{"damage":22,"enemies":"Jaw Worm Horde","floor":41,"turns":3},{"damage":15,"enemies":"4 Shapes","floor":44,"turns":1}],"seed_played":"-6497188607085866600","potions_obtained":[{"floor":4.0,"key":"AttackPotion"},{"floor":7.0,"key":"Explosive Potion"},{"floor":16.0,"key":"Ancient Potion"},{"floor":20.0,"key":"BloodPotion"},{"floor":27.0,"key":"EssenceOfSteel"},{"floor":28.0,"key":"LiquidBronze"},{"floor":30,"key":"Block Potion"},{"floor":33,"key":"PowerPotion"},{"floor":36,"key":"PowerPotion"},{"floor":41,"key":"LiquidBronze"}],"is_trial":false,"path_per_floor":["M","?","?","M","T","R","E","R","T","E","?","$","R","T","R","B",null,"M","M","M","?","M","R","?","R","T","M","M","M","M","?","R","B",null,"M","M","M","?","?","R","M","R","T","M"],"character_chosen":"IRONCLAD","items_purchased":["Wild Strike","True Grit","Battle Trance"],"campfire_rested":1,"item_purchase_floors":[12,12,12],"current_hp_per_floor":[78,78,78,80,90,90,90,90,90,71,76,76,76,76,76,24,77,83,72,50,34,12,55,31,31,31,16,9,10,10,95,95,42,82,82,62,29,29,29,29,13,13,13,0],"gold":587,"neow_bonus":"THREE_ENEMY_KILL","is_prod":false,"is_daily":false,"chose_seed":false,"campfire_upgraded":8,"win_rate":0,"timestamp":1551870391,"path_taken":["M","?","?","M","?","R","E","R","T","E","?","$","R","?","R","BOSS","M","?","M","?","M","R","?","R","T","M","M","?","?","?","R","BOSS","M","?","M","?","?","R","M","R","T","M"],"build_version":"2019-01-23","purchased_purges":1,"victory":false,"max_hp_per_floor":[80,80,80,80,90,90,90,90,90,90,95,95,95,95,95,95,95,95,95,95,95,95,95,95,95,95,95,95,95,95,95,95,95,95,95,95,95,95,95,95,95,95,95,95],"card_choices":[{"not_picked":["Flame Barrier","Perfected Strike"],"picked":"Anger","floor":1.0},{"not_picked":["Thunderclap","Pummel"],"picked":"Sever Soul","floor":4.0},{"not_picked":["Flex","Iron Wave"],"picked":"Sentinel","floor":7.0},{"not_picked":["Havoc","Thunderclap"],"picked":"Clothesline","floor":10.0},{"not_picked":["Feed","Impervious"],"picked":"Dark Embrace","floor":16.0},{"not_picked":["Wild Strike","Havoc"],"picked":"Battle Trance","floor":18.0},{"not_picked":["Havoc","Shrug It Off"],"picked":"Headbutt","floor":19.0},{"not_picked":["Rupture","Hemokinesis"],"picked":"Clash","floor":20.0},{"not_picked":["Body Slam+1","Twin Strike+1"],"picked":"Armaments+1","floor":22.0},{"not_picked":["Fire Breathing","Wild Strike"],"picked":"Anger","floor":27.0},{"not_picked":["Cleave","Armaments+1"],"picked":"Sword Boomerang","floor":28.0},{"not_picked":["Havoc","Burning Pact"],"picked":"Anger","floor":29},{"not_picked":["Impervious","Twin Strike"],"picked":"Iron Wave","floor":30},{"not_picked":["Dark Embrace","Bludgeon"],"picked":"Offering","floor":33},{"not_picked":["True Grit","Warcry"],"picked":"Flame Barrier","floor":35},{"not_picked":["Anger","Headbutt"],"picked":"Entrench+1","floor":36},{"not_picked":["Perfected Strike","Thunderclap"],"picked":"Clash+1","floor":37},{"not_picked":["Warcry","Flame Barrier"],"picked":"Havoc+1","floor":41}],"player_experience":939722,"relics_obtained":[{"floor":5.0,"key":"Pear"},{"floor":7.0,"key":"Self Forming Clay"},{"floor":9.0,"key":"Regal Pillow"},{"floor":10.0,"key":"Potion Belt"},{"floor":14.0,"key":"Mummified Hand"},{"floor":21.0,"key":"Nilry\u0027s Codex"},{"floor":26.0,"key":"Vajra"},{"floor":43,"key":"Juzu Bracelet"}],"event_choices":[{"damage_healed":0.0,"max_hp_gain":0.0,"max_hp_loss":0.0,"gold_gain":175.0,"event_name":"Liars Game","player_choice":"AGREE","floor":2.0,"gold_loss":0.0,"damage_taken":0.0,"cards_obtained":["Doubt"]},{"cards_removed":["Doubt"],"damage_healed":0.0,"max_hp_gain":0.0,"max_hp_loss":0.0,"gold_gain":0.0,"event_name":"Living Wall","player_choice":"Forget","floor":3.0,"gold_loss":0.0,"damage_taken":0.0},{"damage_healed":0.0,"max_hp_gain":5.0,"max_hp_loss":0.0,"gold_gain":0.0,"event_name":"Big Fish","player_choice":"Donut","floor":11.0,"gold_loss":0.0,"damage_taken":0.0},{"damage_healed":0.0,"max_hp_gain":0.0,"max_hp_loss":0.0,"gold_gain":0.0,"event_name":"Cursed Tome","player_choice":"Obtained Book","floor":21.0,"gold_loss":0.0,"damage_taken":16.0},{"damage_healed":0.0,"max_hp_gain":0.0,"max_hp_loss":0.0,"gold_gain":0.0,"event_name":"Colosseum","player_choice":"Fight","floor":24.0,"gold_loss":0.0,"damage_taken":0.0},{"damage_healed":0.0,"max_hp_gain":0.0,"max_hp_loss":0.0,"gold_gain":0.0,"event_name":"Colosseum","player_choice":"Fled From Nobs","floor":24.0,"gold_loss":0.0,"damage_taken":0.0},{"cards_removed":["Searing Blow"],"damage_healed":85,"gold_gain":0,"player_choice":"Offered Uncommon","damage_taken":0,"max_hp_gain":0,"max_hp_loss":0,"event_name":"Bonfire Elementals","floor":31,"gold_loss":0},{"cards_removed":["Dark Embrace"],"damage_healed":0,"gold_gain":0,"player_choice":"Removed Power","damage_taken":0,"max_hp_gain":0,"max_hp_loss":0,"event_name":"Falling","floor":38,"gold_loss":0},{"cards_removed":["Iron Wave"],"damage_healed":0,"gold_gain":0,"player_choice":"Purged","damage_taken":0,"max_hp_gain":0,"max_hp_loss":0,"event_name":"Purifier","floor":39,"gold_loss":0}],"is_beta":false,"boss_relics":[{"not_picked":["Philosopher\u0027s Stone","Ectoplasm"],"picked":"Pandora\u0027s Box"},{"not_picked":["Sozu","Black Blood"],"picked":"Coffee Dripper"}],"items_purged_floors":[12],"is_endless":false,"potions_floor_spawned":[4,7,16,20,24,27,28,30,33,36,41],"killed_by":"4 Shapes","ascension_level":13}