{"gold_per_floor":[115,128,128,139,8,34,34,34,86,106,106,123,149,227,227,227],"floor_reached":16,"playtime":456,"items_purged":["Strike_G"],"score":209,"play_id":"07e9b02b-c6a6-4dd5-88e8-bd88adfaed8a","local_time":"20181110030841","is_ascension_mode":true,"campfire_choices":[{"floor":7.0,"key":"REST"},{"floor":15,"key":"REST"}],"neow_cost":"NONE","seed_source_timestamp":2194561550925450,"circlet_count":0,"master_deck":["AscendersBane","Defend_G","Defend_G","Defend_G","Defend_G","Defend_G","Strike_G","Strike_G","Strike_G","Survivor","Neutralize","Dagger Throw","Predator","Acrobatics","Footwork","Dagger Spray","Leg Sweep","Infinite Blades","Neutralize","Blur","Parasite","Calculated Gamble","Backflip","Choke"],"special_seed":0,"relics":["Ring of the Snake","NeowsBlessing","Dream Catcher","Lantern","Potion Belt"],"potions_floor_usage":[13,16,16],"damage_taken":[{"damage":0.0,"enemies":"Cultist","floor":1.0,"turns":1.0},{"damage":0.0,"enemies":"2 Louse","floor":2.0,"turns":1.0},{"damage":0.0,"enemies":"Jaw Worm","floor":4.0,"turns":1.0},{"damage":53.0,"enemies":"Lagavulin","floor":6.0,"turns":6.0},{"damage":1,"enemies":"Lots of Slimes","floor":10,"turns":4},{"damage":5,"enemies":"2 Fungi Beasts","floor":12,"turns":4},{"damage":16,"enemies":"Gremlin Nob","floor":13,"turns":4},{"damage":45,"enemies":"Slime Boss","floor":16,"turns":11}],"seed_played":"3760764553268553294","potions_obtained":[{"floor":2.0,"key":"EssenceOfSteel"},{"floor":4.0,"key":"Strength Potion"},{"floor":10,"key":"SkillPotion"},{"floor":12,"key":"PowerPotion"},{"floor":13,"key":"Energy Potion"}],"is_trial":false,"path_per_floor":["M","M","?","M","$","E","R","?","T","M","?","M","E","?","R","B"],"character_chosen":"THE_SILENT","items_purchased":["Dagger Spray"],"campfire_rested":2,"item_purchase_floors":[5],"current_hp_per_floor":[59,59,59,59,59,6,25,25,25,24,40,35,19,19,38,0],"gold":227,"neow_bonus":"THREE_ENEMY_KILL","is_prod":false,"is_daily":false,"chose_seed":false,"campfire_upgraded":0,"win_rate":0,"timestamp":1541815721,"path_taken":["M","?","?","M","$","E","R","?","T","?","?","M","E","?","R","BOSS"],"build_version":"2018-11-08","purchased_purges":1,"victory":false,"max_hp_per_floor":[66,66,66,66,66,66,66,66,66,66,66,66,66,66,66,66],"card_choices":[{"not_picked":["Bane","Deflect"],"picked":"Dagger Throw","floor":1.0},{"not_picked":["Skewer","Prepared"],"picked":"Predator","floor":2.0},{"not_picked":["Poisoned Stab","Bouncing Flask"],"picked":"Footwork","floor":4.0},{"not_picked":["Riddle With Holes","Reflex"],"picked":"Leg Sweep","floor":6.0},{"not_picked":["Blade Dance","Flying Knee"],"picked":"Infinite Blades","floor":7.0},{"not_picked":["Bane","Deflect"],"picked":"Blur","floor":10},{"not_picked":["PiercingWail","Prepared"],"picked":"Calculated Gamble","floor":12},{"not_picked":["Sucker Punch","Leg Sweep"],"picked":"Backflip","floor":13},{"not_picked":["Slice","Calculated Gamble"],"picked":"Choke","floor":15}],"player_experience":483631,"relics_obtained":[{"floor":6.0,"key":"Dream Catcher"},{"floor":9.0,"key":"Lantern"},{"floor":13,"key":"Potion Belt"}],"event_choices":[{"damage_healed":0.0,"max_hp_gain":0.0,"max_hp_loss":0.0,"gold_gain":0.0,"cards_transformed":["Strike_G"],"event_name":"Living Wall","player_choice":"Change","floor":3.0,"gold_loss":0.0,"damage_taken":0.0,"cards_obtained":["Acrobatics"]},{"damage_healed":0.0,"max_hp_gain":0.0,"max_hp_loss":0.0,"gold_gain":0.0,"event_name":"Match and Keep!","player_choice":"1 cards matched","floor":8.0,"gold_loss":0.0,"damage_taken":0.0,"cards_obtained":["Neutralize"]},{"damage_healed":16,"gold_gain":0,"player_choice":"Healed and dodged fight","damage_taken":0,"max_hp_gain":0,"max_hp_loss":0,"event_name":"Mushrooms","floor":11,"gold_loss":0,"cards_obtained":["Parasite"]},{"damage_healed":0,"gold_gain":78,"player_choice":"Gained Gold","damage_taken":0,"max_hp_gain":0,"max_hp_loss":0,"event_name":"Golden Wing","floor":14,"gold_loss":0}],"is_beta":false,"boss_relics":[],"items_purged_floors":[5],"is_endless":false,"potions_floor_spawned":[2,4,10,12,13],"killed_by":"Slime Boss","ascension_level":18}