{"gold_per_floor":[114,128,128,142,142,202,213,246,246,246,246,70,70,96,96,173,173,186,196,214,230,230,255,255,288,357,357,357,282,282,299,299,370,370,389,400,400,470,486,518,518,543,568,568,153,168,197,197,197,197,197,197,197,59,94,94],"floor_reached":57,"playtime":4276,"items_purged":["Perfected Strike","Strike_R+1"],"score":2892,"play_id":"ead51d8d-815f-45ea-b748-40b1c146735f","local_time":"20191006194415","is_ascension_mode":true,"campfire_choices":[{"floor":10,"key":"REST"},{"data":"Bludgeon","floor":13,"key":"SMITH"},{"floor":15,"key":"REST"},{"floor":24,"key":"REST"},{"data":"Corruption","floor":27,"key":"SMITH"},{"floor":32,"key":"REST"},{"data":"Dark Embrace","floor":41,"key":"SMITH"},{"data":"Barricade","floor":44,"key":"SMITH"},{"floor":49,"key":"RECALL"},{"data":"Burning Pact","floor":53,"key":"SMITH"}],"neow_cost":"NONE","seed_source_timestamp":232383065019900,"circlet_count":0,"master_deck":["AscendersBane","Defend_R+1","Defend_R+1","Defend_R+1","Defend_R+1","Bash+1","Flame Barrier","Shockwave","Corruption+1","Feel No Pain","Dark Embrace+1","Bludgeon+1","Seeing Red","Exhume","Shrug It Off","Armaments+1","Reaper","Sentinel","Entrench","Juggernaut","Dropkick","Burning Pact+1","Barricade+1","Dual Wield+1","Entrench","Feel No Pain","Corruption"],"relics":["Burning Blood","NeowsBlessing","Tiny Chest","Dream Catcher","Bronze Scales","Self Forming Clay","Empty Cage","Turnip","Champion Belt","Gremlin Horn","Snecko Eye","Boot","Pen Nib","Centennial Puzzle","Omamori","Art of War","Vajra","Darkstone Periapt","Sundial"],"potions_floor_usage":[6,8,11,14,16,23,33,33,40,56,56],"damage_taken":[{"damage":0,"enemies":"Cultist","floor":1,"turns":1},{"damage":0,"enemies":"2 Louse","floor":2,"turns":1},{"damage":0,"enemies":"Small Slimes","floor":4,"turns":1},{"damage":28,"enemies":"Lagavulin","floor":6,"turns":5},{"damage":14,"enemies":"Gremlin Gang","floor":7,"turns":7},{"damage":30,"enemies":"Gremlin Nob","floor":8,"turns":5},{"damage":18,"enemies":"Lagavulin","floor":14,"turns":5},{"damage":14,"enemies":"Slime Boss","floor":16,"turns":4},{"damage":0,"enemies":"3 Byrds","floor":18,"turns":2},{"damage":16,"enemies":"Shell Parasite","floor":19,"turns":3},{"damage":39,"enemies":"Snake Plant","floor":20,"turns":6},{"damage":13,"enemies":"Snecko","floor":21,"turns":5},{"damage":10,"enemies":"Slavers","floor":23,"turns":5},{"damage":23,"enemies":"Gremlin Leader","floor":25,"turns":6},{"damage":12,"enemies":"Centurion and Healer","floor":31,"turns":6},{"damage":30,"enemies":"Collector","floor":33,"turns":8},{"damage":3,"enemies":"3 Darklings","floor":35,"turns":4},{"damage":19,"enemies":"Orb Walker","floor":36,"turns":5},{"damage":2,"enemies":"Writhing Mass","floor":39,"turns":3},{"damage":0,"enemies":"Reptomancer","floor":40,"turns":2},{"damage":1,"enemies":"Giant Head","floor":42,"turns":4},{"damage":26,"enemies":"Jaw Worm Horde","floor":46,"turns":2},{"damage":0,"enemies":"Reptomancer","floor":47,"turns":3},{"damage":27,"enemies":"Donu and Deca","floor":50,"turns":8},{"damage":39,"enemies":"Awakened One","floor":51,"turns":8},{"damage":29,"enemies":"Shield and Spear","floor":55,"turns":4},{"damage":15,"enemies":"The Heart","floor":56,"turns":6}],"seed_played":"4706562444709822563","potions_obtained":[{"floor":2,"key":"Strength Potion"},{"floor":7,"key":"EssenceOfSteel"},{"floor":8,"key":"Block Potion"},{"floor":11,"key":"Fruit Juice"},{"floor":11,"key":"SneckoOil"},{"floor":21,"key":"PowerPotion"},{"floor":25,"key":"GamblersBrew"},{"floor":31,"key":"SteroidPotion"},{"floor":33,"key":"SteroidPotion"},{"floor":35,"key":"GamblersBrew"},{"floor":40,"key":"Fire Potion"}],"is_trial":false,"path_per_floor":["M","M","$","M","?","E","M","E","T","R","?","$","R","E","R","B",null,"M","M","M","M","$","E","R","E","T","R","?","$","?","M","R","B",null,"M","M","?","T","M","E","R","E","T","R","$","M","E","T","R","B","B",null,"R","$","E","B",null],"character_chosen":"IRONCLAD","items_purchased":["Bludgeon","Omamori","Art of War","Swift Potion","LiquidBronze"],"campfire_rested":4,"item_purchase_floors":[12,45,45,54,54],"current_hp_per_floor":[74,75,75,75,75,53,45,21,21,43,48,48,48,36,60,52,73,79,69,36,29,29,25,49,32,32,32,32,32,32,26,50,26,67,80,67,67,67,75,76,76,76,76,76,76,76,76,76,76,69,51,70,70,70,53,50],"gold":94,"neow_bonus":"THREE_ENEMY_KILL","is_prod":false,"is_daily":false,"chose_seed":false,"campfire_upgraded":5,"win_rate":0,"timestamp":1570387455,"path_taken":["M","?","$","M","?","E","?","E","T","R","?","$","R","E","R","BOSS","M","M","?","M","?","E","R","E","T","R","?","$","?","M","R","BOSS","M","M","?","?","M","E","R","E","T","R","?","M","E","?","R","BOSS","BOSS","R","$","E","BOSS"],"build_version":"2019-07-17","purchased_purges":2,"victory":true,"max_hp_per_floor":[75,75,75,75,75,75,75,75,75,75,80,80,80,80,80,80,80,80,80,80,80,80,80,80,80,80,80,80,80,80,80,80,80,80,80,80,76,76,76,76,76,76,76,76,76,76,76,76,76,76,76,76,76,76,76,76],"card_choices":[{"not_picked":["Rupture","Havoc"],"picked":"Perfected Strike","floor":1},{"not_picked":["Thunderclap","Dropkick"],"picked":"Flame Barrier","floor":2},{"not_picked":["Body Slam","Wild Strike","Heavy Blade"],"picked":"SKIP","floor":4},{"not_picked":["Armaments","Clothesline"],"picked":"Shockwave","floor":6},{"not_picked":["Clothesline","Sword Boomerang"],"picked":"Corruption","floor":7},{"not_picked":["Fire Breathing","Cleave"],"picked":"Feel No Pain","floor":8},{"not_picked":["Rampage","Cleave"],"picked":"Dark Embrace","floor":10},{"not_picked":["Perfected Strike","Heavy Blade"],"picked":"Seeing Red","floor":14},{"not_picked":["Fiend Fire","Double Tap"],"picked":"Exhume","floor":16},{"not_picked":["Perfected Strike","Evolve"],"picked":"Shrug It Off","floor":18},{"not_picked":["Shockwave","Clash","Battle Trance"],"picked":"SKIP","floor":19},{"not_picked":["Anger","Headbutt","Clothesline"],"picked":"SKIP","floor":20},{"not_picked":["Wild Strike","Twin Strike"],"picked":"Armaments+1","floor":21},{"not_picked":["Flex","Clothesline+1"],"picked":"Reaper","floor":23},{"not_picked":["True Grit","Perfected Strike"],"picked":"Sentinel","floor":24},{"not_picked":["Iron Wave","Body Slam"],"picked":"Entrench","floor":25},{"not_picked":["Perfected Strike+1","Dropkick","Armaments"],"picked":"SKIP","floor":31},{"not_picked":["Iron Wave","Clash"],"picked":"Burning Pact","floor":32},{"not_picked":["Exhume","Dark Embrace"],"picked":"Barricade","floor":33},{"not_picked":["Perfected Strike","Sever Soul","Armaments"],"picked":"SKIP","floor":35},{"not_picked":["Armaments+1","Sword Boomerang","Burning Pact+1"],"picked":"SKIP","floor":36},{"not_picked":["Battle Trance","Anger"],"picked":"Dual Wield+1","floor":39},{"not_picked":["Pommel Strike","Entrench","Ghostly Armor+1"],"picked":"SKIP","floor":40},{"not_picked":["Twin Strike+1","Thunderclap"],"picked":"Entrench","floor":42},{"not_picked":["Metallicize","Twin Strike","Clash"],"picked":"SKIP","floor":46},{"not_picked":["Headbutt+1","Fire Breathing"],"picked":"Feel No Pain","floor":47},{"not_picked":["Barricade","Infernal Blade"],"picked":"Corruption","floor":55}],"player_experience":1207598,"relics_obtained":[{"floor":6,"key":"Tiny Chest"},{"floor":8,"key":"Dream Catcher"},{"floor":9,"key":"Bronze Scales"},{"floor":14,"key":"Self Forming Clay"},{"floor":23,"key":"Turnip"},{"floor":25,"key":"Champion Belt"},{"floor":26,"key":"Gremlin Horn"},{"floor":40,"key":"Boot"},{"floor":42,"key":"Pen Nib"},{"floor":43,"key":"Centennial Puzzle"},{"floor":47,"key":"Vajra"},{"floor":48,"key":"Darkstone Periapt"},{"floor":55,"key":"Sundial"}],"event_choices":[{"damage_healed":0,"gold_gain":0,"player_choice":"Upgraded","damage_taken":0,"max_hp_gain":0,"max_hp_loss":0,"event_name":"Upgrade Shrine","floor":5,"gold_loss":0,"cards_upgraded":["Bash"]},{"damage_healed":0,"gold_gain":0,"player_choice":"Got Potions","damage_taken":0,"max_hp_gain":0,"max_hp_loss":0,"event_name":"Lab","floor":11,"gold_loss":0},{"damage_healed":0,"gold_gain":0,"cards_transformed":["Strike_R","Strike_R"],"player_choice":"Became Test Subject","damage_taken":0,"max_hp_gain":0,"max_hp_loss":0,"event_name":"Drug Dealer","floor":28,"gold_loss":0,"cards_obtained":["Juggernaut","Dropkick"]},{"damage_healed":0,"gold_gain":0,"player_choice":"Simplicity","damage_taken":0,"max_hp_gain":0,"max_hp_loss":0,"event_name":"Back to Basics","floor":30,"gold_loss":0,"cards_upgraded":["Strike_R","Defend_R","Defend_R","Defend_R","Defend_R"]},{"damage_healed":0,"gold_gain":0,"player_choice":"Max HP","damage_taken":0,"max_hp_gain":0,"max_hp_loss":4,"event_name":"Winding Halls","floor":37,"gold_loss":0}],"is_beta":false,"boss_relics":[{"not_picked":["Mark of Pain","Ectoplasm"],"picked":"Empty Cage"},{"not_picked":["Fusion Hammer","Velvet Choker"],"picked":"Snecko Eye"}],"items_purged_floors":[29,45],"is_endless":false,"potions_floor_spawned":[2,7,8,21,25,31,33,35,39,40,55],"ascension_level":20}