{"gold_per_floor":[117,117,117,142,34,67,82,82,82,101,101,119,150,170,170,260,260,285,21,34,55,73,73,73],"floor_reached":24,"playtime":1183,"items_purged":[],"score":470,"play_id":"fc538b52-5775-48a2-90c5-5acae08a1b6e","local_time":"20190615122812","is_ascension_mode":true,"campfire_choices":[{"data":"Streamline","floor":8.0,"key":"SMITH"},{"data":"Recycle","floor":11.0,"key":"SMITH"},{"data":"Zap","floor":15.0,"key":"SMITH"},{"floor":23,"key":"REST"}],"neow_cost":"NONE","seed_source_timestamp":0,"circlet_count":0,"master_deck":["AscendersBane","Strike_B","Strike_B","Strike_B","Strike_B","Defend_B","Defend_B","Defend_B","Defend_B","Zap+1","Dualcast","Cold Snap","Streamline+1","Conserve Battery","Hologram","Recycle+1","Self Repair","Skim","Biased Cognition","White Noise+1","Capacitor+1","Fusion+1","Buffer+1"],"special_seed":0,"relics":["Cracked Core","NeowsBlessing","Golden Idol","Pantograph","Bird Faced Urn","Dead Branch","Torii","Blue Candle","Cursed Key","Frozen Egg 2"],"potions_floor_usage":[24,24],"damage_taken":[{"damage":0.0,"enemies":"2 Louse","floor":1.0,"turns":1.0},{"damage":0.0,"enemies":"Jaw Worm","floor":4.0,"turns":1.0},{"damage":0.0,"enemies":"3 Sentries","floor":6.0,"turns":1.0},{"damage":15.0,"enemies":"Small Slimes","floor":7.0,"turns":3.0},{"damage":7.0,"enemies":"Red Slaver","floor":10.0,"turns":2.0},{"damage":3.0,"enemies":"Gremlin Gang","floor":12.0,"turns":5.0},{"damage":22.0,"enemies":"Lagavulin","floor":13.0,"turns":5.0},{"damage":2.0,"enemies":"Large Slime","floor":14.0,"turns":5.0},{"damage":48.0,"enemies":"Hexaghost","floor":16.0,"turns":11.0},{"damage":1.0,"enemies":"Chosen","floor":18.0,"turns":5.0},{"damage":11.0,"enemies":"3 Byrds","floor":20.0,"turns":6.0},{"damage":43.0,"enemies":"3 Cultists","floor":21.0,"turns":6.0},{"damage":31,"enemies":"Chosen and Byrds","floor":22,"turns":7},{"damage":62,"enemies":"Slavers","floor":24,"turns":4}],"seed_played":"-6343320190627508887","potions_obtained":[{"floor":1.0,"key":"EssenceOfSteel"},{"floor":13.0,"key":"Poison Potion"},{"floor":14.0,"key":"Regen Potion"}],"is_trial":false,"path_per_floor":["M","?","T","M","?","E","M","R","T","M","R","M","E","M","R","B",null,"M","$","M","M","M","R","E"],"character_chosen":"DEFECT","items_purchased":["Frozen Egg 2"],"campfire_rested":1,"item_purchase_floors":[19],"current_hp_per_floor":[64,64,64,64,64,64,49,49,49,42,42,39,17,24,24,14,52,64,64,64,32,20,39,0],"gold":73,"neow_bonus":"THREE_ENEMY_KILL","is_prod":false,"is_daily":false,"chose_seed":false,"campfire_upgraded":3,"win_rate":0,"timestamp":1560594492,"path_taken":["M","?","?","M","?","E","M","R","T","?","R","M","E","M","R","BOSS","M","$","M","?","M","R","E"],"build_version":"2019-01-23","purchased_purges":0,"victory":false,"max_hp_per_floor":[71,64,64,64,64,64,64,64,64,64,64,64,64,64,64,64,64,64,64,64,64,64,64,64],"card_choices":[{"not_picked":["Reinforced Body","Hello World"],"picked":"Cold Snap","floor":1.0},{"not_picked":["Beam Cell","Gash"],"picked":"Streamline","floor":4.0},{"not_picked":["Barrage","Double Energy"],"picked":"Conserve Battery","floor":6.0},{"not_picked":["Meteor Strike","Steam"],"picked":"Hologram","floor":7.0},{"not_picked":["Auto Shields","Steam"],"picked":"Recycle","floor":10.0},{"not_picked":["Rip and Tear","Steam","Scrape"],"picked":"SKIP","floor":12.0},{"not_picked":["Darkness","Redo"],"picked":"Self Repair","floor":13.0},{"not_picked":["Go for the Eyes","Scrape"],"picked":"Skim","floor":14.0},{"not_picked":["Fission","Buffer"],"picked":"Biased Cognition","floor":16.0},{"not_picked":["Redo","Auto Shields"],"picked":"White Noise+1","floor":18.0},{"not_picked":["Cold Snap","Go for the Eyes+1"],"picked":"Capacitor+1","floor":20.0},{"not_picked":["Redo","Coolheaded"],"picked":"Fusion+1","floor":21},{"not_picked":["Chaos","Redo"],"picked":"Buffer+1","floor":22}],"player_experience":839240,"relics_obtained":[{"floor":3.0,"key":"Pantograph"},{"floor":6.0,"key":"Dead Branch"},{"floor":9.0,"key":"Torii"},{"floor":13.0,"key":"Blue Candle"}],"event_choices":[{"damage_healed":0.0,"max_hp_gain":0.0,"max_hp_loss":7.0,"gold_gain":0.0,"event_name":"Golden Idol","player_choice":"Lose Max HP","floor":2.0,"gold_loss":0.0,"damage_taken":0.0,"relics_obtained":["Golden Idol"]},{"damage_healed":0.0,"max_hp_gain":0.0,"max_hp_loss":0.0,"gold_gain":0.0,"event_name":"WeMeetAgain","player_choice":"Paid Gold","floor":5.0,"gold_loss":108.0,"damage_taken":0.0,"relics_obtained":["Bird Faced Urn"]}],"is_beta":false,"boss_relics":[{"not_picked":["Empty Cage","Coffee Dripper"],"picked":"Cursed Key"}],"items_purged_floors":[],"is_endless":false,"potions_floor_spawned":[1,13,14,22],"killed_by":"Slavers","ascension_level":20}