{"gold_per_floor":[111,128,128,128,128,154,154,179,202,202,9,9,29,63,63,138,138,148,196,210,11,29,29,57,0,0,12,12,32,32,32],"floor_reached":31,"playtime":1229,"items_purged":["Strike_G","Outmaneuver"],"score":623,"play_id":"4a85cfad-a3be-40fc-8061-e0e6920f4d5a","local_time":"20190614225425","is_ascension_mode":true,"campfire_choices":[{"data":"Neutralize","floor":7.0,"key":"SMITH"},{"data":"Noxious Fumes","floor":10.0,"key":"SMITH"},{"data":"Dash","floor":12.0,"key":"SMITH"},{"floor":15.0,"key":"REST"},{"floor":23.0,"key":"REST"},{"floor":28.0,"key":"REST"}],"neow_cost":"NONE","seed_source_timestamp":253423596372700,"circlet_count":0,"master_deck":["AscendersBane","Survivor","Neutralize+1","Dash+1","Dodge and Roll","Noxious Fumes+1","Backflip","Well Laid Plans","Blur","Underhanded Strike","All Out Attack+1","Bullet Time","Unload","Deadly Poison","Finisher+1","Setup","Accuracy","Deadly Poison","Die Die Die","Malaise","Blade Dance","Backstab","Skewer","Crippling Poison","Tools of the Trade","Backstab","Flying Knee+1"],"special_seed":0,"relics":["Ring of the Snake","NeowsBlessing","Vajra","Gambling Chip","Bag of Preparation","Pantograph","Pandora\u0027s Box","Whetstone","The Specimen","Bottled Tornado"],"potions_floor_usage":[31],"damage_taken":[{"damage":0.0,"enemies":"Jaw Worm","floor":1.0,"turns":1.0},{"damage":0.0,"enemies":"Cultist","floor":2.0,"turns":1.0},{"damage":0.0,"enemies":"3 Sentries","floor":6.0,"turns":1.0},{"damage":12.0,"enemies":"Lagavulin","floor":8.0,"turns":8.0},{"damage":0.0,"enemies":"Small Slimes","floor":13.0,"turns":3.0},{"damage":23.0,"enemies":"Gremlin Nob","floor":14.0,"turns":5.0},{"damage":0.0,"enemies":"The Guardian","floor":16.0,"turns":10.0},{"damage":11.0,"enemies":"3 Byrds","floor":18.0,"turns":3.0},{"damage":21.0,"enemies":"2 Thieves","floor":20.0,"turns":5.0},{"damage":10.0,"enemies":"Chosen and Byrds","floor":22.0,"turns":5.0},{"damage":17.0,"enemies":"Gremlin Leader","floor":24.0,"turns":6.0},{"damage":18.0,"enemies":"Snake Plant","floor":27.0,"turns":4.0},{"damage":16.0,"enemies":"Snecko","floor":29.0,"turns":4.0},{"damage":18,"enemies":"Cultist and Chosen","floor":31,"turns":4}],"seed_played":"6225053167981828441","potions_obtained":[{"floor":1.0,"key":"SkillPotion"},{"floor":2.0,"key":"PowerPotion"},{"floor":16.0,"key":"Explosive Potion"},{"floor":18.0,"key":"SkillPotion"},{"floor":20.0,"key":"Weak Potion"},{"floor":29.0,"key":"SkillPotion"}],"is_trial":false,"path_per_floor":["M","M","$","?","$","E","R","E","T","R","$","R","M","E","R","B",null,"M","T","M","$","M","R","E","?","T","M","R","M","$","M"],"character_chosen":"THE_SILENT","items_purchased":["Well Laid Plans","Blur","Energy Potion","Skewer"],"campfire_rested":3,"item_purchase_floors":[11,11,21,21],"current_hp_per_floor":[59,59,59,55,55,55,55,43,43,43,43,43,43,20,39,64,66,55,55,34,34,24,43,26,26,26,8,27,11,11,0],"gold":32,"neow_bonus":"THREE_ENEMY_KILL","is_prod":false,"is_daily":false,"chose_seed":false,"campfire_upgraded":3,"win_rate":0,"timestamp":1560545665,"path_taken":["M","M","$","?","$","E","R","E","T","R","?","R","M","E","R","BOSS","M","?","M","?","M","R","E","?","T","M","R","M","$","M"],"build_version":"2019-01-23","purchased_purges":2,"victory":false,"max_hp_per_floor":[66,66,66,66,66,66,66,66,66,66,66,66,66,66,66,66,66,66,66,66,66,66,66,66,66,66,66,66,66,66,66],"card_choices":[{"not_picked":["Footwork","Concentrate"],"picked":"Dash","floor":1.0},{"not_picked":["Prepared","Heel Hook"],"picked":"Dodge and Roll","floor":2.0},{"not_picked":["Flying Knee","Well Laid Plans"],"picked":"Noxious Fumes","floor":6.0},{"not_picked":["Deflect","Sucker Punch"],"picked":"Backflip","floor":8.0},{"not_picked":["Cloak And Dagger","Slice"],"picked":"Underhanded Strike","floor":13.0},{"not_picked":["Bane","Prepared"],"picked":"All Out Attack","floor":14.0},{"not_picked":["Malaise","Phantasmal Killer"],"picked":"Bullet Time","floor":16.0},{"not_picked":["Quick Slash","Poisoned Stab"],"picked":"Blade Dance","floor":18.0},{"not_picked":["Choke","Poisoned Stab"],"picked":"Backstab","floor":20.0},{"not_picked":["Poisoned Stab","Dodge and Roll"],"picked":"Crippling Poison","floor":22.0},{"not_picked":["Backstab","Tactician"],"picked":"Tools of the Trade","floor":24.0},{"not_picked":["Outmaneuver+1","All Out Attack"],"picked":"Backstab","floor":27.0},{"not_picked":["Dodge and Roll","Prepared+1"],"picked":"Flying Knee+1","floor":29.0}],"player_experience":1336320,"relics_obtained":[{"floor":6.0,"key":"Vajra"},{"floor":8.0,"key":"Gambling Chip"},{"floor":9.0,"key":"Bag of Preparation"},{"floor":14.0,"key":"Pantograph"},{"floor":19.0,"key":"Whetstone"},{"floor":24.0,"key":"The Specimen"},{"floor":26.0,"key":"Bottled Tornado"}],"event_choices":[{"damage_healed":0.0,"max_hp_gain":0.0,"max_hp_loss":0.0,"gold_gain":0.0,"event_name":"The Woman in Blue","player_choice":"Bought 0 Potions","floor":4.0,"gold_loss":0.0,"damage_taken":0.0},{"damage_healed":0.0,"max_hp_gain":0.0,"max_hp_loss":0.0,"gold_gain":0.0,"event_name":"Masked Bandits","player_choice":"Paid Fearfully","floor":25.0,"gold_loss":57.0,"damage_taken":0.0}],"is_beta":false,"boss_relics":[{"not_picked":["Calling Bell","Ring of the Serpent"],"picked":"Pandora\u0027s Box"}],"items_purged_floors":[11,21],"is_endless":false,"potions_floor_spawned":[1,2,6,16,18,20,29],"killed_by":"Cultist and Chosen","ascension_level":16}