{"gold_per_floor":[111,111,129,142,142,142,169,169,169,169,184,194,213,246,246,324,324,341,321,9,9,26,26,55,70,70,94,94,94,110,127,127,127],"floor_reached":33,"playtime":1362,"items_purged":["Strike_R"],"score":579,"play_id":"3c9d13b9-2199-4ee9-b5ac-64fc685e5566","local_time":"20190708002244","is_ascension_mode":true,"campfire_choices":[{"data":"Uppercut","floor":6,"key":"SMITH"},{"data":"Carnage","floor":8,"key":"SMITH"},{"data":"Wild Strike","floor":10,"key":"SMITH"},{"floor":15,"key":"REST"},{"data":"Battle Trance","floor":23,"key":"SMITH"},{"floor":28,"key":"REST"},{"floor":32,"key":"DIG"}],"neow_cost":"NONE","seed_source_timestamp":883084962357417,"circlet_count":0,"master_deck":["AscendersBane","Strike_R","Strike_R","Strike_R","Strike_R","Defend_R","Defend_R","Defend_R","Defend_R","Bash","Dramatic Entrance+1","Iron Wave","Wild Strike+1","Uppercut+1","Carnage+1","Battle Trance","Juggernaut","Flame Barrier","Fiend Fire","Battle Trance+1","Sword Boomerang","Pummel","Ghostly Armor","Twin Strike+1"],"relics":["Burning Blood","Turnip","Singing Bowl","Peace Pipe","Orrery","Brimstone","Shovel","Sundial","Vajra","Ginger"],"potions_floor_usage":[3,16,16,24,30,33],"damage_taken":[{"damage":7,"enemies":"Small Slimes","floor":1,"turns":4},{"damage":6,"enemies":"Cultist","floor":3,"turns":3},{"damage":2,"enemies":"Jaw Worm","floor":4,"turns":3},{"damage":34,"enemies":"Lagavulin","floor":7,"turns":8},{"damage":20,"enemies":"Exordium Thugs","floor":11,"turns":3},{"damage":0,"enemies":"Looter","floor":12,"turns":1},{"damage":7,"enemies":"Large Slime","floor":13,"turns":5},{"damage":25,"enemies":"3 Sentries","floor":14,"turns":6},{"damage":37,"enemies":"The Guardian","floor":16,"turns":9},{"damage":0,"enemies":"Chosen","floor":18,"turns":2},{"damage":16,"enemies":"2 Thieves","floor":22,"turns":3},{"damage":49,"enemies":"Gremlin Leader","floor":24,"turns":4},{"damage":10,"enemies":"Centurion and Healer","floor":25,"turns":3},{"damage":0,"enemies":"Snecko","floor":30,"turns":2},{"damage":22,"enemies":"3 Cultists","floor":31,"turns":4},{"damage":103,"enemies":"Automaton","floor":33,"turns":6}],"seed_played":"7124568803426852281","potions_obtained":[{"floor":2,"key":"Weak Potion"},{"floor":2,"key":"Fruit Juice"},{"floor":4,"key":"LiquidBronze"},{"floor":18,"key":"Fire Potion"},{"floor":19,"key":"Poison Potion"},{"floor":24,"key":"Swift Potion"}],"is_trial":false,"path_per_floor":["M","?","M","M","?","R","E","R","T","R","M","M","M","E","R","B",null,"M","?","$","?","M","R","E","M","T","T","R","?","M","M","R","B"],"character_chosen":"IRONCLAD","items_purchased":["Brimstone","Sword Boomerang"],"campfire_rested":2,"item_purchase_floors":[20,20],"current_hp_per_floor":[67,67,72,76,76,76,48,48,48,48,34,40,39,22,46,15,73,81,81,81,81,71,71,30,28,28,28,56,75,81,65,65,0],"gold":127,"neow_bonus":"RANDOM_COLORLESS","is_prod":false,"is_daily":false,"chose_seed":false,"campfire_upgraded":4,"win_rate":0,"timestamp":1562541764,"path_taken":["M","?","?","M","?","R","E","R","T","R","M","M","?","E","R","BOSS","M","?","?","?","?","R","E","M","T","?","R","?","M","M","R","BOSS"],"build_version":"2019-07-05","purchased_purges":1,"victory":false,"max_hp_per_floor":[75,75,80,80,80,80,80,80,80,80,80,80,80,82,82,82,90,92,92,92,92,92,92,94,96,96,96,96,96,96,96,96,96],"card_choices":[{"not_picked":["Heavy Blade","Havoc"],"picked":"Iron Wave","floor":1},{"not_picked":["Burning Pact","Iron Wave"],"picked":"Wild Strike","floor":3},{"not_picked":["Perfected Strike","Metallicize"],"picked":"Uppercut","floor":4},{"not_picked":["Warcry","Headbutt"],"picked":"Carnage","floor":7},{"not_picked":["Cleave","Perfected Strike"],"picked":"Battle Trance","floor":11},{"not_picked":["Perfected Strike","Shrug It Off"],"picked":"Juggernaut","floor":12},{"not_picked":["Searing Blow","Hemokinesis"],"picked":"Flame Barrier","floor":13},{"not_picked":["Armaments","Cleave","Twin Strike"],"picked":"Singing Bowl","floor":14},{"not_picked":["Exhume","Offering"],"picked":"Fiend Fire","floor":16},{"not_picked":["Body Slam","Warcry","Dual Wield"],"picked":"Singing Bowl","floor":17},{"not_picked":["Dropkick","Pommel Strike","Searing Blow"],"picked":"Singing Bowl","floor":17},{"not_picked":["Sever Soul","Anger"],"picked":"Battle Trance","floor":17},{"not_picked":["Thunderclap","Wild Strike","Dropkick"],"picked":"Singing Bowl","floor":17},{"not_picked":["Blood for Blood","Intimidate","Seeing Red"],"picked":"Singing Bowl","floor":17},{"not_picked":["Hemokinesis","Iron Wave","Heavy Blade"],"picked":"Singing Bowl","floor":18},{"not_picked":["Flame Barrier","Cleave"],"picked":"Pummel","floor":22},{"not_picked":["Body Slam","Armaments","Barricade"],"picked":"Singing Bowl","floor":24},{"not_picked":["Thunderclap","True Grit","Rupture"],"picked":"Singing Bowl","floor":25},{"not_picked":["Twin Strike","Combust"],"picked":"Ghostly Armor","floor":30},{"not_picked":["Perfected Strike","Impervious"],"picked":"Twin Strike+1","floor":31}],"player_experience":1144909,"relics_obtained":[{"floor":7,"key":"Turnip"},{"floor":9,"key":"Singing Bowl"},{"floor":14,"key":"Peace Pipe"},{"floor":24,"key":"Shovel"},{"floor":26,"key":"Sundial"},{"floor":27,"key":"Vajra"},{"floor":32,"key":"Ginger"}],"event_choices":[{"damage_healed":0,"gold_gain":0,"player_choice":"Got Potions","damage_taken":0,"max_hp_gain":0,"max_hp_loss":0,"event_name":"Lab","floor":2,"gold_loss":0},{"damage_healed":0,"gold_gain":0,"player_choice":"Forge","damage_taken":0,"max_hp_gain":0,"max_hp_loss":0,"event_name":"Accursed Blacksmith","floor":5,"gold_loss":0,"cards_upgraded":["Dramatic Entrance"]},{"damage_healed":0,"gold_gain":0,"player_choice":"Bought 1 Potion","damage_taken":0,"max_hp_gain":0,"max_hp_loss":0,"event_name":"The Woman in Blue","floor":19,"gold_loss":0},{"damage_healed":0,"gold_gain":0,"player_choice":"Ignored","damage_taken":0,"max_hp_gain":0,"max_hp_loss":0,"event_name":"N\u0027loth","floor":21,"gold_loss":0},{"damage_healed":19,"gold_gain":0,"player_choice":"Heal","damage_taken":0,"max_hp_gain":0,"max_hp_loss":0,"event_name":"The Library","floor":29,"gold_loss":0}],"is_beta":false,"boss_relics":[{"not_picked":["Runic Pyramid","Fusion Hammer"],"picked":"Orrery"}],"items_purged_floors":[20],"is_endless":false,"potions_floor_spawned":[4,11,13,18,22,24],"killed_by":"Automaton","ascension_level":20}