{"gold_per_floor":[110,110,121,121,140,140,170,170,170,198,198],"floor_reached":11,"playtime":297,"items_purged":[],"score":146,"play_id":"4a860fc3-cd83-4224-824f-da7c6a4ba56b","local_time":"20190610135231","is_ascension_mode":true,"campfire_choices":[{"data":"Neutralize","floor":6,"key":"SMITH"},{"data":"A Thousand Cuts","floor":8,"key":"SMITH"}],"neow_cost":"NONE","seed_source_timestamp":292742909776100,"circlet_count":0,"master_deck":["AscendersBane","Defend_G","Defend_G","Defend_G","Defend_G","Defend_G","Strike_G","Strike_G","Strike_G","Survivor","Neutralize+1","Blade Dance","Deadly Poison","After Image","Backflip","A Thousand Cuts+1","Poisoned Stab"],"relics":["Ring of the Snake","NeowsBlessing","Singing Bowl","Frozen Egg 2","Snake Skull"],"potions_floor_usage":[11],"damage_taken":[{"damage":0,"enemies":"Small Slimes","floor":1,"turns":1},{"damage":0,"enemies":"2 Louse","floor":3,"turns":1},{"damage":0,"enemies":"Cultist","floor":5,"turns":1},{"damage":20,"enemies":"Lagavulin","floor":7,"turns":9},{"damage":22,"enemies":"3 Sentries","floor":10,"turns":9},{"damage":12,"enemies":"3 Louse","floor":11,"turns":1}],"seed_played":"-6196526946950568337","potions_obtained":[{"floor":7,"key":"Weak Potion"}],"is_trial":false,"path_per_floor":["M","?","M","?","M","R","E","R","T","E","M"],"character_chosen":"THE_SILENT","items_purchased":[],"campfire_rested":0,"item_purchase_floors":[],"current_hp_per_floor":[59,52,52,52,52,52,32,32,32,10,0],"gold":198,"neow_bonus":"THREE_ENEMY_KILL","is_prod":false,"is_daily":false,"chose_seed":false,"campfire_upgraded":2,"win_rate":0,"timestamp":1560167551,"path_taken":["M","?","M","?","?","R","E","R","T","E","M"],"build_version":"2019-01-23","purchased_purges":0,"victory":false,"max_hp_per_floor":[66,66,66,66,66,66,66,66,66,66,66],"card_choices":[{"not_picked":["PiercingWail","Choke"],"picked":"Blade Dance","floor":1},{"not_picked":["Sucker Punch","Quick Slash"],"picked":"Deadly Poison","floor":3},{"not_picked":["Deadly Poison","Slice"],"picked":"Backflip","floor":5},{"not_picked":["Bouncing Flask","Deadly Poison"],"picked":"A Thousand Cuts","floor":7},{"not_picked":["PiercingWail","Choke"],"picked":"Poisoned Stab","floor":10}],"player_experience":1282952,"relics_obtained":[{"floor":7,"key":"Singing Bowl"},{"floor":9,"key":"Frozen Egg 2"},{"floor":10,"key":"Snake Skull"}],"event_choices":[{"cards_removed":["Strike_G"],"damage_healed":0,"gold_gain":0,"player_choice":"Card Removal","damage_taken":7,"max_hp_gain":0,"max_hp_loss":0,"event_name":"Golden Wing","floor":2,"gold_loss":0},{"damage_healed":0,"gold_gain":0,"cards_transformed":["Strike_G"],"player_choice":"Transformed","damage_taken":0,"max_hp_gain":0,"max_hp_loss":0,"event_name":"Transmorgrifier","floor":4,"gold_loss":0,"cards_obtained":["After Image"]}],"is_beta":false,"boss_relics":[],"items_purged_floors":[],"is_endless":false,"potions_floor_spawned":[7],"killed_by":"3 Louse","ascension_level":16}