{"gold_per_floor":[116,116,136,56,56,56,86,97,146,48,61,11,11,11,11,106,106,120,133,150,75,75,107,120,133,133,133,152,169,33,33,33,134,134,151,162,1161,1177,1177,1210,1210,1210],"floor_reached":42,"playtime":1288,"items_purged":["Strike_B","Zap"],"score":523,"play_id":"5d3680a1-4ef0-4805-8bce-7eab43532d1c","local_time":"20190323183403","is_ascension_mode":false,"campfire_choices":[{"data":"Loop","floor":6.0,"key":"SMITH"},{"floor":15.0,"key":"REST"},{"floor":27.0,"key":"REST"},{"floor":32.0,"key":"REST"},{"floor":41,"key":"REST"}],"neow_cost":"NONE","seed_source_timestamp":547006799403885,"circlet_count":0,"master_deck":["Defend_B","Defend_B","Defend_B","Defend_B","Dualcast+1","Ball Lightning","Redo+1","Loop+1","Doom and Gloom","Darkness","Cold Snap","Coolheaded","FTL","Tempest","Creative AI","Streamline","Darkness+1","Defragment","Barrage+1","BootSequence+1","Hologram","Hologram","Loop","Echo Form","Sunder+1","Coolheaded+1","Normality","Normality"],"special_seed":0,"relics":["Cracked Core","NeowsBlessing","Happy Flower","Lantern","Kunai","Busted Crown","Bottled Lightning","Gremlin Horn","Fusion Hammer","Letter Opener"],"potions_floor_usage":[40],"damage_taken":[{"damage":0.0,"enemies":"Small Slimes","floor":1.0,"turns":1.0},{"damage":0.0,"enemies":"2 Louse","floor":3.0,"turns":1.0},{"damage":0.0,"enemies":"3 Sentries","floor":7.0,"turns":1.0},{"damage":11.0,"enemies":"Jaw Worm","floor":8.0,"turns":2.0},{"damage":11.0,"enemies":"Exordium Wildlife","floor":11.0,"turns":3.0},{"damage":7.0,"enemies":"Hexaghost","floor":16.0,"turns":6.0},{"damage":6.0,"enemies":"Shell Parasite","floor":18.0,"turns":4.0},{"damage":0.0,"enemies":"3 Byrds","floor":19.0,"turns":3.0},{"damage":0.0,"enemies":"Snake Plant","floor":20.0,"turns":2.0},{"damage":40.0,"enemies":"Gremlin Leader","floor":23.0,"turns":7.0},{"damage":21.0,"enemies":"Shelled Parasite and Fungi","floor":24.0,"turns":4.0},{"damage":3.0,"enemies":"Snecko","floor":25.0,"turns":3.0},{"damage":8.0,"enemies":"Centurion and Healer","floor":28.0,"turns":4.0},{"damage":7.0,"enemies":"Shelled Parasite and Fungi","floor":29.0,"turns":3.0},{"damage":0.0,"enemies":"Colosseum Slavers","floor":31.0,"turns":4.0},{"damage":27.0,"enemies":"Automaton","floor":33.0,"turns":8.0},{"damage":6.0,"enemies":"3 Darklings","floor":35.0,"turns":4.0},{"damage":15.0,"enemies":"3 Shapes","floor":36.0,"turns":3.0},{"damage":32,"enemies":"Spire Growth","floor":38,"turns":4},{"damage":31,"enemies":"Reptomancer","floor":40,"turns":6},{"damage":0,"enemies":"Transient","floor":42,"turns":1}],"seed_played":"5308818654950268276","potions_obtained":[{"floor":3.0,"key":"Block Potion"},{"floor":8.0,"key":"Energy Potion"},{"floor":16.0,"key":"Swift Potion"},{"floor":23.0,"key":"PowerPotion"},{"floor":24.0,"key":"Block Potion"},{"floor":29.0,"key":"SpeedPotion"},{"floor":35.0,"key":"Regen Potion"},{"floor":36.0,"key":"FocusPotion"}],"is_trial":false,"path_per_floor":["M","?","M","$","?","R","E","M","T","$","M","?","?","?","R","B",null,"M","M","M","$","?","E","M","M","T","R","M","M","$","?","R","B",null,"M","M","?","M","?","E","R","M"],"character_chosen":"DEFECT","items_purchased":["Doom and Gloom","Coolheaded","FTL","Loop"],"campfire_rested":4,"item_purchase_floors":[4,10,10,30],"current_hp_per_floor":[75,75,75,75,60,60,60,49,49,49,38,38,31,6,28,21,75,69,69,69,69,69,29,8,5,5,27,19,12,12,12,34,7,75,69,54,54,22,22,5,27,27],"gold":1210,"neow_bonus":"THREE_ENEMY_KILL","is_prod":false,"is_daily":false,"chose_seed":false,"campfire_upgraded":1,"win_rate":0,"timestamp":1553362443,"path_taken":["M","?","M","$","?","R","E","M","T","$","M","?","?","?","R","BOSS","M","M","M","$","?","E","M","M","T","R","M","M","$","?","R","BOSS","M","M","?","M","?","E","R","?"],"build_version":"2019-01-23","purchased_purges":2,"victory":false,"max_hp_per_floor":[75,75,75,75,75,75,75,75,75,75,75,75,75,75,75,75,75,75,75,75,75,75,75,75,75,75,75,75,75,75,75,75,75,75,75,75,75,75,75,75,75,75],"card_choices":[{"not_picked":["Rebound","Leap"],"picked":"Ball Lightning","floor":1.0},{"not_picked":["Barrage","Gash"],"picked":"Loop","floor":3.0},{"not_picked":["Hello World","Barrage"],"picked":"Darkness","floor":7.0},{"not_picked":["Gash","Aggregate"],"picked":"Cold Snap","floor":8.0},{"not_picked":["Go for the Eyes","Stack"],"picked":"Tempest","floor":11.0},{"not_picked":["All For One","Hyperbeam"],"picked":"Creative AI","floor":16.0},{"not_picked":["Gash"],"picked":"SKIP","floor":18.0},{"not_picked":[],"picked":"Streamline","floor":19.0},{"not_picked":[],"picked":"Darkness+1","floor":20.0},{"not_picked":[],"picked":"Barrage+1","floor":23.0},{"not_picked":[],"picked":"BootSequence+1","floor":24.0},{"not_picked":["Beam Cell"],"picked":"SKIP","floor":25.0},{"not_picked":[],"picked":"Hologram","floor":28.0},{"not_picked":[],"picked":"Hologram","floor":29.0},{"not_picked":[],"picked":"Echo Form","floor":33.0},{"not_picked":[],"picked":"Sunder+1","floor":35.0},{"not_picked":[],"picked":"Coolheaded+1","floor":36.0},{"not_picked":["Doom and Gloom"],"picked":"SKIP","floor":38},{"not_picked":["Gash"],"picked":"SKIP","floor":40}],"player_experience":734863,"relics_obtained":[{"floor":7.0,"key":"Happy Flower"},{"floor":9.0,"key":"Lantern"},{"floor":23.0,"key":"Bottled Lightning"},{"floor":26.0,"key":"Gremlin Horn"},{"floor":40,"key":"Letter Opener"}],"event_choices":[{"damage_healed":0.0,"max_hp_gain":0.0,"max_hp_loss":0.0,"gold_gain":0.0,"cards_transformed":["Strike_B"],"event_name":"Living Wall","player_choice":"Change","floor":2.0,"gold_loss":0.0,"damage_taken":0.0,"cards_obtained":["Redo"]},{"damage_healed":0.0,"max_hp_gain":0.0,"max_hp_loss":0.0,"gold_gain":0.0,"event_name":"Shining Light","player_choice":"Entered Light","floor":5.0,"gold_loss":0.0,"damage_taken":15.0,"cards_upgraded":["Dualcast","Redo"]},{"cards_removed":["Strike_B"],"damage_healed":0.0,"max_hp_gain":0.0,"max_hp_loss":0.0,"gold_gain":0.0,"event_name":"The Cleric","player_choice":"Card Removal","floor":12.0,"gold_loss":50.0,"damage_taken":0.0},{"cards_removed":["Strike_B"],"damage_healed":0.0,"max_hp_gain":0.0,"max_hp_loss":0.0,"gold_gain":0.0,"event_name":"Golden Wing","player_choice":"Card Removal","floor":13.0,"gold_loss":0.0,"damage_taken":7.0},{"damage_healed":0.0,"max_hp_gain":0.0,"max_hp_loss":0.0,"gold_gain":0.0,"event_name":"Scrap Ooze","player_choice":"Success","floor":14.0,"gold_loss":0.0,"damage_taken":25.0,"relics_obtained":["Kunai"]},{"damage_healed":0.0,"max_hp_gain":0.0,"max_hp_loss":0.0,"gold_gain":0.0,"event_name":"The Library","player_choice":"Read","floor":22.0,"gold_loss":0.0,"damage_taken":0.0,"cards_obtained":["Defragment"]},{"damage_healed":0.0,"max_hp_gain":0.0,"max_hp_loss":0.0,"gold_gain":0.0,"event_name":"Colosseum","player_choice":"Fight","floor":31.0,"gold_loss":0.0,"damage_taken":0.0},{"damage_healed":0.0,"max_hp_gain":0.0,"max_hp_loss":0.0,"gold_gain":0.0,"event_name":"Colosseum","player_choice":"Fled From Nobs","floor":31.0,"gold_loss":0.0,"damage_taken":0.0},{"damage_healed":0.0,"max_hp_gain":0.0,"max_hp_loss":0.0,"gold_gain":999.0,"event_name":"MindBloom","player_choice":"Gold","floor":37.0,"gold_loss":0.0,"damage_taken":0.0,"cards_obtained":["Normality","Normality"]},{"damage_healed":0,"gold_gain":0,"player_choice":"Ignored","damage_taken":0,"max_hp_gain":0,"max_hp_loss":0,"event_name":"SecretPortal","floor":39,"gold_loss":0}],"is_beta":false,"boss_relics":[{"not_picked":["White Beast Statue","Ectoplasm"],"picked":"Busted Crown"},{"not_picked":["Sozu","Snecko Eye"],"picked":"Fusion Hammer"}],"items_purged_floors":[21,30],"is_endless":false,"potions_floor_spawned":[3,8,16,23,24,29,31,35,36],"killed_by":"Transient","ascension_level":0}