{"gold_per_floor":[118,134,154,169,186,212,212,212,235,235,9,9,39,53,53,126,126,145,165,25,40,40,40,57,57,84,84,9,9,28,28],"floor_reached":31,"playtime":1239,"items_purged":["Strike_G"],"score":445,"play_id":"ffcca598-7664-427e-ae7e-fb125ba3cebd","local_time":"20190616232322","is_ascension_mode":true,"campfire_choices":[{"floor":7,"key":"REST"},{"data":"Skewer","floor":12,"key":"SMITH"},{"data":"Neutralize","floor":15,"key":"SMITH"},{"data":"Wraith Form v2","floor":23,"key":"SMITH"},{"data":"Noxious Fumes","floor":27,"key":"SMITH"},{"data":"PiercingWail","floor":29,"key":"SMITH"}],"neow_cost":"PERCENT_DAMAGE","seed_source_timestamp":427986147465000,"circlet_count":0,"master_deck":["AscendersBane","Defend_G","Defend_G","Defend_G","Defend_G+1","Defend_G","Strike_G","Strike_G","Strike_G","Strike_G+1","Survivor","Neutralize+1","Venomology","Caltrops","Flying Knee","Dagger Spray","Distraction","Finisher","Skewer+1","Noxious Fumes+1","Backstab","Wraith Form v2+1","Backflip","PiercingWail+1","Noxious Fumes","Noxious Fumes","Infinite Blades","Parasite","Catalyst"],"relics":["Ring of the Snake","Blood Vial","Bag of Marbles","Strange Spoon","Smiling Mask","Cursed Key","Anchor","Omamori"],"potions_floor_usage":[2,3,4,5,5,5,6,13,16,16,16,18,18,18,19,19,21,21,21,31,31],"damage_taken":[{"damage":4,"enemies":"Small Slimes","floor":1,"turns":4},{"damage":0,"enemies":"Cultist","floor":2,"turns":3},{"damage":0,"enemies":"2 Louse","floor":3,"turns":2},{"damage":0,"enemies":"2 Fungi Beasts","floor":4,"turns":4},{"damage":0,"enemies":"Large Slime","floor":5,"turns":5},{"damage":36,"enemies":"Lagavulin","floor":6,"turns":7},{"damage":16,"enemies":"Gremlin Nob","floor":13,"turns":3},{"damage":0,"enemies":"3 Louse","floor":14,"turns":1},{"damage":33,"enemies":"The Guardian","floor":16,"turns":12},{"damage":4,"enemies":"Shell Parasite","floor":18,"turns":3},{"damage":8,"enemies":"3 Byrds","floor":19,"turns":6},{"damage":18,"enemies":"Sentry and Sphere","floor":21,"turns":8},{"damage":4,"enemies":"3 Cultists","floor":24,"turns":5},{"damage":14,"enemies":"Chosen and Byrds","floor":30,"turns":6},{"damage":24,"enemies":"Slavers","floor":31,"turns":1}],"seed_played":"4790701186467856052","potions_obtained":[{"floor":1,"key":"FairyPotion"},{"floor":2,"key":"SkillPotion"},{"floor":6,"key":"EssenceOfSteel"},{"floor":14,"key":"FearPotion"},{"floor":19,"key":"Fruit Juice"}],"is_trial":false,"path_per_floor":["M","M","M","M","M","E","R","?","T","?","$","R","E","M","R","B",null,"M","M","$","M","$","R","M","?","T","R","?","R","M","E"],"character_chosen":"THE_SILENT","items_purchased":["Strange Spoon","Noxious Fumes"],"campfire_rested":1,"item_purchase_floors":[11,20],"current_hp_per_floor":[40,40,40,40,40,4,23,3,3,66,66,66,50,52,52,21,55,53,52,52,36,36,36,34,34,34,34,34,34,22,0],"gold":28,"neow_bonus":"THREE_RARE_CARDS","is_prod":false,"is_daily":false,"chose_seed":false,"campfire_upgraded":5,"win_rate":0,"timestamp":1560720202,"path_taken":["M","M","M","M","M","E","R","?","T","?","$","R","E","M","R","BOSS","M","M","$","M","?","R","M","?","T","R","?","R","M","E"],"build_version":"2019-01-23","purchased_purges":1,"victory":false,"max_hp_per_floor":[66,66,66,66,66,66,66,66,66,66,66,66,66,66,66,66,66,66,71,71,71,71,71,71,71,71,71,71,71,71,71],"card_choices":[{"not_picked":["After Image","Grand Finale"],"picked":"Venomology","floor":0},{"not_picked":["Poisoned Stab","Dagger Throw"],"picked":"Caltrops","floor":1},{"not_picked":["Predator","Outmaneuver"],"picked":"Flying Knee","floor":2},{"not_picked":["Bane","Cloak And Dagger"],"picked":"Dagger Spray","floor":3},{"not_picked":["Quick Slash","Unload"],"picked":"Distraction","floor":4},{"not_picked":["Cloak And Dagger","All Out Attack"],"picked":"Finisher","floor":5},{"not_picked":["Acrobatics","Catalyst"],"picked":"Skewer","floor":6},{"not_picked":["Infinite Blades","Caltrops"],"picked":"Noxious Fumes","floor":13},{"not_picked":["Quick Slash","Blade Dance"],"picked":"Backstab","floor":14},{"not_picked":["Doppelganger","Burst"],"picked":"Wraith Form v2","floor":16},{"not_picked":["Cloak And Dagger","Deflect"],"picked":"Backflip","floor":18},{"not_picked":["Cloak And Dagger","Prepared+1"],"picked":"PiercingWail","floor":19},{"not_picked":["PiercingWail","Acrobatics"],"picked":"Noxious Fumes","floor":21},{"not_picked":["Dagger Throw","Setup"],"picked":"Infinite Blades","floor":24},{"not_picked":["Riddle With Holes","Deadly Poison"],"picked":"Catalyst","floor":30}],"player_experience":1376400,"relics_obtained":[{"floor":6,"key":"Blood Vial"},{"floor":9,"key":"Bag of Marbles"},{"floor":13,"key":"Smiling Mask"},{"floor":26,"key":"Omamori"}],"event_choices":[{"damage_healed":0,"gold_gain":0,"player_choice":"Entered Light","damage_taken":20,"max_hp_gain":0,"max_hp_loss":0,"event_name":"Shining Light","floor":8,"gold_loss":0,"cards_upgraded":["Strike_G","Defend_G"]},{"damage_healed":63,"gold_gain":0,"player_choice":"Full Heal","damage_taken":0,"max_hp_gain":0,"max_hp_loss":0,"event_name":"Wheel of Change","floor":10,"gold_loss":0},{"damage_healed":0,"gold_gain":0,"player_choice":"Stole Relic","damage_taken":0,"relics_obtained":["Anchor"],"max_hp_gain":0,"max_hp_loss":0,"event_name":"Addict","floor":25,"gold_loss":0,"cards_obtained":["Shame"]},{"cards_removed":["Shame"],"damage_healed":0,"gold_gain":0,"player_choice":"Gave Gold","damage_taken":0,"max_hp_gain":0,"max_hp_loss":0,"event_name":"Beggar","floor":28,"gold_loss":75}],"is_beta":false,"boss_relics":[{"not_picked":["Fusion Hammer","Velvet Choker"],"picked":"Cursed Key"}],"items_purged_floors":[20],"is_endless":false,"potions_floor_spawned":[1,2,6,14,19,30],"killed_by":"Slavers","ascension_level":16}