{"gold_per_floor":[110,110,62,75,75,75,150,181,181,181,196,236,236,257,257,376,376,391,149,172,172,52,52,52,52,52,77,77,77,95,113,113,113],"floor_reached":33,"playtime":1092,"items_purged":["Strike_G","Strike_G"],"score":431,"play_id":"58706c04-7fbb-4a4c-a411-8f9156919749","local_time":"20181025204809","is_ascension_mode":true,"campfire_choices":[{"data":"Neutralize","floor":6,"key":"SMITH"},{"floor":10,"key":"REST"},{"data":"Backstab","floor":13,"key":"SMITH"},{"data":"Dagger Spray","floor":15,"key":"SMITH"},{"data":"Malaise","floor":23,"key":"SMITH"},{"data":"Sucker Punch","floor":25,"key":"SMITH"},{"data":"Footwork","floor":29,"key":"SMITH"},{"floor":32,"key":"REST"}],"neow_cost":"NONE","seed_source_timestamp":319582945744538,"circlet_count":0,"master_deck":["Defend_G+1","Defend_G+1","Defend_G+1","Defend_G+1","Defend_G+1","Strike_G+1","Strike_G+1","Strike_G+1","Survivor","Neutralize+1","AscendersBane","Poisoned Stab","Dagger Throw","Backstab+1","Sucker Punch+1","Sucker Punch","Deadly Poison","All Out Attack","Dagger Spray+1","Malaise+1","PiercingWail","Dagger Throw+1","Footwork+1","Deadly Poison","Blade Dance","Outmaneuver+1","Catalyst","Well Laid Plans","Dash+1"],"relics":["Ring of the Snake","NeowsBlessing","Golden Idol","Bag of Marbles","Prayer Wheel","The Courier","Black Star","Snake Skull","Bottled Tornado"],"potions_floor_usage":[16,16,27,30,33],"damage_taken":[{"damage":0,"enemies":"2 Louse","floor":1,"turns":1},{"damage":0,"enemies":"Jaw Worm","floor":4,"turns":1},{"damage":0,"enemies":"Lagavulin","floor":8,"turns":1},{"damage":0,"enemies":"Small Slimes","floor":11,"turns":1},{"damage":6,"enemies":"Gremlin Nob","floor":12,"turns":3},{"damage":0,"enemies":"2 Fungi Beasts","floor":14,"turns":1},{"damage":12,"enemies":"Slime Boss","floor":16,"turns":5},{"damage":4,"enemies":"Chosen","floor":18,"turns":3},{"damage":12,"enemies":"Shell Parasite","floor":20,"turns":4},{"damage":28,"enemies":"Shelled Parasite and Fungi","floor":27,"turns":7},{"damage":9,"enemies":"Centurion and Healer","floor":30,"turns":9},{"damage":22,"enemies":"Cultist and Chosen","floor":31,"turns":7},{"damage":25,"enemies":"Collector","floor":33,"turns":3}],"seed_played":"-3180825244474344630","potions_obtained":[{"floor":12,"key":"Poison Potion"},{"floor":14,"key":"Explosive Potion"},{"floor":18,"key":"GhostInAJar"},{"floor":31,"key":"AttackPotion"}],"is_trial":false,"path_per_floor":["M","?","$","M","?","R","?","E","T","R","M","E","R","M","R","B",null,"M","$","M","?","$","R","$","R","T","M","?","R","M","M","R"],"character_chosen":"THE_SILENT","items_purchased":["Poisoned Stab","Snake Skull","Footwork","Deadly Poison","Fire Potion"],"campfire_rested":2,"item_purchase_floors":[3,19,19,19,22],"current_hp_per_floor":[63,49,49,49,49,49,38,38,38,57,57,51,51,51,51,39,59,55,55,43,65,65,65,65,65,65,37,37,37,28,6,25,0],"gold":113,"neow_bonus":"THREE_ENEMY_KILL","is_prod":false,"is_daily":false,"chose_seed":false,"campfire_upgraded":6,"win_rate":0,"timestamp":1540496889,"path_taken":["M","?","$","M","?","R","?","E","T","R","M","E","R","M","R","BOSS","M","$","M","?","?","R","$","R","T","M","?","R","?","M","R","BOSS"],"build_version":"2018-10-18","purchased_purges":2,"victory":false,"max_hp_per_floor":[70,70,70,70,65,65,65,65,65,65,65,65,65,65,65,65,65,65,65,65,65,65,65,65,65,65,65,65,65,65,65,65,65],"card_choices":[{"not_picked":["Deflect","Cloak And Dagger"],"picked":"Finisher","floor":1},{"not_picked":["Backflip","Outmaneuver"],"picked":"Dagger Throw","floor":4},{"not_picked":["Prepared","Calculated Gamble"],"picked":"Backstab","floor":8},{"not_picked":["Envenom","Underhanded Strike"],"picked":"Sucker Punch","floor":11},{"not_picked":["Acrobatics","Backflip"],"picked":"Sucker Punch","floor":11},{"not_picked":["Phantasmal Killer","Cloak And Dagger"],"picked":"Deadly Poison","floor":12},{"not_picked":["Outmaneuver","Slice"],"picked":"All Out Attack","floor":14},{"not_picked":["Blade Dance","Leg Sweep"],"picked":"Dagger Spray","floor":14},{"not_picked":["Burst","Venomology"],"picked":"Malaise","floor":16},{"not_picked":["Predator","Footwork"],"picked":"PiercingWail","floor":18},{"not_picked":["Blade Dance","Underhanded Strike"],"picked":"Dagger Throw+1","floor":18},{"not_picked":["Concentrate","Dodge and Roll"],"picked":"Blade Dance","floor":20},{"not_picked":["Dagger Spray","Sucker Punch","Underhanded Strike+1"],"picked":"SKIP","floor":20},{"not_picked":["Dagger Spray","Sucker Punch","Underhanded Strike+1"],"picked":"SKIP","floor":20},{"not_picked":["Phantasmal Killer","Setup"],"picked":"Outmaneuver+1","floor":27},{"not_picked":["Predator","Expertise","Underhanded Strike+1"],"picked":"SKIP","floor":27},{"not_picked":["Deflect","Backflip"],"picked":"Catalyst","floor":30},{"not_picked":["Dagger Spray","Underhanded Strike","Outmaneuver"],"picked":"SKIP","floor":30},{"not_picked":["Burst","Calculated Gamble+1"],"picked":"Well Laid Plans","floor":31},{"not_picked":["Footwork","Sucker Punch"],"picked":"Dash+1","floor":31}],"player_experience":908244,"relics_obtained":[{"floor":8,"key":"Bag of Marbles"},{"floor":9,"key":"Prayer Wheel"},{"floor":12,"key":"The Courier"},{"floor":26,"key":"Bottled Tornado"}],"event_choices":[{"damage_healed":0,"gold_gain":0,"player_choice":"Entered Light","damage_taken":14,"max_hp_gain":0,"max_hp_loss":0,"event_name":"Shining Light","floor":2,"gold_loss":0,"cards_upgraded":["Defend_G","Strike_G"]},{"damage_healed":0,"gold_gain":0,"player_choice":"Lose Max HP","damage_taken":0,"relics_obtained":["Golden Idol"],"max_hp_gain":0,"max_hp_loss":5,"event_name":"Golden Idol","floor":5,"gold_loss":0},{"damage_healed":0,"gold_gain":75,"player_choice":"Gather Gold","damage_taken":11,"max_hp_gain":0,"max_hp_loss":0,"event_name":"World of Goop","floor":7,"gold_loss":0},{"cards_removed":["Finisher"],"damage_healed":22,"gold_gain":0,"player_choice":"Offered Uncommon","damage_taken":0,"max_hp_gain":0,"max_hp_loss":0,"event_name":"Bonfire Elementals","floor":21,"gold_loss":0},{"damage_healed":0,"gold_gain":0,"player_choice":"Simplicity","damage_taken":0,"max_hp_gain":0,"max_hp_loss":0,"event_name":"Back to Basics","floor":28,"gold_loss":0,"cards_upgraded":["Defend_G","Defend_G","Defend_G","Defend_G","Strike_G","Strike_G"]}],"is_beta":false,"boss_relics":[{"not_picked":["HoveringKite","Calling Bell"],"picked":"Black Star"}],"items_purged_floors":[19,22],"is_endless":false,"potions_floor_spawned":[12,14,18,31],"killed_by":"Collector","ascension_level":11}