{"gold_per_floor":[119,119,129,140,140,140,165,165,233,233,252,252,269,5,5,79,79,0,17,17,28,28],"floor_reached":22,"playtime":776,"items_purged":[],"score":433,"play_id":"60a4f01d-721a-4f42-9821-27148352915a","local_time":"20190722040128","is_ascension_mode":true,"campfire_choices":[{"data":"Zap","floor":6,"key":"SMITH"},{"data":"Buffer","floor":8,"key":"SMITH"},{"data":"Redo","floor":10,"key":"SMITH"},{"floor":12,"key":"REST"},{"data":"Chaos","floor":15,"key":"SMITH"}],"neow_cost":"NONE","seed_source_timestamp":65252265468400,"circlet_count":0,"master_deck":["AscendersBane","Strike_B","Strike_B","Strike_B","Defend_B","Defend_B","Defend_B","Defend_B","Zap+1","Dualcast","Buffer+1","Redo+1","Scrape","Consume","Gash","Static Discharge","Chaos+1","Loop","Creative AI","Hologram","Gash","Shame","BootSequence+1"],"relics":["Cracked Core","Bag of Marbles","Oddly Smooth Stone","Blue Candle","Lee\u0027s Waffle","Eternal Feather","Calipers"],"potions_floor_usage":[7,13],"damage_taken":[{"damage":9,"enemies":"Jaw Worm","floor":1,"turns":5},{"damage":1,"enemies":"Cultist","floor":3,"turns":3},{"damage":0,"enemies":"2 Louse","floor":4,"turns":3},{"damage":30,"enemies":"3 Sentries","floor":7,"turns":5},{"damage":8,"enemies":"Exordium Wildlife","floor":11,"turns":5},{"damage":0,"enemies":"Blue Slaver","floor":13,"turns":1},{"damage":0,"enemies":"Slime Boss","floor":16,"turns":9},{"damage":16,"enemies":"2 Thieves","floor":18,"turns":4},{"damage":12,"enemies":"Chosen","floor":19,"turns":7},{"damage":57,"enemies":"Centurion and Healer","floor":21,"turns":11},{"damage":17,"enemies":"3 Cultists","floor":22,"turns":3}],"seed_played":"6576863244175978594","potions_obtained":[{"floor":4,"key":"AttackPotion"},{"floor":7,"key":"FairyPotion"},{"floor":11,"key":"Fire Potion"},{"floor":21,"key":"Strength Potion"}],"is_trial":false,"path_per_floor":["M","?","M","M","T","R","E","R","T","R","M","R","M","$","R","B",null,"M","M","?","M","M"],"character_chosen":"DEFECT","items_purchased":["Lee\u0027s Waffle","Loop"],"campfire_rested":1,"item_purchase_floors":[14,14],"current_hp_per_floor":[55,55,54,54,54,54,24,24,24,24,16,37,37,78,78,78,78,62,50,50,7,0],"gold":28,"neow_bonus":"ONE_RANDOM_RARE_CARD","is_prod":false,"is_daily":false,"chose_seed":false,"campfire_upgraded":4,"win_rate":0,"timestamp":1563760888,"path_taken":["M","?","?","M","?","R","E","R","T","R","M","R","M","$","R","BOSS","M","M","?","M","M"],"build_version":"2019-07-17","purchased_purges":0,"victory":false,"max_hp_per_floor":[71,71,71,71,71,71,71,71,71,71,71,71,71,78,78,78,78,78,78,78,78,78],"card_choices":[{"not_picked":["Streamline","Aggregate"],"picked":"Redo","floor":1},{"not_picked":["Redo","Reboot"],"picked":"Scrape","floor":3},{"not_picked":["Double Energy","Go for the Eyes"],"picked":"Consume","floor":4},{"not_picked":["Barrage","Tempest"],"picked":"Gash","floor":7},{"not_picked":["Sweeping Beam","Rebound"],"picked":"Static Discharge","floor":11},{"not_picked":["Barrage","Steam Power"],"picked":"Chaos","floor":13},{"not_picked":["Biased Cognition","Core Surge"],"picked":"Creative AI","floor":16},{"not_picked":["Streamline","Go for the Eyes"],"picked":"Hologram","floor":18},{"not_picked":["Leap","Tempest"],"picked":"Gash","floor":19},{"not_picked":["Rebound","Stack"],"picked":"BootSequence+1","floor":21}],"player_experience":1731151,"relics_obtained":[{"floor":5,"key":"Bag of Marbles"},{"floor":7,"key":"Oddly Smooth Stone"},{"floor":9,"key":"Blue Candle"}],"event_choices":[{"cards_removed":["Strike_B"],"damage_healed":0,"gold_gain":0,"player_choice":"Card Removal","damage_taken":0,"max_hp_gain":0,"max_hp_loss":0,"event_name":"Wheel of Change","floor":2,"gold_loss":0},{"damage_healed":0,"gold_gain":0,"player_choice":"Stole Relic","damage_taken":0,"relics_obtained":["Calipers"],"max_hp_gain":0,"max_hp_loss":0,"event_name":"Addict","floor":20,"gold_loss":0,"cards_obtained":["Shame"]}],"is_beta":false,"boss_relics":[{"not_picked":["Orrery","FrozenCore"],"picked":"Eternal Feather"}],"items_purged_floors":[],"is_endless":false,"potions_floor_spawned":[4,7,11,21],"killed_by":"3 Cultists","ascension_level":17}