{"gold_per_floor":[14,14,32,32,0,0,21,64,139,139,39,82,82,107,107,107],"floor_reached":16,"playtime":493,"items_purged":["Injury"],"score":194,"play_id":"ca5e1ced-790f-4282-8916-6a491b1a5d9f","local_time":"20190609013122","is_ascension_mode":true,"campfire_choices":[{"data":"Neutralize","floor":6,"key":"SMITH"},{"floor":10,"key":"REST"},{"floor":13,"key":"REST"},{"floor":15,"key":"REST"}],"neow_cost":"NO_GOLD","seed_source_timestamp":161672340763900,"circlet_count":0,"master_deck":["AscendersBane","Defend_G","Defend_G","Defend_G","Defend_G+1","Strike_G+1","Strike_G","Strike_G","Strike_G","Survivor","Neutralize+1","Deadly Poison","Tactician","PiercingWail","Flying Knee","Poisoned Stab","Calculated Gamble","Dodge and Roll","Finisher+1","Footwork"],"relics":["Ring of the Snake","Golden Idol","Potion Belt","Mummified Hand","Molten Egg 2"],"potions_floor_usage":[8,12],"damage_taken":[{"damage":3,"enemies":"Jaw Worm","floor":1,"turns":4},{"damage":1,"enemies":"Small Slimes","floor":3,"turns":5},{"damage":1,"enemies":"2 Louse","floor":7,"turns":3},{"damage":28,"enemies":"Lagavulin","floor":8,"turns":7},{"damage":18,"enemies":"Gremlin Nob","floor":12,"turns":4},{"damage":8,"enemies":"Large Slime","floor":14,"turns":7},{"damage":49,"enemies":"Slime Boss","floor":16,"turns":9}],"seed_played":"-4664255505949086569","potions_obtained":[{"floor":7,"key":"Dexterity Potion"},{"floor":8,"key":"GamblersBrew"}],"is_trial":false,"path_per_floor":["M","?","M","?","?","R","M","E","T","R","$","E","R","M","R","B"],"character_chosen":"THE_SILENT","items_purchased":["Dodge and Roll"],"campfire_rested":3,"item_purchase_floors":[11],"current_hp_per_floor":[56,36,35,35,35,35,34,6,6,25,25,7,26,18,37,0],"gold":107,"neow_bonus":"TRANSFORM_TWO_CARDS","is_prod":false,"is_daily":false,"chose_seed":false,"campfire_upgraded":1,"win_rate":0,"timestamp":1560036682,"path_taken":["M","?","M","?","?","R","M","E","T","R","$","E","R","M","R","BOSS"],"build_version":"2019-01-23","purchased_purges":1,"victory":false,"max_hp_per_floor":[66,66,66,66,66,66,66,66,66,66,66,66,66,66,66,66],"card_choices":[{"not_picked":["Prepared","Blade Dance"],"picked":"PiercingWail","floor":1},{"not_picked":["Deflect","Slice"],"picked":"Flying Knee","floor":3},{"not_picked":["Bane","Acrobatics"],"picked":"Poisoned Stab","floor":7},{"not_picked":["Sucker Punch","All Out Attack"],"picked":"Calculated Gamble","floor":8},{"not_picked":["Eviscerate","Flying Knee"],"picked":"Finisher","floor":12},{"not_picked":["Backflip","Tactician"],"picked":"Footwork","floor":14}],"player_experience":1242749,"relics_obtained":[{"floor":8,"key":"Potion Belt"},{"floor":9,"key":"Mummified Hand"},{"floor":12,"key":"Molten Egg 2"}],"event_choices":[{"damage_healed":0,"gold_gain":0,"player_choice":"Entered Light","damage_taken":20,"max_hp_gain":0,"max_hp_loss":0,"event_name":"Shining Light","floor":2,"gold_loss":0,"cards_upgraded":["Defend_G","Strike_G"]},{"damage_healed":0,"gold_gain":0,"player_choice":"Take Wound","damage_taken":0,"relics_obtained":["Golden Idol"],"max_hp_gain":0,"max_hp_loss":0,"event_name":"Golden Idol","floor":4,"gold_loss":0,"cards_obtained":["Injury"]},{"damage_healed":0,"gold_gain":0,"player_choice":"Left Gold","damage_taken":0,"max_hp_gain":0,"max_hp_loss":0,"event_name":"World of Goop","floor":5,"gold_loss":32}],"is_beta":false,"boss_relics":[],"items_purged_floors":[11],"is_endless":false,"potions_floor_spawned":[7,8],"killed_by":"Slime Boss","ascension_level":16}