{"gold_per_floor":[118,118,193,208,173,207,226,226,249,272,272,272],"floor_reached":12,"playtime":391,"items_purged":[],"score":140,"play_id":"3ec3fce1-0a6a-45fb-b0a9-af637119205e","local_time":"20190519221337","is_ascension_mode":true,"campfire_choices":[{"floor":8,"key":"REST"},{"floor":11,"key":"REST"}],"neow_cost":"CURSE","seed_source_timestamp":515038316307200,"circlet_count":0,"master_deck":["AscendersBane","Strike_R","Strike_R","Strike_R","Strike_R","Strike_R","Defend_R","Defend_R","Defend_R","Defend_R","Bash","Regret","Juggernaut","Second Wind","Clothesline","Shrug It Off","True Grit"],"relics":["Burning Blood","Golden Idol","Red Skull","Centennial Puzzle"],"potions_floor_usage":[6,6],"damage_taken":[{"damage":6,"enemies":"Small Slimes","floor":1,"turns":4},{"damage":9,"enemies":"Jaw Worm","floor":4,"turns":4},{"damage":43,"enemies":"Lagavulin","floor":6,"turns":7},{"damage":5,"enemies":"2 Louse","floor":7,"turns":3},{"damage":11,"enemies":"Blue Slaver","floor":10,"turns":4},{"damage":57,"enemies":"3 Sentries","floor":12,"turns":11}],"seed_played":"-1951416871146084721","potions_obtained":[{"floor":1,"key":"SteroidPotion"},{"floor":4,"key":"Fire Potion"}],"is_trial":false,"path_per_floor":["M","?","?","M","?","E","M","R","T","M","R","E"],"character_chosen":"IRONCLAD","items_purchased":[],"campfire_rested":2,"item_purchase_floors":[],"current_hp_per_floor":[68,42,31,28,46,9,10,32,32,27,49,0],"gold":272,"neow_bonus":"THREE_RARE_CARDS","is_prod":false,"is_daily":false,"chose_seed":false,"campfire_upgraded":0,"win_rate":0,"timestamp":1558296817,"path_taken":["M","?","?","?","?","E","M","R","T","M","R","E"],"build_version":"2019-01-23","purchased_purges":0,"victory":false,"max_hp_per_floor":[75,75,75,75,75,75,75,75,75,75,75,75],"card_choices":[{"not_picked":["Exhume","Reaper"],"picked":"Juggernaut","floor":0},{"not_picked":["Warcry","Cleave"],"picked":"Second Wind","floor":1},{"not_picked":["Pummel","Hemokinesis"],"picked":"Clothesline","floor":4},{"not_picked":["Havoc","Wild Strike"],"picked":"Shrug It Off","floor":6},{"not_picked":["Sword Boomerang","Combust","Pummel"],"picked":"SKIP","floor":7},{"not_picked":["Sword Boomerang","Armaments"],"picked":"True Grit","floor":10}],"player_experience":1151131,"relics_obtained":[{"floor":6,"key":"Red Skull"},{"floor":9,"key":"Centennial Puzzle"}],"event_choices":[{"damage_healed":0,"gold_gain":0,"player_choice":"Take Damage","damage_taken":26,"relics_obtained":["Golden Idol"],"max_hp_gain":0,"max_hp_loss":0,"event_name":"Golden Idol","floor":2,"gold_loss":0},{"damage_healed":0,"gold_gain":75,"player_choice":"Gather Gold","damage_taken":11,"max_hp_gain":0,"max_hp_loss":0,"event_name":"World of Goop","floor":3,"gold_loss":0},{"damage_healed":18,"gold_gain":0,"player_choice":"Healed","damage_taken":0,"max_hp_gain":0,"max_hp_loss":0,"event_name":"The Cleric","floor":5,"gold_loss":35}],"is_beta":false,"boss_relics":[],"items_purged_floors":[],"is_endless":false,"potions_floor_spawned":[1,4],"killed_by":"3 Sentries","ascension_level":16}