{"gold_per_floor":[113,132,150,150,150,150,150,150,150,174,174,198,239,257,257,257],"floor_reached":16,"playtime":364,"items_purged":[],"score":194,"play_id":"df49719f-5185-4ec9-9982-1d10b2ed56cc","local_time":"20190814225014","is_ascension_mode":true,"campfire_choices":[{"data":"Infernal Blade","floor":6,"key":"SMITH"},{"data":"Bash","floor":8,"key":"SMITH"},{"floor":11,"key":"REST"},{"data":"Rampage","floor":15,"key":"SMITH"}],"neow_cost":"PERCENT_DAMAGE","seed_source_timestamp":64248577075000,"circlet_count":0,"master_deck":["AscendersBane","Strike_R","Strike_R","Strike_R","Strike_R","Strike_R","Defend_R","Defend_R","Defend_R","Defend_R","Bash+1","Body Slam","Twin Strike","Infernal Blade+1","Injury","Rampage+1","Shrug It Off","Feel No Pain","Second Wind"],"relics":["Burning Blood","Golden Idol","Gremlin Horn","Ancient Tea Set","Orichalcum"],"potions_floor_usage":[13,14,16,16],"damage_taken":[{"damage":7,"enemies":"Jaw Worm","floor":1,"turns":3},{"damage":6,"enemies":"2 Louse","floor":2,"turns":3},{"damage":10,"enemies":"Small Slimes","floor":3,"turns":4},{"damage":21,"enemies":"3 Louse","floor":10,"turns":3},{"damage":10,"enemies":"Gremlin Gang","floor":12,"turns":4},{"damage":29,"enemies":"Gremlin Nob","floor":13,"turns":4},{"damage":0,"enemies":"Exordium Wildlife","floor":14,"turns":2},{"damage":58,"enemies":"Hexaghost","floor":16,"turns":9}],"seed_played":"7165681207999293170","potions_obtained":[{"floor":10,"key":"Regen Potion"},{"floor":12,"key":"Explosive Potion"},{"floor":13,"key":"AttackPotion"},{"floor":14,"key":"SteroidPotion"}],"is_trial":false,"path_per_floor":["M","M","M","?","?","R","?","R","T","M","R","M","E","M","R","B"],"character_chosen":"IRONCLAD","items_purchased":[],"campfire_rested":1,"item_purchase_floors":[],"current_hp_per_floor":[63,63,59,59,64,64,53,53,53,38,66,62,51,57,57,0],"gold":257,"neow_bonus":"TWENTY_PERCENT_HP_BONUS","is_prod":false,"is_daily":false,"chose_seed":false,"campfire_upgraded":3,"win_rate":0,"timestamp":1565815814,"path_taken":["M","M","M","?","?","R","?","R","T","M","R","M","E","M","R","BOSS"],"build_version":"2019-07-17","purchased_purges":0,"victory":false,"max_hp_per_floor":[89,89,89,89,94,94,94,94,94,94,94,94,94,94,94,94],"card_choices":[{"not_picked":["Sword Boomerang","Clash"],"picked":"Body Slam","floor":1},{"not_picked":["Searing Blow","Cleave"],"picked":"Twin Strike","floor":2},{"not_picked":["Wild Strike","Fire Breathing"],"picked":"Infernal Blade","floor":3},{"not_picked":["Wild Strike","Havoc"],"picked":"Rampage","floor":10},{"not_picked":["Pommel Strike","Fire Breathing"],"picked":"Shrug It Off","floor":12},{"not_picked":["Corruption","Headbutt"],"picked":"Feel No Pain","floor":13},{"not_picked":["Clothesline","Twin Strike"],"picked":"Second Wind","floor":14}],"player_experience":1903295,"relics_obtained":[{"floor":9,"key":"Ancient Tea Set"},{"floor":13,"key":"Orichalcum"}],"event_choices":[{"damage_healed":0,"gold_gain":0,"player_choice":"Take Wound","damage_taken":0,"relics_obtained":["Golden Idol"],"max_hp_gain":0,"max_hp_loss":0,"event_name":"Golden Idol","floor":4,"gold_loss":0,"cards_obtained":["Injury"]},{"damage_healed":0,"gold_gain":0,"player_choice":"Donut","damage_taken":0,"max_hp_gain":5,"max_hp_loss":0,"event_name":"Big Fish","floor":5,"gold_loss":0},{"damage_healed":0,"gold_gain":0,"player_choice":"Success","damage_taken":11,"relics_obtained":["Gremlin Horn"],"max_hp_gain":0,"max_hp_loss":0,"event_name":"Scrap Ooze","floor":7,"gold_loss":0}],"is_beta":false,"boss_relics":[],"items_purged_floors":[],"is_endless":false,"potions_floor_spawned":[10,12,13,14],"killed_by":"Hexaghost","ascension_level":18}