{"gold_per_floor":[116,116,129,54,72,101,101,101,124,4,4,21,21,36,36,136,136,155,55,73,73],"floor_reached":21,"playtime":1216,"items_purged":["Strike_B","Strike_B","Strike_B"],"score":179,"play_id":"aa65968b-291e-49f8-b2c0-7fa7701ddde3","local_time":"20190601174150","is_ascension_mode":false,"campfire_choices":[{"data":"Genetic Algorithm","floor":7,"key":"SMITH"},{"floor":13,"key":"REST"},{"floor":15,"key":"REST"}],"neow_cost":"NONE","seed_source_timestamp":692221460685982,"circlet_count":0,"master_deck":["Strike_B","Defend_B","Defend_B","Defend_B","Defend_B","Zap","Dualcast","Genetic Algorithm+1","Multi-Cast","Conserve Battery","Conserve Battery+1"],"relics":["Cracked Core","NeowsBlessing","The Courier","Centennial Puzzle","Boot","Philosopher\u0027s Stone"],"potions_floor_usage":[6,6,16,16,16],"damage_taken":[{"damage":0,"enemies":"2 Louse","floor":1,"turns":1},{"damage":0,"enemies":"Cultist","floor":3,"turns":1},{"damage":0,"enemies":"Jaw Worm","floor":5,"turns":1},{"damage":34,"enemies":"3 Sentries","floor":6,"turns":6},{"damage":5,"enemies":"Looter","floor":12,"turns":3},{"damage":0,"enemies":"Red Slaver","floor":14,"turns":4},{"damage":57,"enemies":"The Guardian","floor":16,"turns":16},{"damage":0,"enemies":"Chosen","floor":18,"turns":4},{"damage":46,"enemies":"3 Byrds","floor":20,"turns":5},{"damage":31,"enemies":"Snake Plant","floor":21,"turns":5}],"seed_played":"-5961114286360706550","potions_obtained":[{"floor":3,"key":"Explosive Potion"},{"floor":5,"key":"Swift Potion"},{"floor":11,"key":"GamblersBrew"},{"floor":11,"key":"PowerPotion"},{"floor":11,"key":"Block Potion"}],"is_trial":false,"path_per_floor":["M","?","M","$","M","E","R","T","T","$","?","M","R","M","R","B",null,"M","$","M","M"],"character_chosen":"DEFECT","items_purchased":["Conserve Battery"],"campfire_rested":2,"item_purchase_floors":[10],"current_hp_per_floor":[75,75,75,75,75,41,41,41,41,41,41,36,58,58,75,18,75,75,75,29,0],"gold":73,"neow_bonus":"THREE_ENEMY_KILL","is_prod":false,"is_daily":false,"chose_seed":false,"campfire_upgraded":1,"win_rate":0.0,"timestamp":1559425310,"path_taken":["M","?","?","$","M","E","R","?","T","?","?","M","R","M","R","BOSS","M","$","M","M"],"build_version":"2019-01-23","purchased_purges":3,"victory":false,"max_hp_per_floor":[75,75,75,75,75,75,75,75,75,75,75,75,75,75,75,75,75,75,75,75,75],"card_choices":[{"not_picked":["Gash","Recycle","Reprogram"],"picked":"SKIP","floor":1},{"not_picked":["Beam Cell","Leap"],"picked":"Genetic Algorithm","floor":3},{"not_picked":["Beam Cell","Leap","Aggregate"],"picked":"SKIP","floor":5},{"not_picked":["Leap","Blizzard"],"picked":"Multi-Cast","floor":6},{"not_picked":["Gash","Hello World","Reprogram"],"picked":"SKIP","floor":12},{"not_picked":["Cold Snap","Glacier","Chaos"],"picked":"SKIP","floor":14},{"not_picked":["Auto Shields","Coolheaded","Barrage"],"picked":"SKIP","floor":18},{"not_picked":["Gash+1","Leap"],"picked":"Conserve Battery+1","floor":20}],"player_experience":76319,"relics_obtained":[{"floor":6,"key":"The Courier"},{"floor":8,"key":"Centennial Puzzle"},{"floor":9,"key":"Boot"}],"event_choices":[{"damage_healed":0,"gold_gain":0,"player_choice":"Bought 0 Potions","damage_taken":0,"max_hp_gain":0,"max_hp_loss":0,"event_name":"The Woman in Blue","floor":2,"gold_loss":0},{"damage_healed":0,"gold_gain":0,"player_choice":"Got Potions","damage_taken":0,"max_hp_gain":0,"max_hp_loss":0,"event_name":"Lab","floor":11,"gold_loss":0}],"is_beta":false,"boss_relics":[{"not_picked":["Ectoplasm","Runic Pyramid"],"picked":"Philosopher\u0027s Stone"}],"items_purged_floors":[4,10,19],"is_endless":false,"potions_floor_spawned":[3,5],"killed_by":"Snake Plant","ascension_level":0}