{"gold_per_floor":[116,128,29,29,104,104,4,4,30,30,42,71,91,91,91,165,165,181,13,24,24,35,35],"floor_reached":23,"playtime":715,"items_purged":["Strike_R","Strike_R"],"score":318,"play_id":"b7180e8c-161b-4bc9-a794-7c9b9f73a32f","local_time":"20190326030412","is_ascension_mode":true,"campfire_choices":[{"data":"Bash","floor":6,"key":"SMITH"},{"data":"Iron Wave","floor":8,"key":"SMITH"},{"data":"Clash","floor":10,"key":"SMITH"},{"data":"Sever Soul","floor":15,"key":"SMITH"}],"neow_cost":"NONE","seed_source_timestamp":1124330857843200,"circlet_count":0,"master_deck":["AscendersBane","Strike_R","Strike_R","Strike_R","Defend_R","Defend_R","Defend_R+1","Defend_R","Bash+1","Ghostly Armor+1","Clash+1","Iron Wave+1","Uppercut","Sever Soul+1","Juggernaut","Feel No Pain","Enlightenment","Metallicize","True Grit","Seeing Red","Inflame"],"relics":["Burning Blood","Happy Flower","Ornamental Fan","Odd Mushroom","Sozu"],"potions_floor_usage":[2,12,13,16],"damage_taken":[{"damage":6,"enemies":"Cultist","floor":1,"turns":4},{"damage":19,"enemies":"Jaw Worm","floor":2,"turns":6},{"damage":0,"enemies":"2 Louse","floor":11,"turns":2},{"damage":7,"enemies":"3 Sentries","floor":12,"turns":8},{"damage":8,"enemies":"The Mushroom Lair","floor":13,"turns":4},{"damage":25,"enemies":"Slime Boss","floor":16,"turns":11},{"damage":25,"enemies":"2 Thieves","floor":18,"turns":5},{"damage":0,"enemies":"Spheric Guardian","floor":20,"turns":3},{"damage":16,"enemies":"3 Cultists","floor":22,"turns":5},{"damage":44,"enemies":"Book of Stabbing","floor":23,"turns":4}],"seed_played":"2487763699896247512","potions_obtained":[{"floor":1,"key":"AttackPotion"},{"floor":2,"key":"PowerPotion"},{"floor":11,"key":"Strength Potion"},{"floor":12,"key":"Dexterity Potion"}],"is_trial":false,"path_per_floor":["M","M","$","?","?","R","$","R","T","R","M","E","?","?","R","B",null,"M","$","M","$","M","E"],"character_chosen":"IRONCLAD","items_purchased":["Iron Wave","Enlightenment","Metallicize","True Grit"],"campfire_rested":0,"item_purchase_floors":[3,19,19,19],"current_hp_per_floor":[75,62,62,46,35,35,35,35,35,35,41,40,38,38,38,19,66,47,47,53,53,43,0],"gold":35,"neow_bonus":"TEN_PERCENT_HP_BONUS","is_prod":false,"is_daily":false,"chose_seed":false,"campfire_upgraded":4,"win_rate":0,"timestamp":1553565852,"path_taken":["M","?","$","?","?","R","$","R","T","R","M","E","?","?","R","BOSS","M","?","M","$","M","E"],"build_version":"2019-01-23","purchased_purges":2,"victory":false,"max_hp_per_floor":[82,82,82,82,82,82,82,82,82,82,82,82,82,82,82,82,82,82,82,82,82,82,82],"card_choices":[{"not_picked":["Blood for Blood","Intimidate"],"picked":"Ghostly Armor","floor":1},{"not_picked":["Shrug It Off","Searing Blow"],"picked":"Clash","floor":2},{"not_picked":["Thunderclap","Warcry"],"picked":"Uppercut","floor":11},{"not_picked":["Pommel Strike","Uppercut"],"picked":"Sever Soul","floor":12},{"not_picked":["Clothesline","Headbutt"],"picked":"Feel No Pain","floor":13},{"not_picked":["Brutality","Feed"],"picked":"Juggernaut","floor":16},{"not_picked":["Body Slam","Spot Weakness"],"picked":"Feel No Pain","floor":18},{"not_picked":["Thunderclap","Heavy Blade"],"picked":"Seeing Red","floor":20},{"not_picked":["Pommel Strike","Sword Boomerang"],"picked":"Inflame","floor":22}],"player_experience":1007456,"relics_obtained":[{"floor":9,"key":"Happy Flower"},{"floor":12,"key":"Ornamental Fan"},{"floor":13,"key":"Odd Mushroom"}],"event_choices":[{"damage_healed":0,"gold_gain":0,"player_choice":"Entered Light","damage_taken":16,"max_hp_gain":0,"max_hp_loss":0,"event_name":"Shining Light","floor":4,"gold_loss":0,"cards_upgraded":["Ghostly Armor","Defend_R"]},{"damage_healed":0,"gold_gain":75,"player_choice":"Gather Gold","damage_taken":11,"max_hp_gain":0,"max_hp_loss":0,"event_name":"World of Goop","floor":5,"gold_loss":0},{"damage_healed":0,"gold_gain":0,"player_choice":"Fought Mushrooms","damage_taken":0,"max_hp_gain":0,"max_hp_loss":0,"event_name":"Mushrooms","floor":13,"gold_loss":0},{"cards_removed":["Feel No Pain"],"damage_healed":0,"gold_gain":0,"player_choice":"Purged","damage_taken":0,"max_hp_gain":0,"max_hp_loss":0,"event_name":"Purifier","floor":14,"gold_loss":0}],"is_beta":false,"boss_relics":[{"not_picked":["Runic Pyramid","Empty Cage"],"picked":"Sozu"}],"items_purged_floors":[3,7],"is_endless":false,"potions_floor_spawned":[1,2,11,12],"killed_by":"Book of Stabbing","ascension_level":14}