{"gold_per_floor":[359,359,372,392,392,392,405,405,405,405,405,421,445,216,216,339,339,363,363,56,155,155,155,190,190,190,190,49,53,76,96,96,224,287,310,310,190,210,70,70,370,384,384,384,408,426,449,468,468,468],"floor_reached":51,"playtime":2284,"items_purged":["Strike_R","Strike_R","Strike_R","Heavy Blade+1","Bash+1"],"score":759,"play_id":"808d8f2b-0f01-4a1d-82c8-36ea737783f3","local_time":"20191013174016","is_ascension_mode":false,"campfire_choices":[{"data":"Bash","floor":6.0,"key":"SMITH"},{"data":"Cleave","floor":8.0,"key":"SMITH"},{"data":"Pommel Strike","floor":10.0,"key":"SMITH"},{"data":"Heavy Blade","floor":15.0,"key":"SMITH"},{"data":"Apotheosis","floor":23.0,"key":"SMITH"},{"data":"Barricade","floor":25.0,"key":"SMITH"},{"data":"Disarm","floor":27.0,"key":"SMITH"},{"floor":32.0,"key":"REST"},{"data":"Offering","floor":40.0,"key":"SMITH"},{"data":"Offering","floor":44,"key":"SMITH"},{"floor":49,"key":"REST"}],"neow_cost":"PERCENT_DAMAGE","seed_source_timestamp":0,"circlet_count":0,"master_deck":["Defend_R","Defend_R","Defend_R","Defend_R","Pommel Strike+1","Cleave+1","Shrug It Off","Inflame","Barricade+1","Rampage+1","Apotheosis+1","Shrug It Off","Disarm+1","Shrug It Off","Shrug It Off","Offering+1","Madness","Madness","Offering+1","True Grit+1"],"special_seed":0,"relics":["Burning Blood","Sundial","Golden Idol","Omamori","Oddly Smooth Stone","Velvet Choker","Molten Egg 2","Paper Frog","The Courier","Tiny House","Du-Vu Doll"],"potions_floor_usage":[50,50],"damage_taken":[{"damage":0.0,"enemies":"Small Slimes","floor":1.0,"turns":3.0},{"damage":6.0,"enemies":"Jaw Worm","floor":3.0,"turns":5.0},{"damage":7.0,"enemies":"2 Louse","floor":4.0,"turns":2.0},{"damage":3.0,"enemies":"Gremlin Gang","floor":7.0,"turns":5.0},{"damage":14.0,"enemies":"Exordium Thugs","floor":12.0,"turns":4.0},{"damage":4.0,"enemies":"Large Slime","floor":13.0,"turns":3.0},{"damage":36.0,"enemies":"Slime Boss","floor":16.0,"turns":9.0},{"damage":2.0,"enemies":"Shell Parasite","floor":18.0,"turns":7.0},{"damage":49.0,"enemies":"Slavers","floor":24.0,"turns":7.0},{"damage":2.0,"enemies":"2 Thieves","floor":29.0,"turns":4.0},{"damage":22.0,"enemies":"Chosen and Byrds","floor":30.0,"turns":7.0},{"damage":0.0,"enemies":"Snecko","floor":31.0,"turns":6.0},{"damage":10.0,"enemies":"Champ","floor":33.0,"turns":12.0},{"damage":8.0,"enemies":"3 Shapes","floor":35.0,"turns":4.0},{"damage":3.0,"enemies":"Orb Walker","floor":38.0,"turns":5.0},{"damage":16,"enemies":"4 Shapes","floor":42,"turns":6},{"damage":0,"enemies":"Maw","floor":45,"turns":12},{"damage":6,"enemies":"Spire Growth","floor":46,"turns":6},{"damage":6,"enemies":"4 Shapes","floor":47,"turns":6},{"damage":6,"enemies":"Writhing Mass","floor":48,"turns":11},{"damage":12,"enemies":"Donu and Deca","floor":50,"turns":14}],"seed_played":"-7962205075369094084","potions_obtained":[{"floor":4.0,"key":"Energy Potion"},{"floor":12.0,"key":"Fire Potion"},{"floor":30.0,"key":"Ancient Potion"},{"floor":31.0,"key":"Swift Potion"},{"floor":33.0,"key":"Swift Potion"}],"is_trial":false,"path_per_floor":["M","?","M","M","?","R","M","R","T","R","?","M","M","$","R","B",null,"M","?","$","?","?","R","E","R","T","R","$","M","M","M","R","B",null,"M","?","$","M","$","R","?","M","T","R","M","M","M","M","R","B",null],"character_chosen":"IRONCLAD","items_purchased":["Oddly Smooth Stone","Apotheosis","Shrug It Off","Shrug It Off"],"campfire_rested":2,"item_purchase_floors":[14,20,20,28],"current_hp_per_floor":[62,50,50,49,49,49,52,52,52,52,52,44,46,46,46,16,74,74,74,74,74,74,74,31,31,31,31,31,35,19,25,47,43,79,77,67,67,70,70,70,70,60,60,60,66,66,66,66,79,73],"gold":468,"neow_bonus":"TWO_FIFTY_GOLD","is_prod":false,"is_daily":false,"chose_seed":false,"campfire_upgraded":9,"win_rate":0,"timestamp":1571013616,"path_taken":["M","?","M","M","?","R","M","R","T","R","?","M","M","$","R","BOSS","M","?","$","?","?","R","E","R","T","R","$","?","M","M","R","BOSS","M","?","$","M","$","R","?","M","T","R","M","M","?","M","R","BOSS"],"build_version":"2019-07-17","purchased_purges":5,"victory":true,"max_hp_per_floor":[80,80,80,80,74,74,74,74,74,74,74,74,74,74,74,74,74,74,74,74,74,74,74,74,74,74,74,74,74,74,74,74,74,79,79,79,79,79,79,79,79,79,79,79,79,79,79,79,79,79],"card_choices":[{"not_picked":["Heavy Blade","True Grit"],"picked":"Pommel Strike","floor":1.0},{"not_picked":["Headbutt","Shockwave"],"picked":"Cleave","floor":3.0},{"not_picked":["Iron Wave","Warcry"],"picked":"Shrug It Off","floor":4.0},{"not_picked":["Clash","Havoc","Berserk"],"picked":"SKIP","floor":7.0},{"not_picked":["Rampage","Heavy Blade"],"picked":"Inflame","floor":12.0},{"not_picked":["Clothesline","Headbutt"],"picked":"Heavy Blade","floor":13.0},{"not_picked":["Feed","Berserk"],"picked":"Barricade","floor":16.0},{"not_picked":["Heavy Blade","Clash"],"picked":"Rampage","floor":18.0},{"not_picked":["Burning Pact+1","Shrug It Off"],"picked":"Disarm","floor":24.0},{"not_picked":["Heavy Blade+1","Thunderclap+1","Flex"],"picked":"SKIP","floor":29.0},{"not_picked":["Carnage+1","Flame Barrier"],"picked":"Shrug It Off","floor":30.0},{"not_picked":["Inflame","Headbutt+1","Hemokinesis+1"],"picked":"SKIP","floor":31.0},{"not_picked":["Berserk","Exhume"],"picked":"Offering","floor":33.0},{"not_picked":["Headbutt+1","Havoc+1","Combust"],"picked":"SKIP","floor":35.0},{"not_picked":["Clash+1","Shockwave","Cleave+1"],"picked":"SKIP","floor":38.0},{"not_picked":["Warcry","Flex+1"],"picked":"Offering","floor":42},{"not_picked":["Infernal Blade+1","Pommel Strike+1"],"picked":"True Grit+1","floor":45},{"not_picked":["Shrug It Off","Thunderclap+1","Iron Wave+1"],"picked":"SKIP","floor":46},{"not_picked":["Havoc+1","Sever Soul+1","Flex"],"picked":"SKIP","floor":47},{"not_picked":["Anger+1","Sword Boomerang+1","Clash+1"],"picked":"SKIP","floor":48}],"player_experience":402168,"relics_obtained":[{"floor":9.0,"key":"Omamori"},{"floor":24.0,"key":"Paper Frog"},{"floor":26.0,"key":"The Courier"},{"floor":43,"key":"Du-Vu Doll"}],"event_choices":[{"damage_healed":0.0,"max_hp_gain":0.0,"max_hp_loss":0.0,"gold_gain":0.0,"event_name":"Scrap Ooze","player_choice":"Success","floor":2.0,"gold_loss":0.0,"damage_taken":12.0,"relics_obtained":["Sundial"]},{"damage_healed":0.0,"max_hp_gain":0.0,"max_hp_loss":6.0,"gold_gain":0.0,"event_name":"Golden Idol","player_choice":"Lose Max HP","floor":5.0,"gold_loss":0.0,"damage_taken":0.0,"relics_obtained":["Golden Idol"]},{"cards_removed":["Strike_R"],"damage_healed":0.0,"max_hp_gain":0.0,"max_hp_loss":0.0,"gold_gain":0.0,"event_name":"Living Wall","player_choice":"Forget","floor":11.0,"gold_loss":0.0,"damage_taken":0.0},{"damage_healed":0.0,"max_hp_gain":0.0,"max_hp_loss":0.0,"gold_gain":0.0,"event_name":"The Mausoleum","player_choice":"Opened","floor":19.0,"gold_loss":0.0,"damage_taken":0.0,"relics_obtained":["Molten Egg 2"]},{"damage_healed":0.0,"max_hp_gain":0.0,"max_hp_loss":0.0,"gold_gain":99.0,"event_name":"Nest","player_choice":"Stole From Cult","floor":21.0,"gold_loss":0.0,"damage_taken":0.0},{"cards_removed":["Strike_R"],"damage_healed":0.0,"max_hp_gain":0.0,"max_hp_loss":0.0,"gold_gain":0.0,"event_name":"Purifier","player_choice":"Purged","floor":22.0,"gold_loss":0.0,"damage_taken":0.0},{"damage_healed":0.0,"max_hp_gain":0.0,"max_hp_loss":0.0,"gold_gain":0.0,"event_name":"Winding Halls","player_choice":"Embrace Madness","floor":36.0,"gold_loss":0.0,"damage_taken":10.0,"cards_obtained":["Madness","Madness"]},{"damage_healed":0.0,"max_hp_gain":0.0,"max_hp_loss":0.0,"gold_gain":300.0,"event_name":"Wheel of Change","player_choice":"Gold","floor":41.0,"gold_loss":0.0,"damage_taken":0.0}],"is_beta":false,"boss_relics":[{"not_picked":["Fusion Hammer","Sozu"],"picked":"Velvet Choker"},{"not_picked":["Black Star","Astrolabe"],"picked":"Tiny House"}],"items_purged_floors":[14,20,28,37,39],"is_endless":false,"potions_floor_spawned":[4,12,30,31,33,42,48],"ascension_level":0}