{"gold_per_floor":[409,311,326,345,355,355,384,384,409,409,409,409,409,409,409,514,514,527,274,274,125,125,125,144,144,225,259,134,153,3,3,3,3],"floor_reached":33,"playtime":1814,"items_purged":["Pain","Parasite","Zap","Strike_B"],"score":272,"play_id":"998b4f02-5567-4898-8e29-6246607053d3","local_time":"20190326011652","is_ascension_mode":true,"campfire_choices":[{"floor":6.0,"key":"REST"},{"data":"Seek","floor":8.0,"key":"SMITH"},{"data":"Hologram","floor":10.0,"key":"SMITH"},{"data":"Turbo","floor":13.0,"key":"SMITH"},{"data":"Darkness","floor":15.0,"key":"SMITH"},{"data":"Hologram","floor":23.0,"key":"SMITH"},{"data":"Dualcast","floor":25.0,"key":"SMITH"},{"data":"Glacier","floor":32.0,"key":"SMITH"}],"neow_cost":"NONE","seed_source_timestamp":225923831079807,"circlet_count":0,"master_deck":["Strike_B","Strike_B","Strike_B","Defend_B","Defend_B","Defend_B","Defend_B","Dualcast+1","Turbo+1","Hologram+1","Glacier+1","Darkness+1","Seek+1","Self Repair","Hologram+1"],"special_seed":0,"relics":["Calling Bell","Potion Belt","Cables","Old Coin","Bag of Marbles","Bag of Preparation","Busted Crown","Symbiotic Virus","Letter Opener","Juzu Bracelet"],"potions_floor_usage":[33],"damage_taken":[{"damage":6.0,"enemies":"2 Louse","floor":1.0,"turns":5.0},{"damage":28.0,"enemies":"Jaw Worm","floor":3.0,"turns":8.0},{"damage":15.0,"enemies":"Cultist","floor":4.0,"turns":6.0},{"damage":14.0,"enemies":"2 Fungi Beasts","floor":5.0,"turns":5.0},{"damage":25.0,"enemies":"3 Sentries","floor":7.0,"turns":12.0},{"damage":20.0,"enemies":"Slime Boss","floor":16.0,"turns":6.0},{"damage":7.0,"enemies":"Shell Parasite","floor":18.0,"turns":4.0},{"damage":0.0,"enemies":"Chosen","floor":24.0,"turns":4.0},{"damage":22.0,"enemies":"Slavers","floor":27.0,"turns":7.0},{"damage":5.0,"enemies":"Snake Plant","floor":29.0,"turns":5.0},{"damage":0.0,"enemies":"Colosseum Slavers","floor":31.0,"turns":5.0},{"damage":58,"enemies":"Champ","floor":33,"turns":10}],"seed_played":"-7513732481721064016","potions_obtained":[{"floor":3.0,"key":"Strength Potion"},{"floor":4.0,"key":"Energy Potion"},{"floor":7.0,"key":"Explosive Potion"}],"is_trial":false,"path_per_floor":["M","$","M","M","M","R","E","R","T","R","?","?","R","?","R","B",null,"M","$","?","$","?","R","M","R","T","E","$","M","$","?","R","B"],"character_chosen":"DEFECT","items_purchased":["Hologram","Symbiotic Virus","Hologram"],"campfire_rested":1,"item_purchase_floors":[2,19,21],"current_hp_per_floor":[69,69,41,26,12,34,9,9,9,9,9,34,34,34,34,14,75,68,68,68,68,55,55,62,62,62,47,47,49,49,56,56,0],"gold":3,"neow_bonus":"BOSS_RELIC","is_prod":false,"is_daily":false,"chose_seed":false,"campfire_upgraded":7,"win_rate":0,"timestamp":1553588212,"path_taken":["M","$","M","M","M","R","E","R","T","R","?","?","R","?","R","BOSS","M","?","?","$","?","R","M","R","T","E","$","M","$","?","R","BOSS"],"build_version":"2019-01-23","purchased_purges":4,"victory":false,"max_hp_per_floor":[75,75,75,75,75,75,75,75,75,75,75,75,75,75,75,75,75,75,75,75,72,77,77,77,77,77,77,77,77,77,77,77,77],"card_choices":[{"not_picked":["Compile Driver","Streamline"],"picked":"Turbo","floor":1.0},{"not_picked":["Blizzard","Stack"],"picked":"Glacier","floor":3.0},{"not_picked":["Auto Shields","Steam Power","Rebound"],"picked":"SKIP","floor":4.0},{"not_picked":["Fusion","Cold Snap"],"picked":"Darkness","floor":5.0},{"not_picked":["Conserve Battery","Barrage"],"picked":"Seek","floor":7.0},{"not_picked":[],"picked":"Self Repair","floor":18.0},{"not_picked":["Conserve Battery"],"picked":"SKIP","floor":24.0},{"not_picked":["Chaos"],"picked":"SKIP","floor":27.0},{"not_picked":["Go for the Eyes"],"picked":"SKIP","floor":29.0}],"player_experience":41622,"relics_obtained":[{"floor":0.0,"key":"Potion Belt"},{"floor":0.0,"key":"Cables"},{"floor":0.0,"key":"Old Coin"},{"floor":7.0,"key":"Bag of Marbles"},{"floor":9.0,"key":"Bag of Preparation"},{"floor":26.0,"key":"Letter Opener"},{"floor":27.0,"key":"Juzu Bracelet"}],"event_choices":[{"damage_healed":0.0,"max_hp_gain":0.0,"max_hp_loss":0.0,"gold_gain":0.0,"event_name":"Scrap Ooze","player_choice":"Fled","floor":11.0,"gold_loss":0.0,"damage_taken":0.0},{"damage_healed":25.0,"max_hp_gain":0.0,"max_hp_loss":0.0,"gold_gain":0.0,"event_name":"Big Fish","player_choice":"Banana","floor":12.0,"gold_loss":0.0,"damage_taken":0.0},{"cards_removed":["Pain"],"damage_healed":0.0,"max_hp_gain":0.0,"max_hp_loss":0.0,"gold_gain":0.0,"event_name":"Purifier","player_choice":"Purged","floor":14.0,"gold_loss":0.0,"damage_taken":0.0},{"damage_healed":0.0,"max_hp_gain":0.0,"max_hp_loss":0.0,"gold_gain":0.0,"event_name":"Vampires","player_choice":"Ignored","floor":20.0,"gold_loss":0.0,"damage_taken":0.0},{"damage_healed":0.0,"max_hp_gain":5.0,"max_hp_loss":0.0,"gold_gain":0.0,"event_name":"Forgotten Altar","player_choice":"Shed Blood","floor":22.0,"gold_loss":0.0,"damage_taken":18.0},{"damage_healed":0.0,"max_hp_gain":0.0,"max_hp_loss":0.0,"gold_gain":0.0,"event_name":"Colosseum","player_choice":"Fight","floor":31.0,"gold_loss":0.0,"damage_taken":0.0},{"damage_healed":0.0,"max_hp_gain":0.0,"max_hp_loss":0.0,"gold_gain":0.0,"event_name":"Colosseum","player_choice":"Fled From Nobs","floor":31.0,"gold_loss":0.0,"damage_taken":0.0}],"is_beta":false,"boss_relics":[{"not_picked":["Runic Pyramid","Velvet Choker"],"picked":"Busted Crown"}],"items_purged_floors":[2,21,28,30],"is_endless":false,"potions_floor_spawned":[3,4,7],"killed_by":"Champ","ascension_level":1}