{"gold_per_floor":[16,16,16,28,28,28,59,75,98,98,112,112,129,129,129,129],"floor_reached":16,"playtime":514,"items_purged":[],"score":195,"play_id":"37f4855b-244e-4ecc-af11-0b1ab6d277e2","local_time":"20181029221019","is_ascension_mode":true,"campfire_choices":[{"data":"Bash","floor":6,"key":"SMITH"},{"floor":10,"key":"REST"},{"data":"Fiend Fire","floor":15,"key":"SMITH"}],"neow_cost":"NO_GOLD","seed_source_timestamp":135147494001689,"circlet_count":0,"master_deck":["Strike_R","Strike_R","Strike_R","Strike_R","Strike_R","Defend_R","Defend_R","Defend_R+1","Defend_R","Bash+1","AscendersBane","Dark Embrace","Intimidate+1","Cleave","Fiend Fire+1","Shrug It Off","Clothesline"],"relics":["Burning Blood","Vajra","Juzu Bracelet"],"potions_floor_usage":[7,11,16,16],"damage_taken":[{"damage":12,"enemies":"Cultist","floor":1,"turns":4},{"damage":14,"enemies":"Small Slimes","floor":4,"turns":4},{"damage":22,"enemies":"3 Sentries","floor":7,"turns":9},{"damage":6,"enemies":"2 Louse","floor":8,"turns":3},{"damage":9,"enemies":"Exordium Thugs","floor":11,"turns":6},{"damage":5,"enemies":"Gremlin Gang","floor":13,"turns":4},{"damage":45,"enemies":"Slime Boss","floor":16,"turns":5}],"seed_played":"4642568590842961789","potions_obtained":[{"floor":1,"key":"Fire Potion"},{"floor":8,"key":"EntropicBrew"}],"is_trial":false,"path_per_floor":["M","$","?","M","$","R","E","M","T","R","M","?","M","?","R"],"character_chosen":"IRONCLAD","items_purchased":[],"campfire_rested":1,"item_purchase_floors":[],"current_hp_per_floor":[62,62,39,31,31,31,15,15,15,37,34,39,40,40,40,0],"gold":129,"neow_bonus":"THREE_RARE_CARDS","is_prod":false,"is_daily":false,"chose_seed":false,"campfire_upgraded":2,"win_rate":0,"timestamp":1540851019,"path_taken":["M","$","?","M","?","R","E","M","T","R","M","?","M","?","R","BOSS"],"build_version":"2018-10-25v2","purchased_purges":0,"victory":false,"max_hp_per_floor":[75,75,75,75,75,75,75,75,75,75,75,80,80,80,80,80],"card_choices":[{"not_picked":["Barricade","Double Tap"],"picked":"Dark Embrace","floor":0},{"not_picked":["Power Through","Perfected Strike"],"picked":"Intimidate","floor":1},{"not_picked":["Flame Barrier","Wild Strike"],"picked":"Cleave","floor":4},{"not_picked":["Infernal Blade","Pommel Strike"],"picked":"Fiend Fire","floor":7},{"not_picked":["Body Slam","Infernal Blade","Sever Soul"],"picked":"SKIP","floor":8},{"not_picked":["Perfected Strike","Iron Wave"],"picked":"Shrug It Off","floor":11},{"not_picked":["Body Slam","Havoc"],"picked":"Clothesline","floor":13}],"player_experience":937324,"relics_obtained":[{"floor":7,"key":"Vajra"},{"floor":9,"key":"Juzu Bracelet"}],"event_choices":[{"damage_healed":0,"gold_gain":0,"player_choice":"Entered Light","damage_taken":23,"max_hp_gain":0,"max_hp_loss":0,"event_name":"Shining Light","floor":3,"gold_loss":0,"cards_upgraded":["Intimidate","Defend_R"]},{"damage_healed":0,"gold_gain":0,"player_choice":"Donut","damage_taken":0,"max_hp_gain":5,"max_hp_loss":0,"event_name":"Big Fish","floor":12,"gold_loss":0},{"damage_healed":0,"gold_gain":0,"player_choice":"Ignored","damage_taken":0,"max_hp_gain":0,"max_hp_loss":0,"event_name":"Golden Idol","floor":14,"gold_loss":0}],"is_beta":false,"boss_relics":[],"items_purged_floors":[],"is_endless":false,"potions_floor_spawned":[1,8,11,13],"killed_by":"Slime Boss","ascension_level":19}