{"gold_per_floor":[118,131,151,169,184,184,214,66,138,238,264,284,284,300,300,300],"floor_reached":16,"playtime":902,"items_purged":[],"score":137,"play_id":"1eaac827-c7be-4adb-b94e-dfadf75578fa","local_time":"20190723212045","is_ascension_mode":true,"campfire_choices":[{"data":"Bash","floor":6,"key":"SMITH"},{"floor":13,"key":"REST"},{"data":"Shockwave","floor":15,"key":"SMITH"}],"neow_cost":"TEN_PERCENT_HP_LOSS","seed_source_timestamp":1201939980333333,"circlet_count":0,"master_deck":["Strike_R","Strike_R","Strike_R","Strike_R","Strike_R","Defend_R","Defend_R","Defend_R","Defend_R","Bash+1","Shockwave+1","Corruption","Flame Barrier","Anger","Flame Barrier","Impervious","Shrug It Off"],"relics":["Burning Blood","Thread and Needle","MawBank","Letter Opener","Ginger"],"potions_floor_usage":[4,7,7],"damage_taken":[{"damage":9,"enemies":"Cultist","floor":1,"turns":4},{"damage":0,"enemies":"2 Louse","floor":2,"turns":4},{"damage":3,"enemies":"Small Slimes","floor":3,"turns":5},{"damage":6,"enemies":"Gremlin Gang","floor":4,"turns":4},{"damage":16,"enemies":"2 Fungi Beasts","floor":5,"turns":5},{"damage":28,"enemies":"Lagavulin","floor":7,"turns":5},{"damage":30,"enemies":"3 Sentries","floor":11,"turns":15},{"damage":4,"enemies":"Looter","floor":12,"turns":4},{"damage":0,"enemies":"Blue Slaver","floor":14,"turns":5},{"damage":47,"enemies":"Hexaghost","floor":16,"turns":11}],"seed_played":"-3116870039750865722","potions_obtained":[{"floor":1,"key":"SteroidPotion"},{"floor":2,"key":"Strength Potion"},{"floor":5,"key":"Strength Potion"},{"floor":12,"key":"FearPotion"}],"is_trial":false,"path_per_floor":["M","M","M","M","M","R","E","$","T","?","E","M","R","M","R","B"],"character_chosen":"IRONCLAD","items_purchased":["Impervious"],"campfire_rested":1,"item_purchase_floors":[8],"current_hp_per_floor":[69,72,72,72,62,62,40,40,40,40,16,18,39,45,45,0],"gold":300,"neow_bonus":"ONE_RARE_RELIC","is_prod":false,"is_daily":false,"chose_seed":false,"campfire_upgraded":2,"win_rate":0,"timestamp":1563931245,"path_taken":["M","M","M","M","?","R","E","$","T","?","E","?","R","M","R","BOSS"],"build_version":"2019-07-17","purchased_purges":0,"victory":false,"max_hp_per_floor":[72,72,72,72,72,72,72,72,72,72,72,72,72,72,72,72],"card_choices":[{"not_picked":["Pummel","Thunderclap"],"picked":"Shockwave","floor":1},{"not_picked":["Thunderclap","Headbutt","True Grit"],"picked":"SKIP","floor":2},{"not_picked":["Flex","Warcry"],"picked":"Corruption","floor":3},{"not_picked":["Reckless Charge","Heavy Blade"],"picked":"Flame Barrier","floor":4},{"not_picked":["Pommel Strike","Bloodletting"],"picked":"Anger","floor":5},{"not_picked":["Warcry","Pummel"],"picked":"Flame Barrier","floor":7},{"not_picked":["Headbutt","Clash","Burning Pact"],"picked":"SKIP","floor":11},{"not_picked":["Perfected Strike","Wild Strike"],"picked":"Shrug It Off","floor":12},{"not_picked":["Clash","Havoc","Fire Breathing"],"picked":"SKIP","floor":14}],"player_experience":303499,"relics_obtained":[{"floor":7,"key":"MawBank"},{"floor":9,"key":"Letter Opener"},{"floor":11,"key":"Ginger"}],"event_choices":[{"damage_healed":0,"gold_gain":100,"player_choice":"Pray","damage_taken":0,"max_hp_gain":0,"max_hp_loss":0,"event_name":"Golden Shrine","floor":10,"gold_loss":0}],"is_beta":false,"boss_relics":[],"items_purged_floors":[],"is_endless":false,"potions_floor_spawned":[1,2,5,12],"killed_by":"Hexaghost","ascension_level":4}