{"gold_per_floor":[118,135,8,27,45,45,79,79,148,159,159],"floor_reached":11,"playtime":457,"items_purged":["Strike_G"],"score":135,"play_id":"3b1c474c-dbad-44df-96ac-89a525cacddb","local_time":"20190616224159","is_ascension_mode":true,"campfire_choices":[{"data":"A Thousand Cuts","floor":6,"key":"SMITH"},{"floor":8,"key":"REST"}],"neow_cost":"PERCENT_DAMAGE","seed_source_timestamp":426288156622200,"circlet_count":0,"master_deck":["AscendersBane","Defend_G","Defend_G","Defend_G","Defend_G","Defend_G","Strike_G","Strike_G","Strike_G","Strike_G","Survivor","Neutralize","A Thousand Cuts+1","Acrobatics","Footwork","Cloak And Dagger","Flying Knee","Footwork","Blade Dance","Blade Dance"],"relics":["Ring of the Snake","Incense Burner","Gremlin Horn"],"potions_floor_usage":[11],"damage_taken":[{"damage":0,"enemies":"Cultist","floor":1,"turns":5},{"damage":5,"enemies":"2 Louse","floor":2,"turns":4},{"damage":0,"enemies":"Jaw Worm","floor":4,"turns":6},{"damage":3,"enemies":"Large Slime","floor":5,"turns":7},{"damage":21,"enemies":"3 Sentries","floor":7,"turns":6},{"damage":5,"enemies":"Looter","floor":10,"turns":5},{"damage":59,"enemies":"Gremlin Nob","floor":11,"turns":5}],"seed_played":"-209010729768907407","potions_obtained":[{"floor":4,"key":"Ancient Potion"},{"floor":5,"key":"SteroidPotion"},{"floor":10,"key":"FearPotion"}],"is_trial":false,"path_per_floor":["M","M","$","M","M","R","E","R","T","M","E"],"character_chosen":"THE_SILENT","items_purchased":["Cloak And Dagger"],"campfire_rested":1,"item_purchase_floors":[3],"current_hp_per_floor":[44,39,39,39,36,36,15,34,34,29,0],"gold":159,"neow_bonus":"THREE_RARE_CARDS","is_prod":false,"is_daily":false,"chose_seed":false,"campfire_upgraded":1,"win_rate":0,"timestamp":1560717719,"path_taken":["M","M","$","?","M","R","E","R","T","M","E"],"build_version":"2019-01-23","purchased_purges":1,"victory":false,"max_hp_per_floor":[66,66,66,66,66,66,66,66,66,66,66],"card_choices":[{"not_picked":["Corpse Explosion","Adrenaline"],"picked":"A Thousand Cuts","floor":0},{"not_picked":["Setup","All Out Attack"],"picked":"Acrobatics","floor":1},{"not_picked":["Outmaneuver","Caltrops"],"picked":"Footwork","floor":2},{"not_picked":["All Out Attack","Dodge and Roll"],"picked":"Flying Knee","floor":4},{"not_picked":["Reflex","Cloak And Dagger"],"picked":"Footwork","floor":5},{"not_picked":["Predator","Prepared"],"picked":"Blade Dance","floor":7},{"not_picked":["Slice","Outmaneuver"],"picked":"Blade Dance","floor":10}],"player_experience":1374785,"relics_obtained":[{"floor":7,"key":"Incense Burner"},{"floor":9,"key":"Gremlin Horn"}],"event_choices":[],"is_beta":false,"boss_relics":[],"items_purged_floors":[3],"is_endless":false,"potions_floor_spawned":[4,5,10],"killed_by":"Gremlin Nob","ascension_level":16}