{"gold_per_floor":[114,129,129,147,23,49,63,63,63,81,108,119,119,136,136,232,232,247,265,8,8],"floor_reached":21,"playtime":1004,"items_purged":["Injury"],"score":232,"play_id":"961a6823-b50d-46d3-b7dc-952094766e9d","local_time":"20180624144137","is_ascension_mode":true,"campfire_choices":[{"data":"Loop","floor":8,"key":"SMITH"},{"floor":13,"key":"REST"},{"data":"Go for the Eyes","floor":15,"key":"SMITH"}],"neow_cost":"NONE","seed_source_timestamp":850990754960816,"circlet_count":0,"master_deck":["Strike_B","Strike_B","Strike_B","Strike_B","Defend_B","Defend_B","Defend_B","Defend_B","Zap","Dualcast","Streamline+1","Cold Snap","Aggregate","Leap","Loop+1","Go for the Eyes+1","Cold Snap","Stack","Steam","Melter","Core Surge","Turbo+1","Conserve Battery","Capacitor"],"relics":["Cracked Core","Bag of Marbles","Darkstone Periapt","Gremlin Horn","The Courier","Eternal Feather","Pear"],"potions_floor_usage":[16],"damage_taken":[{"damage":0,"enemies":"Small Slimes","floor":1,"turns":2},{"damage":0,"enemies":"Cultist","floor":2,"turns":2},{"damage":0,"enemies":"Jaw Worm","floor":4,"turns":3},{"damage":21,"enemies":"3 Sentries","floor":6,"turns":10},{"damage":4,"enemies":"Looter","floor":7,"turns":3},{"damage":1,"enemies":"Large Slime","floor":10,"turns":4},{"damage":19,"enemies":"Gremlin Nob","floor":11,"turns":4},{"damage":10,"enemies":"Exordium Thugs","floor":12,"turns":3},{"damage":0,"enemies":"Blue Slaver","floor":14,"turns":3},{"damage":26,"enemies":"The Guardian","floor":16,"turns":14},{"damage":36,"enemies":"2 Thieves","floor":18,"turns":4},{"damage":24,"enemies":"3 Byrds","floor":19,"turns":4},{"damage":30,"enemies":"Snake Plant","floor":21,"turns":4}],"seed_played":"-6283644526445483710","potions_obtained":[{"floor":4,"key":"FearPotion"},{"floor":7,"key":"EssenceOfSteel"},{"floor":10,"key":"Explosive Potion"},{"floor":16,"key":"FocusPotion"}],"is_trial":false,"path_per_floor":["M","M","?","M","$","E","M","R","T","M","E","M","R","M","R","B",null,"M","M","$"],"character_chosen":"DEFECT","items_purchased":["Leap","Pear","Capacitor"],"campfire_rested":1,"item_purchase_floors":[5,20,20],"current_hp_per_floor":[75,75,75,75,75,54,50,50,50,49,30,20,42,42,42,16,75,39,15,25,0],"gold":8,"neow_bonus":"RANDOM_COMMON_RELIC","is_prod":false,"is_daily":false,"chose_seed":false,"campfire_upgraded":2,"win_rate":0,"timestamp":1529847697,"path_taken":["M","M","?","M","$","E","M","R","T","M","E","M","R","M","R","BOSS","M","M","$","M"],"build_version":"2018-06-21v2","purchased_purges":1,"victory":false,"max_hp_per_floor":[75,75,75,75,75,75,75,75,75,75,75,75,75,75,75,75,75,75,75,85,85],"card_choices":[{"not_picked":["Redo","Chaos"],"picked":"Streamline","floor":1},{"not_picked":["Self Repair","Streamline"],"picked":"Cold Snap","floor":2},{"not_picked":["Redo","Streamline"],"picked":"Aggregate","floor":4},{"not_picked":["Heatsinks","Force Field"],"picked":"Loop","floor":6},{"not_picked":["Rip and Tear","Machine Learning"],"picked":"Go for the Eyes","floor":7},{"not_picked":["Reprogram","Barrage"],"picked":"Cold Snap","floor":10},{"not_picked":["Sweeping Beam","Go for the Eyes"],"picked":"Stack","floor":11},{"not_picked":["White Noise","Tempest"],"picked":"Steam","floor":12},{"not_picked":["Capacitor","Barrage"],"picked":"Melter","floor":14},{"not_picked":["Buffer","Meteor Strike"],"picked":"Core Surge","floor":16},{"not_picked":["Leap","Barrage"],"picked":"Turbo+1","floor":18},{"not_picked":["Storm","Double Energy"],"picked":"Conserve Battery","floor":19}],"player_experience":491302,"relics_obtained":[{"floor":6,"key":"Darkstone Periapt"},{"floor":9,"key":"Gremlin Horn"},{"floor":11,"key":"The Courier"}],"event_choices":[{"event_name":"Accursed Blacksmith","player_choice":"Forge","floor":3,"damage_taken":0}],"boss_relics":[{"not_picked":["Lizard Tail","Velvet Choker"],"picked":"Eternal Feather"}],"items_purged_floors":[5],"is_endless":false,"potions_floor_spawned":[4,7,10,11,12,16],"killed_by":"Snake Plant","ascension_level":4}