{"path_per_floor":["M","M","?","$","M","E","M","R","T","R","E","M","?","M","R","B",null,"M","$","?","$","M","E","M","R","T","?","M","R","E","M","R"],"character_chosen":"IRONCLAD","items_purchased":["Ancient Tea Set","Metallicize"],"gold_per_floor":[119,129,204,56,76,104,117,117,117,117,152,162,162,177,177,281,281,294,184,107,107,120,149,165,165,192,192,202,202,236,254,254,254],"floor_reached":33,"campfire_rested":1,"playtime":1969,"current_hp_per_floor":[74,80,69,69,68,75,82,82,82,82,74,81,62,55,55,31,94,94,94,94,94,94,83,77,77,77,58,61,61,40,40,70,0],"items_purged":["Strike_R"],"gold":254,"score":322,"play_id":"2d398607-c221-47d2-9970-dd16f0603b99","local_time":"20180519164345","is_prod":false,"is_daily":false,"chose_seed":false,"is_ascension_mode":false,"campfire_upgraded":5,"timestamp":1526744625,"campfire_choices":[{"data":"Uppercut","floor":8,"key":"SMITH"},{"data":"Shrug It Off","floor":10,"key":"SMITH"},{"data":"Intimidate","floor":15,"key":"SMITH"},{"data":"Inflame","floor":25,"key":"SMITH"},{"data":"Sever Soul","floor":29,"key":"SMITH"},{"floor":32,"key":"REST"}],"path_taken":["M","M","?","?","M","E","M","R","T","R","E","M","?","?","R","BOSS","M","$","?","?","M","E","?","R","T","?","M","R","E","M","R","BOSS"],"build_version":"2018-05-17","seed_source_timestamp":165350827582447,"purchased_purges":2,"victory":false,"master_deck":["Strike_R","Strike_R","Strike_R","Strike_R+1","Defend_R","Defend_R+1","Defend_R","Defend_R","Bash","Sever Soul+1","Uppercut+1","Shrug It Off+1","Reaper","Inflame+1","Intimidate+1","Feed+1","Battle Trance","Metallicize","J.A.X.","Clothesline+1","Clumsy","True Grit+1","Offering"],"max_hp_per_floor":[80,80,80,80,80,94,94,94,94,94,94,94,94,94,94,94,94,94,94,94,94,94,94,94,94,94,99,99,99,103,103,103,103],"relics":["Burning Blood","Ancient Tea Set","Mango","Molten Egg 2","Cursed Key","Matryoshka","Lantern","Bag of Marbles","Torii"],"card_choices":[{"not_picked":["Combust","Clash"],"picked":"Sever Soul","floor":1},{"not_picked":["Thunderclap","Anger"],"picked":"Uppercut","floor":2},{"not_picked":["Power Through","Iron Wave"],"picked":"Shrug It Off","floor":5},{"not_picked":["Shrug It Off","Anger"],"picked":"Reaper","floor":6},{"not_picked":["Havoc","Wild Strike","Cleave"],"picked":"SKIP","floor":7},{"not_picked":["Havoc","Wild Strike","Cleave"],"picked":"SKIP","floor":7},{"not_picked":["Sentinel","True Grit"],"picked":"Inflame","floor":11},{"not_picked":["Havoc","Sever Soul+1","Clash+1"],"picked":"SKIP","floor":12},{"not_picked":["Fire Breathing","Cleave+1"],"picked":"Intimidate","floor":14},{"not_picked":["Limit Break","Exhume"],"picked":"Feed+1","floor":16},{"not_picked":["Bloodletting","Searing Blow+1"],"picked":"Battle Trance","floor":18},{"not_picked":["Cleave+1","Pommel Strike+1"],"picked":"Clothesline+1","floor":22},{"not_picked":["Armaments","Burning Pact","Thunderclap+1"],"picked":"SKIP","floor":23},{"not_picked":["Power Through+1","Bloodletting","Sword Boomerang+1"],"picked":"SKIP","floor":24},{"not_picked":["Sentinel","Pommel Strike+1"],"picked":"True Grit+1","floor":28},{"not_picked":["Wild Strike+1","Cleave+1"],"picked":"Offering","floor":30},{"not_picked":["Iron Wave+1","Anger+1","Carnage+1"],"picked":"SKIP","floor":31}],"player_experience":320669,"potions_floor_usage":[6,16,22,23,23,24,30,30],"damage_taken":[{"damage":12,"enemies":"Small Slimes","floor":1,"turns":4},{"damage":0,"enemies":"2 Louse","floor":2,"turns":2},{"damage":7,"enemies":"Cultist","floor":5,"turns":4},{"damage":13,"enemies":"Gremlin Nob","floor":6,"turns":4},{"damage":11,"enemies":"3 Louse","floor":7,"turns":4},{"damage":22,"enemies":"3 Sentries","floor":11,"turns":7},{"damage":5,"enemies":"Blue Slaver","floor":12,"turns":4},{"damage":13,"enemies":"Red Slaver","floor":14,"turns":2},{"damage":30,"enemies":"The Guardian","floor":16,"turns":10},{"damage":6,"enemies":"Shell Parasite","floor":18,"turns":6},{"damage":3,"enemies":"Chosen","floor":22,"turns":3},{"damage":26,"enemies":"Book of Stabbing","floor":23,"turns":6},{"damage":12,"enemies":"Centurion and Healer","floor":24,"turns":4},{"damage":3,"enemies":"Snake Plant","floor":28,"turns":2},{"damage":31,"enemies":"Gremlin Leader","floor":30,"turns":6},{"damage":6,"enemies":"Snecko","floor":31,"turns":4},{"damage":105,"enemies":"Collector","floor":33,"turns":11}],"relics_obtained":[{"floor":6,"key":"Mango"},{"floor":11,"key":"Molten Egg 2"},{"floor":23,"key":"Matryoshka"},{"floor":26,"key":"Lantern"},{"floor":26,"key":"Bag of Marbles"},{"floor":30,"key":"Torii"}],"event_choices":[{"event_name":"World of Goop","player_choice":"Gather Gold","floor":3,"damage_taken":0},{"event_name":"Shining Light","player_choice":"Entered Light","floor":13,"damage_taken":0},{"event_name":"Drug Dealer","player_choice":"Got JAXXED","floor":20,"damage_taken":0},{"event_name":"Forgotten Altar","player_choice":"Shed Blood","floor":27,"damage_taken":0}],"boss_relics":[{"not_picked":["Runic Dome","Tiny House"],"picked":"Cursed Key"}],"potions_floor_spawned":[1,5,11,14,18,22,24,28],"seed_played":"1715801783474800654","killed_by":"Collector","ascension_level":0,"potions_obtained":[{"floor":1,"key":"Explosive Potion"},{"floor":5,"key":"Strength Potion"},{"floor":11,"key":"AttackPotion"},{"floor":14,"key":"LiquidBronze"},{"floor":18,"key":"Energy Potion"},{"floor":22,"key":"Explosive Potion"},{"floor":24,"key":"AttackPotion"},{"floor":28,"key":"SneckoOil"}],"is_trial":false}