{"gold_per_floor":[99,99,99,99,99,99,99,99,99,99,99,14,0,0,0,0,0,0,0,0],"floor_reached":20,"playtime":955,"items_purged":[],"score":359,"play_id":"0b860190-527a-4692-8f9d-28cbe5d8c9cd","local_time":"20181206233517","is_ascension_mode":true,"campfire_choices":[{"floor":8.0,"key":"REST"},{"floor":15,"key":"REST"}],"neow_cost":"NONE","seed_source_timestamp":0,"circlet_count":0,"master_deck":["AscendersBane","Defend_G","Defend_G","Defend_G","Defend_G","Strike_G","Strike_G","Strike_G","Strike_G","Strike_G","Survivor","Neutralize+1","Backflip","Endless Agony","Tools of the Trade","Cloak And Dagger","Poisoned Stab","Deadly Poison","Predator","Dash","Dagger Throw","After Image","Sucker Punch","Dash","Dodge and Roll","Sucker Punch","Terror","Infinite Blades","Deadly Poison"],"special_seed":0,"relics":["Ectoplasm","Blue Candle","Girya","Unceasing Top","Golden Idol","Orrery"],"potions_floor_usage":[16,16],"damage_taken":[{"damage":7.0,"enemies":"Jaw Worm","floor":1.0,"turns":5.0},{"damage":0.0,"enemies":"2 Louse","floor":2.0,"turns":2.0},{"damage":0.0,"enemies":"Cultist","floor":5.0,"turns":3.0},{"damage":48.0,"enemies":"Gremlin Nob","floor":6.0,"turns":6.0},{"damage":8.0,"enemies":"3 Louse","floor":7.0,"turns":4.0},{"damage":22,"enemies":"3 Sentries","floor":10,"turns":10},{"damage":2,"enemies":"Looter","floor":13,"turns":3},{"damage":13,"enemies":"The Guardian","floor":16,"turns":11},{"damage":5,"enemies":"3 Byrds","floor":18,"turns":7},{"damage":11,"enemies":"Shell Parasite","floor":19,"turns":5},{"damage":34,"enemies":"Centurion and Healer","floor":20,"turns":5}],"seed_played":"-4722633231039516005","potions_obtained":[{"floor":5.0,"key":"Regen Potion"},{"floor":6.0,"key":"Weak Potion"},{"floor":13,"key":"LiquidBronze"},{"floor":19,"key":"Ancient Potion"}],"is_trial":false,"path_per_floor":["M","M","?","?","M","E","M","R","T","E","?","$","M","?","R","B",null,"M","M","M"],"character_chosen":"THE_SILENT","items_purchased":["Dash"],"campfire_rested":2,"item_purchase_floors":[12],"current_hp_per_floor":[52,52,52,52,52,18,10,29,29,7,7,7,5,5,23,10,48,43,32,0],"gold":0,"neow_bonus":"BOSS_RELIC","is_prod":false,"is_daily":false,"chose_seed":false,"campfire_upgraded":0,"win_rate":0,"timestamp":1544135717,"path_taken":["M","M","?","?","M","E","?","R","T","E","?","$","M","?","R","BOSS","M","M","M"],"build_version":"2018-11-15","purchased_purges":0,"victory":false,"max_hp_per_floor":[66,66,66,66,66,66,66,66,66,66,60,60,60,60,60,60,60,60,60,60],"card_choices":[{"not_picked":["Expertise","Masterful Stab"],"picked":"Backflip","floor":1.0},{"not_picked":["Acrobatics","Backflip"],"picked":"Endless Agony","floor":2.0},{"not_picked":["Flying Knee","All Out Attack"],"picked":"Cloak And Dagger","floor":5.0},{"not_picked":["Bullet Time","Dodge and Roll"],"picked":"Poisoned Stab","floor":6.0},{"not_picked":["Quick Slash","Terror"],"picked":"Deadly Poison","floor":7.0},{"not_picked":["Deadly Poison","Outmaneuver"],"picked":"Predator","floor":10},{"not_picked":["Endless Agony","Accuracy"],"picked":"Dagger Throw","floor":13},{"not_picked":["Night Terror","Die Die Die"],"picked":"After Image","floor":16},{"not_picked":["Distraction","Deadly Poison"],"picked":"Sucker Punch","floor":17},{"not_picked":["Prepared","Distraction"],"picked":"Dash","floor":17},{"not_picked":["Predator","Eviscerate"],"picked":"Dodge and Roll","floor":17},{"not_picked":["Reflex","Bouncing Flask"],"picked":"Sucker Punch","floor":17},{"not_picked":["Riddle With Holes","Setup"],"picked":"Terror","floor":17},{"not_picked":["Bane+1","Prepared"],"picked":"Infinite Blades","floor":18},{"not_picked":["Quick Slash+1","Slice"],"picked":"Deadly Poison","floor":19}],"player_experience":517455,"relics_obtained":[{"floor":6.0,"key":"Blue Candle"},{"floor":9.0,"key":"Girya"},{"floor":10,"key":"Unceasing Top"}],"event_choices":[{"damage_healed":0.0,"max_hp_gain":0.0,"max_hp_loss":0.0,"gold_gain":0.0,"cards_transformed":["Defend_G"],"event_name":"Living Wall","player_choice":"Change","floor":3.0,"gold_loss":0.0,"damage_taken":0.0,"cards_obtained":["Tools of the Trade"]},{"damage_healed":0.0,"max_hp_gain":0.0,"max_hp_loss":0.0,"gold_gain":0.0,"event_name":"Upgrade Shrine","player_choice":"Upgraded","floor":4.0,"gold_loss":0.0,"damage_taken":0.0,"cards_upgraded":["Neutralize"]},{"damage_healed":0,"gold_gain":0,"player_choice":"Lose Max HP","damage_taken":0,"relics_obtained":["Golden Idol"],"max_hp_gain":0,"max_hp_loss":6,"event_name":"Golden Idol","floor":11,"gold_loss":0},{"damage_healed":0,"gold_gain":0,"player_choice":"Ignored","damage_taken":0,"max_hp_gain":0,"max_hp_loss":0,"event_name":"Shining Light","floor":14,"gold_loss":0}],"is_beta":false,"boss_relics":[{"not_picked":["White Beast Statue","Runic Dome"],"picked":"Orrery"}],"items_purged_floors":[],"is_endless":false,"potions_floor_spawned":[5,6,13,19],"killed_by":"Centurion and Healer","ascension_level":19}