{"gold_per_floor":[118,135,57,57,207,233,233,248,248,268,268,278,2,35,35,107,107,118,118,208,218,92,119,119,154,229,229,229],"floor_reached":28,"playtime":1327,"items_purged":["Doubt","Sweeping Beam"],"score":524,"play_id":"8155969a-7f7b-4209-92c8-87c50138b306","local_time":"20190709234511","is_ascension_mode":true,"campfire_choices":[{"data":"Fission","floor":7,"key":"SMITH"},{"data":"Sunder","floor":11,"key":"SMITH"},{"floor":15,"key":"REST"},{"data":"Defragment","floor":24,"key":"SMITH"},{"data":"Fission","floor":27,"key":"SMITH"}],"neow_cost":"NONE","seed_source_timestamp":1053674297138743,"circlet_count":0,"master_deck":["AscendersBane","Defend_B","Defend_B","Defend_B","Dualcast","FTL","Compile Driver","Glacier","Capacitor","Fission+1","Sunder+1","Chaos","Defragment+1","Electrodynamics","Machine Learning","Darkness+1","Stack+1","Hyperbeam+1","Melter+1","Fission+1","Madness","Cold Snap+1","Ball Lightning+1","Gash+1","Go for the Eyes+1"],"relics":["Cracked Core","Cables","Pen Nib","Odd Mushroom","DataDisk","Molten Egg 2","Astrolabe","Strawberry","Shuriken","Matryoshka"],"potions_floor_usage":[10,16,23,23],"damage_taken":[{"damage":1,"enemies":"Cultist","floor":1,"turns":3},{"damage":9,"enemies":"Jaw Worm","floor":2,"turns":3},{"damage":22,"enemies":"Lagavulin","floor":6,"turns":13},{"damage":0,"enemies":"2 Louse","floor":8,"turns":3},{"damage":1,"enemies":"The Mushroom Lair","floor":10,"turns":5},{"damage":1,"enemies":"Looter","floor":12,"turns":2},{"damage":9,"enemies":"Gremlin Nob","floor":14,"turns":3},{"damage":2,"enemies":"The Guardian","floor":16,"turns":8},{"damage":1,"enemies":"Spheric Guardian","floor":18,"turns":3},{"damage":1,"enemies":"3 Byrds","floor":21,"turns":2},{"damage":15,"enemies":"Slavers","floor":23,"turns":2},{"damage":1,"enemies":"Gremlin Leader","floor":25,"turns":6},{"damage":26,"enemies":"Cultist and Chosen","floor":28,"turns":3}],"seed_played":"-2576253758966189933","potions_obtained":[{"floor":8,"key":"SkillPotion"},{"floor":14,"key":"Block Potion"},{"floor":16,"key":"Weak Potion"},{"floor":21,"key":"Block Potion"}],"is_trial":false,"path_per_floor":["M","M","$","?","?","E","R","M","T","?","R","M","$","E","R","B",null,"M","?","?","M","$","E","R","E","T","R","M"],"character_chosen":"DEFECT","items_purchased":["Capacitor","DataDisk","Defragment","Ball Lightning+1"],"campfire_rested":1,"item_purchase_floors":[3,13,13,22],"current_hp_per_floor":[63,54,54,54,54,32,32,32,32,31,31,30,30,21,42,40,63,62,62,34,33,33,25,25,24,24,24,0],"gold":229,"neow_bonus":"TRANSFORM_CARD","is_prod":false,"is_daily":false,"chose_seed":false,"campfire_upgraded":4,"win_rate":0,"timestamp":1562712311,"path_taken":["M","?","$","?","?","E","R","M","T","?","R","?","$","E","R","BOSS","M","?","?","M","$","E","R","E","T","R","?"],"build_version":"2019-07-05","purchased_purges":2,"victory":false,"max_hp_per_floor":[71,71,71,71,71,71,71,71,71,71,71,71,71,71,71,71,71,71,71,71,71,71,78,78,78,78,78,78],"card_choices":[{"not_picked":["Streamline","Double Energy"],"picked":"Compile Driver","floor":1},{"not_picked":["Stack","Aggregate"],"picked":"Glacier","floor":2},{"not_picked":["Auto Shields","Hologram"],"picked":"Fission","floor":6},{"not_picked":["Stack","Ball Lightning"],"picked":"Sweeping Beam","floor":8},{"not_picked":["Aggregate","Go for the Eyes"],"picked":"Sunder","floor":10},{"not_picked":["Redo","Hyperbeam"],"picked":"Chaos","floor":12},{"not_picked":["Chaos","Skim"],"picked":"Electrodynamics","floor":14},{"not_picked":["Multi-Cast","Rainbow"],"picked":"Machine Learning","floor":16},{"not_picked":["Aggregate","Storm","Turbo"],"picked":"SKIP","floor":18},{"not_picked":["Compile Driver+1","Leap"],"picked":"Cold Snap+1","floor":21},{"not_picked":["Go for the Eyes+1","Fission"],"picked":"Gash+1","floor":23},{"not_picked":["Blizzard+1","Redo"],"picked":"Go for the Eyes+1","floor":25}],"player_experience":1160369,"relics_obtained":[{"floor":6,"key":"Cables"},{"floor":9,"key":"Pen Nib"},{"floor":10,"key":"Odd Mushroom"},{"floor":14,"key":"Molten Egg 2"},{"floor":23,"key":"Strawberry"},{"floor":25,"key":"Shuriken"},{"floor":26,"key":"Matryoshka"}],"event_choices":[{"damage_healed":0,"gold_gain":0,"player_choice":"Ignored","damage_taken":0,"max_hp_gain":0,"max_hp_loss":0,"event_name":"Golden Idol","floor":4,"gold_loss":0},{"damage_healed":0,"gold_gain":150,"player_choice":"AGREE","damage_taken":0,"max_hp_gain":0,"max_hp_loss":0,"event_name":"Liars Game","floor":5,"gold_loss":0,"cards_obtained":["Doubt"]},{"damage_healed":0,"gold_gain":0,"player_choice":"Fought Mushrooms","damage_taken":0,"max_hp_gain":0,"max_hp_loss":0,"event_name":"Mushrooms","floor":10,"gold_loss":0},{"damage_healed":0,"gold_gain":0,"cards_transformed":["Defend_B","Zap"],"player_choice":"Became Test Subject","damage_taken":0,"max_hp_gain":0,"max_hp_loss":0,"event_name":"Drug Dealer","floor":19,"gold_loss":0,"cards_obtained":["Melter","Fission"]},{"damage_healed":0,"gold_gain":90,"player_choice":"GOLD POTION CARD ","damage_taken":28,"max_hp_gain":0,"max_hp_loss":0,"event_name":"Knowing Skull","floor":20,"potions_obtained":["FairyPotion"],"gold_loss":0,"cards_obtained":["Madness"]}],"is_beta":false,"boss_relics":[{"not_picked":["Orrery","Coffee Dripper"],"picked":"Astrolabe"}],"items_purged_floors":[13,22],"is_endless":false,"potions_floor_spawned":[8,14,16,21],"killed_by":"Cultist and Chosen","ascension_level":20}