{"gold_per_floor":[117,132,132,7,7,35,53,53,77,95,95,120,137,148,148,222,222,236,250,261,279,298,298,318,318,342,354,69,69,23,42,42,120,120,131,131,131,142,155,155,167,178,178,178,178,197,32,48,48,48],"floor_reached":50,"playtime":1373,"items_purged":["Strike_R"],"score":1049,"play_id":"f847b6c8-2415-42ea-bc6c-abd6b7153efa","local_time":"20190106224111","is_ascension_mode":true,"campfire_choices":[{"data":"Carnage","floor":8.0,"key":"SMITH"},{"data":"Whirlwind","floor":11.0,"key":"SMITH"},{"data":"Uppercut","floor":15.0,"key":"SMITH"},{"data":"True Grit","floor":23.0,"key":"SMITH"},{"floor":25.0,"key":"REST"},{"data":"Demon Form","floor":32.0,"key":"SMITH"},{"floor":40.0,"key":"REST"},{"data":"Disarm","floor":44.0,"key":"SMITH"},{"floor":49.0,"key":"REST"}],"neow_cost":"NONE","seed_source_timestamp":361342862222851,"circlet_count":0,"master_deck":["AscendersBane","Strike_R","Strike_R","Strike_R","Strike_R","Defend_R","Defend_R","Defend_R","Defend_R","Bash","Whirlwind+1","Iron Wave","True Grit+1","Anger","Carnage+1","Headbutt","Disarm+1","Infernal Blade","Uppercut+1","Offering","Whirlwind","Flame Barrier+1","Bloodletting+1","Double Tap+1","Shrug It Off","Demon Form+1","True Grit","Shrug It Off","Infernal Blade","Pummel","Shockwave","Sword Boomerang","Iron Wave","Flame Barrier","Mayhem","Feel No Pain+1"],"special_seed":0,"relics":["Burning Blood","NeowsBlessing","Pen Nib","FaceOfCleric","Darkstone Periapt","Vajra","Sozu","Omamori","Meat on the Bone","The Courier","Cursed Key","Gremlin Horn"],"potions_floor_usage":[],"damage_taken":[{"damage":0.0,"enemies":"2 Louse","floor":1.0,"turns":1.0},{"damage":0.0,"enemies":"Small Slimes","floor":2.0,"turns":2.0},{"damage":0.0,"enemies":"3 Sentries","floor":6.0,"turns":2.0},{"damage":1.0,"enemies":"Cultist","floor":7.0,"turns":4.0},{"damage":0.0,"enemies":"Gremlin Gang","floor":10.0,"turns":3.0},{"damage":8.0,"enemies":"Gremlin Nob","floor":12.0,"turns":3.0},{"damage":0.0,"enemies":"Lots of Slimes","floor":13.0,"turns":1.0},{"damage":23.0,"enemies":"Exordium Thugs","floor":14.0,"turns":3.0},{"damage":32.0,"enemies":"Hexaghost","floor":16.0,"turns":6.0},{"damage":6.0,"enemies":"Spheric Guardian","floor":18.0,"turns":1.0},{"damage":0.0,"enemies":"Chosen","floor":19.0,"turns":2.0},{"damage":12.0,"enemies":"Snecko","floor":20.0,"turns":3.0},{"damage":17.0,"enemies":"Snake Plant","floor":21.0,"turns":3.0},{"damage":24.0,"enemies":"Shelled Parasite and Fungi","floor":22.0,"turns":4.0},{"damage":9.0,"enemies":"Centurion and Healer","floor":24.0,"turns":2.0},{"damage":18.0,"enemies":"Snake Plant","floor":27.0,"turns":4.0},{"damage":13.0,"enemies":"Sentry and Sphere","floor":31.0,"turns":5.0},{"damage":40.0,"enemies":"Automaton","floor":33.0,"turns":6.0},{"damage":11.0,"enemies":"3 Shapes","floor":35.0,"turns":9.0},{"damage":27.0,"enemies":"Orb Walker","floor":38.0,"turns":4.0},{"damage":28.0,"enemies":"Spire Growth","floor":39.0,"turns":3.0},{"damage":11.0,"enemies":"Writhing Mass","floor":41.0,"turns":6.0},{"damage":19.0,"enemies":"Sphere and 2 Shapes","floor":42.0,"turns":6.0},{"damage":8.0,"enemies":"4 Shapes","floor":46.0,"turns":1.0},{"damage":28.0,"enemies":"Maw","floor":48.0,"turns":5.0},{"damage":84,"enemies":"Time Eater","floor":50,"turns":4}],"seed_played":"-7505913200108635516","potions_obtained":[{"floor":1.0,"key":"Fire Potion"},{"floor":6.0,"key":"Energy Potion"},{"floor":10.0,"key":"Weak Potion"},{"floor":12.0,"key":"SteroidPotion"}],"is_trial":false,"path_per_floor":["M","M","?","$","?","E","M","R","T","M","R","E","M","M","R","B",null,"M","M","M","M","M","R","M","R","T","M","$","T","$","M","R","B",null,"M","?","?","M","M","R","M","M","T","R","?","M","$","M","R","B"],"character_chosen":"IRONCLAD","items_purchased":["True Grit","Meat on the Bone","Shrug It Off","Mayhem"],"campfire_rested":3,"item_purchase_floors":[4,28,30,47],"current_hp_per_floor":[74,75,64,64,64,71,77,77,77,78,78,77,80,64,64,39,71,72,79,74,64,47,47,45,71,71,60,60,60,60,54,54,33,77,73,73,68,60,51,79,75,63,63,63,63,62,62,53,82,0],"gold":48,"neow_bonus":"THREE_ENEMY_KILL","is_prod":false,"is_daily":false,"chose_seed":false,"campfire_upgraded":6,"win_rate":0,"timestamp":1546810871,"path_taken":["M","M","?","$","?","E","M","R","T","?","R","E","M","M","R","BOSS","M","?","?","?","M","R","M","R","T","M","$","?","?","M","R","BOSS","M","?","?","M","?","R","?","M","T","R","?","?","?","M","R","BOSS"],"build_version":"2019-01-03v4","purchased_purges":1,"victory":false,"max_hp_per_floor":[75,75,75,75,75,76,77,77,77,78,78,79,80,81,81,82,82,83,84,85,86,87,87,88,88,88,89,89,89,89,90,90,91,91,92,92,92,93,94,94,95,96,96,96,96,97,97,98,98,98],"card_choices":[{"not_picked":["Rampage","Metallicize"],"picked":"Whirlwind","floor":1.0},{"not_picked":["Pommel Strike","Dropkick"],"picked":"Iron Wave","floor":2.0},{"not_picked":["Havoc","Reaper"],"picked":"Anger","floor":6.0},{"not_picked":["Evolve","Sword Boomerang"],"picked":"Carnage","floor":7.0},{"not_picked":["Fire Breathing","Thunderclap"],"picked":"Headbutt","floor":10.0},{"not_picked":["Clash","Heavy Blade"],"picked":"Disarm","floor":12.0},{"not_picked":["Dropkick","Twin Strike"],"picked":"Infernal Blade","floor":13.0},{"not_picked":["Twin Strike","Armaments"],"picked":"Uppercut","floor":14.0},{"not_picked":["Bludgeon","Feed"],"picked":"Offering","floor":16.0},{"not_picked":["Iron Wave","Wild Strike"],"picked":"Whirlwind","floor":18.0},{"not_picked":["Havoc","True Grit"],"picked":"Flame Barrier+1","floor":19.0},{"not_picked":["Headbutt","Warcry"],"picked":"Bloodletting+1","floor":20.0},{"not_picked":["Body Slam","Havoc"],"picked":"Double Tap","floor":21.0},{"not_picked":["Havoc","Clash+1"],"picked":"Shrug It Off","floor":22.0},{"not_picked":["Rupture","Warcry"],"picked":"Demon Form","floor":24.0},{"not_picked":["Sword Boomerang","Twin Strike"],"picked":"True Grit","floor":27.0},{"not_picked":["Bloodletting","Searing Blow","Blood for Blood"],"picked":"SKIP","floor":31.0},{"not_picked":["Pommel Strike","Anger"],"picked":"Infernal Blade","floor":35.0},{"not_picked":["Armaments","Flex"],"picked":"Pummel","floor":38.0},{"not_picked":["Cleave","Thunderclap+1"],"picked":"Shockwave","floor":39.0},{"not_picked":["Heavy Blade","Dark Embrace"],"picked":"Sword Boomerang","floor":41.0},{"not_picked":["Pummel","Anger"],"picked":"Iron Wave","floor":42.0},{"not_picked":["Clothesline","Flex"],"picked":"Flame Barrier","floor":46.0},{"not_picked":["Warcry","Twin Strike+1"],"picked":"Feel No Pain+1","floor":48.0}],"player_experience":580079,"relics_obtained":[{"floor":6.0,"key":"Darkstone Periapt"},{"floor":12.0,"key":"Vajra"},{"floor":26.0,"key":"Omamori"},{"floor":29.0,"key":"The Courier"},{"floor":43.0,"key":"Gremlin Horn"}],"event_choices":[{"damage_healed":0.0,"max_hp_gain":0.0,"max_hp_loss":0.0,"gold_gain":0.0,"event_name":"Scrap Ooze","player_choice":"Success","floor":3.0,"gold_loss":0.0,"damage_taken":11.0,"relics_obtained":["Pen Nib"]},{"damage_healed":0.0,"max_hp_gain":0.0,"max_hp_loss":0.0,"gold_gain":0.0,"event_name":"FaceTrader","player_choice":"Trade","floor":5.0,"gold_loss":0.0,"damage_taken":0.0,"relics_obtained":["FaceOfCleric"]},{"damage_healed":0.0,"max_hp_gain":0.0,"max_hp_loss":0.0,"gold_gain":0.0,"event_name":"Mysterious Sphere","player_choice":"Ignored","floor":36.0,"gold_loss":0.0,"damage_taken":0.0},{"damage_healed":0.0,"max_hp_gain":0.0,"max_hp_loss":0.0,"gold_gain":0.0,"event_name":"The Woman in Blue","player_choice":"Bought 0 Potions","floor":37.0,"gold_loss":0.0,"damage_taken":0.0},{"damage_healed":0.0,"max_hp_gain":0.0,"max_hp_loss":0.0,"gold_gain":0.0,"event_name":"Upgrade Shrine","player_choice":"Upgraded","floor":45.0,"gold_loss":0.0,"damage_taken":0.0,"cards_upgraded":["Double Tap"]}],"is_beta":false,"boss_relics":[{"not_picked":["Astrolabe","Black Star"],"picked":"Sozu"},{"not_picked":["Black Blood","Fusion Hammer"],"picked":"Cursed Key"}],"items_purged_floors":[4],"is_endless":false,"potions_floor_spawned":[1,6,10,12,14,21,24,27,33,35,38,41,46],"killed_by":"Time Eater","ascension_level":20}