{"gold_per_floor":[18,18,38,113,129,129,109,109,109,123,143,143,174,174,174,174],"floor_reached":16,"playtime":762,"items_purged":[],"score":170,"play_id":"137b76b6-7588-425f-8f7c-5459a1590879","local_time":"20190330170504","is_ascension_mode":true,"campfire_choices":[{"data":"Bash","floor":6,"key":"SMITH"},{"data":"True Grit","floor":8,"key":"SMITH"},{"data":"Shockwave","floor":12,"key":"SMITH"},{"data":"Ghostly Armor","floor":15,"key":"SMITH"}],"neow_cost":"NO_GOLD","seed_source_timestamp":383967516800700,"circlet_count":0,"master_deck":["AscendersBane","Strike_R","Strike_R","Defend_R","Defend_R","Defend_R","Defend_R","Bash+1","Reckless Charge","Exhume","True Grit+1","Ghostly Armor+1","Reckless Charge","Burning Pact","Shockwave+1","Cleave"],"relics":["Burning Blood","Meat on the Bone","Gremlin Horn","Question Card"],"potions_floor_usage":[7,10,13],"damage_taken":[{"damage":6,"enemies":"Cultist","floor":1,"turns":3},{"damage":11,"enemies":"Jaw Worm","floor":3,"turns":4},{"damage":0,"enemies":"2 Louse","floor":5,"turns":2},{"damage":33,"enemies":"Exordium Thugs","floor":10,"turns":7},{"damage":12,"enemies":"Blue Slaver","floor":11,"turns":4},{"damage":32,"enemies":"3 Sentries","floor":13,"turns":11},{"damage":57,"enemies":"The Guardian","floor":16,"turns":13}],"seed_played":"7763037151725522565","potions_obtained":[{"floor":1,"key":"GamblersBrew"},{"floor":7,"key":"Fruit Juice"},{"floor":11,"key":"Swift Potion"}],"is_trial":false,"path_per_floor":["M","T","M","?","M","R","?","R","T","M","M","R","E","?","R","B"],"character_chosen":"IRONCLAD","items_purchased":[],"campfire_rested":0,"item_purchase_floors":[],"current_hp_per_floor":[68,68,63,52,58,58,63,63,63,48,54,54,40,40,40,0],"gold":174,"neow_bonus":"TRANSFORM_TWO_CARDS","is_prod":false,"is_daily":false,"chose_seed":false,"campfire_upgraded":4,"win_rate":0,"timestamp":1553961904,"path_taken":["M","?","M","?","M","R","?","R","T","M","?","R","E","?","R","BOSS"],"build_version":"2019-01-23","purchased_purges":0,"victory":false,"max_hp_per_floor":[75,75,75,75,75,75,80,80,80,80,80,80,80,80,80,80],"card_choices":[{"not_picked":["Carnage","Havoc"],"picked":"True Grit","floor":1},{"not_picked":["Sword Boomerang","Heavy Blade"],"picked":"Ghostly Armor","floor":3},{"not_picked":["Warcry","Sword Boomerang"],"picked":"Reckless Charge","floor":5},{"not_picked":["Pommel Strike","Metallicize"],"picked":"Burning Pact","floor":10},{"not_picked":["Inflame","Flex"],"picked":"Shockwave","floor":11},{"not_picked":["Heavy Blade","Entrench"],"picked":"Cleave","floor":13}],"player_experience":1010813,"relics_obtained":[{"floor":2,"key":"Meat on the Bone"},{"floor":9,"key":"Gremlin Horn"},{"floor":13,"key":"Question Card"}],"event_choices":[{"damage_healed":0,"gold_gain":75,"player_choice":"Gather Gold","damage_taken":11,"max_hp_gain":0,"max_hp_loss":0,"event_name":"World of Goop","floor":4,"gold_loss":0},{"damage_healed":0,"gold_gain":0,"player_choice":"Bought 1 Potion","damage_taken":0,"max_hp_gain":0,"max_hp_loss":0,"event_name":"The Woman in Blue","floor":7,"gold_loss":0},{"cards_removed":["Strike_R"],"damage_healed":0,"gold_gain":0,"player_choice":"Purged","damage_taken":0,"max_hp_gain":0,"max_hp_loss":0,"event_name":"Purifier","floor":14,"gold_loss":0}],"is_beta":false,"boss_relics":[],"items_purged_floors":[],"is_endless":false,"potions_floor_spawned":[1,11],"killed_by":"The Guardian","ascension_level":14}