{"gold_per_floor":[111,186,19,46,46,46,73,45,68,68,81,107,117,132,132,206,256,270,195,195,207,207,207],"floor_reached":23,"playtime":878,"items_purged":["Strike_B"],"score":394,"play_id":"0d48e33f-8ce9-4bb7-9de9-26056a70fceb","local_time":"20190724143603","is_ascension_mode":true,"campfire_choices":[{"data":"Doom and Gloom","floor":6,"key":"SMITH"},{"floor":10,"key":"REST"},{"data":"Defragment","floor":15,"key":"SMITH"}],"neow_cost":"TEN_PERCENT_HP_LOSS","seed_source_timestamp":1184302014906731,"circlet_count":0,"master_deck":["AscendersBane","Strike_B","Strike_B","Strike_B","Defend_B","Defend_B","Defend_B","Defend_B","Zap+1","Dualcast+1","Doom and Gloom+1","Reinforced Body","Compile Driver","Leap","Defragment+1","Chill","Seek","Hologram","Genetic Algorithm","Compile Driver+1"],"relics":["Cracked Core","WingedGreaves","Regal Pillow","Art of War","Oddly Smooth Stone","Omamori","Bag of Marbles","Tiny House","Molten Egg 2","Gambling Chip"],"potions_floor_usage":[7,12,23],"damage_taken":[{"damage":0,"enemies":"Jaw Worm","floor":1,"turns":4},{"damage":30,"enemies":"Lagavulin","floor":7,"turns":4},{"damage":6,"enemies":"Small Slimes","floor":11,"turns":2},{"damage":10,"enemies":"3 Sentries","floor":12,"turns":6},{"damage":0,"enemies":"Cultist","floor":13,"turns":3},{"damage":0,"enemies":"2 Fungi Beasts","floor":14,"turns":2},{"damage":24,"enemies":"Slime Boss","floor":16,"turns":5},{"damage":14,"enemies":"Spheric Guardian","floor":18,"turns":6},{"damage":0,"enemies":"Chosen","floor":21,"turns":3},{"damage":53,"enemies":"Slavers","floor":23,"turns":4}],"seed_played":"-8341522170357256296","potions_obtained":[{"floor":1,"key":"FearPotion"},{"floor":11,"key":"Fire Potion"},{"floor":17,"key":"Poison Potion"},{"floor":18,"key":"Ancient Potion"},{"floor":21,"key":"Swift Potion"}],"is_trial":false,"path_per_floor":["M","?","$","T","?","R","E","$","T","R","M","E","M","M","R","B",null,"M","$","?","M","T","E"],"character_chosen":"DEFECT","items_purchased":["Regal Pillow","Compile Driver"],"campfire_rested":1,"item_purchase_floors":[3,8],"current_hp_per_floor":[64,53,53,53,53,53,23,23,23,57,51,41,41,41,41,17,57,43,43,43,43,43,0],"gold":207,"neow_bonus":"ONE_RARE_RELIC","is_prod":false,"is_daily":false,"chose_seed":false,"campfire_upgraded":2,"win_rate":0,"timestamp":1563975363,"path_taken":["M","?","?","?","?","R","E","$","T","R","?","E","M","M","R","BOSS","M","$","?","?","?","E"],"build_version":"2019-07-17","purchased_purges":1,"victory":false,"max_hp_per_floor":[64,64,64,64,64,64,64,64,64,64,64,64,64,64,64,64,69,69,69,69,69,69,69],"card_choices":[{"not_picked":["Stack","Undo"],"picked":"Doom and Gloom","floor":1},{"not_picked":["Steam Power","Barrage"],"picked":"Reinforced Body","floor":7},{"not_picked":["Sweeping Beam","Redo"],"picked":"Leap","floor":11},{"not_picked":["Go for the Eyes","Rainbow"],"picked":"Defragment","floor":12},{"not_picked":["Turbo","Tempest","Doom and Gloom"],"picked":"SKIP","floor":13},{"not_picked":["Barrage","Rebound"],"picked":"Chill","floor":14},{"not_picked":["Machine Learning","Amplify"],"picked":"Seek","floor":16},{"not_picked":["Redo","Double Energy"],"picked":"Hologram","floor":17},{"not_picked":["Turbo","Reinforced Body"],"picked":"Genetic Algorithm","floor":18},{"not_picked":["Redo","Rebound+1"],"picked":"Compile Driver+1","floor":21}],"player_experience":1189098,"relics_obtained":[{"floor":4,"key":"Art of War"},{"floor":7,"key":"Oddly Smooth Stone"},{"floor":9,"key":"Omamori"},{"floor":12,"key":"Bag of Marbles"},{"floor":22,"key":"Gambling Chip"}],"event_choices":[{"damage_healed":0,"gold_gain":75,"player_choice":"Gather Gold","damage_taken":11,"max_hp_gain":0,"max_hp_loss":0,"event_name":"World of Goop","floor":2,"gold_loss":0},{"damage_healed":0,"gold_gain":0,"player_choice":"Forge","damage_taken":0,"max_hp_gain":0,"max_hp_loss":0,"event_name":"Accursed Blacksmith","floor":5,"gold_loss":0,"cards_upgraded":["Zap"]},{"damage_healed":0,"gold_gain":0,"player_choice":"Gave Potion","damage_taken":0,"relics_obtained":["Molten Egg 2"],"max_hp_gain":0,"max_hp_loss":0,"event_name":"WeMeetAgain","floor":20,"gold_loss":0}],"is_beta":false,"boss_relics":[{"not_picked":["Fusion Hammer","Runic Pyramid"],"picked":"Tiny House"}],"items_purged_floors":[19],"is_endless":false,"potions_floor_spawned":[1,11,18,21],"killed_by":"Slavers","ascension_level":20}