{"gold_per_floor":[115,131,150,150,166,166,191,69,69,100,120,155,155,3,3,80,80,98,132,132,149,169,169,34,34,34,68,68,68,80,80],"floor_reached":31,"playtime":1380,"items_purged":["Strike_B","Defend_B"],"score":450,"play_id":"6108308f-2d8e-4c72-b7de-80a45ed91d3f","local_time":"20190313060107","is_ascension_mode":true,"campfire_choices":[{"data":"Zap","floor":6,"key":"SMITH"},{"floor":13,"key":"REST"},{"floor":15,"key":"REST"},{"data":"Echo Form","floor":23,"key":"SMITH"},{"data":"Capacitor","floor":25,"key":"SMITH"},{"floor":29,"key":"REST"}],"neow_cost":"NONE","seed_source_timestamp":11051235333900,"circlet_count":0,"master_deck":["AscendersBane","Defend_B","Defend_B","Defend_B","Zap+1","Dualcast","Double Energy+1","Compile Driver","Sweeping Beam","Electrodynamics","Capacitor+1","Hologram","Fusion","Leap","Cold Snap","Echo Form+1","Darkness+1","Defragment+1","Glacier+1","Leap","Loop","Rip and Tear+1","Consume","Capacitor","Stack+1"],"relics":["Cracked Core","Question Card","Gambling Chip","Incense Burner","Ginger","DataDisk","Astrolabe","Red Mask","Singing Bowl","Unceasing Top","Ancient Tea Set","StoneCalendar"],"potions_floor_usage":[3,12,19,22],"damage_taken":[{"damage":0,"enemies":"Small Slimes","floor":1,"turns":3},{"damage":0,"enemies":"Cultist","floor":2,"turns":3},{"damage":2,"enemies":"Jaw Worm","floor":3,"turns":3},{"damage":1,"enemies":"Exordium Wildlife","floor":5,"turns":3},{"damage":20,"enemies":"Lagavulin","floor":7,"turns":6},{"damage":22,"enemies":"3 Sentries","floor":10,"turns":4},{"damage":13,"enemies":"Blue Slaver","floor":11,"turns":3},{"damage":17,"enemies":"Gremlin Nob","floor":12,"turns":4},{"damage":4,"enemies":"Slime Boss","floor":16,"turns":8},{"damage":0,"enemies":"Chosen","floor":18,"turns":5},{"damage":18,"enemies":"Masked Bandits","floor":19,"turns":3},{"damage":14,"enemies":"2 Thieves","floor":21,"turns":4},{"damage":13,"enemies":"3 Cultists","floor":22,"turns":4},{"damage":29,"enemies":"Book of Stabbing","floor":27,"turns":6},{"damage":15,"enemies":"Cultist and Chosen","floor":30,"turns":5},{"damage":17,"enemies":"Centurion and Healer","floor":31,"turns":3}],"seed_played":"-4959439605787241776","potions_obtained":[{"floor":1,"key":"Explosive Potion"},{"floor":11,"key":"Regen Potion"},{"floor":18,"key":"Poison Potion"},{"floor":21,"key":"Energy Potion"},{"floor":30,"key":"EssenceOfSteel"}],"is_trial":false,"path_per_floor":["M","M","M","?","M","R","E","$","T","E","M","E","R","$","R","B",null,"M","?","?","M","M","R","$","R","T","E","T","R","M","M"],"character_chosen":"DEFECT","items_purchased":["Hologram","DataDisk","Capacitor"],"campfire_rested":3,"item_purchase_floors":[8,14,24],"current_hp_per_floor":[75,75,73,73,72,72,52,52,52,30,17,12,36,36,60,56,76,76,58,58,44,31,31,31,31,31,2,2,26,13,0],"gold":80,"neow_bonus":"TEN_PERCENT_HP_BONUS","is_prod":false,"is_daily":false,"chose_seed":false,"campfire_upgraded":3,"win_rate":0,"timestamp":1552453267,"path_taken":["M","M","M","?","M","R","E","?","T","E","?","E","R","$","R","BOSS","M","?","?","M","?","R","$","R","T","E","?","R","M","M"],"build_version":"2019-01-23","purchased_purges":2,"victory":false,"max_hp_per_floor":[82,82,82,82,82,82,82,82,82,82,82,82,82,82,82,82,82,82,82,82,82,82,82,82,82,82,82,82,82,84,84],"card_choices":[{"not_picked":["Reprogram","Hologram"],"picked":"Double Energy","floor":1},{"not_picked":["Skim","Beam Cell"],"picked":"Compile Driver","floor":2},{"not_picked":["Recycle","Rebound"],"picked":"Sweeping Beam","floor":3},{"not_picked":["Ball Lightning","Sweeping Beam"],"picked":"Electrodynamics","floor":5},{"not_picked":["BootSequence","Streamline"],"picked":"Capacitor","floor":7},{"not_picked":["Doom and Gloom","Melter","Hologram"],"picked":"Fusion","floor":10},{"not_picked":["Beam Cell","Ball Lightning","Reinforced Body"],"picked":"Leap","floor":11},{"not_picked":["Skim","Stack","Lockon"],"picked":"Cold Snap","floor":12},{"not_picked":["Meteor Strike","Multi-Cast","Thunder Strike"],"picked":"Echo Form","floor":16},{"not_picked":["Rebound","Cold Snap","Steam Power"],"picked":"Leap","floor":18},{"not_picked":["Leap","Glacier","Heatsinks+1"],"picked":"Loop","floor":19},{"not_picked":["Force Field","Gash","Beam Cell"],"picked":"Rip and Tear+1","floor":21},{"not_picked":["Melter","Turbo","Rainbow"],"picked":"Consume","floor":22},{"not_picked":["Sweeping Beam","Gash","Rebound"],"picked":"Stack+1","floor":27},{"not_picked":["Streamline","Hologram","Loop","Compile Driver"],"picked":"Singing Bowl","floor":30}],"player_experience":985445,"relics_obtained":[{"floor":7,"key":"Question Card"},{"floor":9,"key":"Gambling Chip"},{"floor":10,"key":"Incense Burner"},{"floor":12,"key":"Ginger"},{"floor":19,"key":"Red Mask"},{"floor":20,"key":"Singing Bowl"},{"floor":26,"key":"Unceasing Top"},{"floor":27,"key":"Ancient Tea Set"},{"floor":28,"key":"StoneCalendar"}],"event_choices":[{"damage_healed":0,"gold_gain":0,"player_choice":"Upgraded","damage_taken":0,"max_hp_gain":0,"max_hp_loss":0,"event_name":"Upgrade Shrine","floor":4,"gold_loss":0,"cards_upgraded":["Double Energy"]},{"damage_healed":0,"gold_gain":0,"player_choice":"Fought Bandits","damage_taken":0,"max_hp_gain":0,"max_hp_loss":0,"event_name":"Masked Bandits","floor":19,"gold_loss":0},{"damage_healed":0,"gold_gain":0,"player_choice":"Relic","damage_taken":0,"max_hp_gain":0,"max_hp_loss":0,"event_name":"Wheel of Change","floor":20,"gold_loss":0}],"is_beta":false,"boss_relics":[{"not_picked":["Philosopher\u0027s Stone","Black Star"],"picked":"Astrolabe"}],"items_purged_floors":[8,24],"is_endless":false,"potions_floor_spawned":[1,11,18,21,30],"killed_by":"Centurion and Healer","ascension_level":13}