{"gold_per_floor":[17,17,32,182,182,182,147,147,147,181,192,38,48,48,48,123,123,137,37,52,52],"floor_reached":21,"playtime":580,"items_purged":["Doubt","Strike_B"],"score":397,"play_id":"f8a266bf-c49b-420c-a283-8f6057c0e69b","local_time":"20190520030312","is_ascension_mode":true,"campfire_choices":[{"data":"Creative AI","floor":6,"key":"SMITH"},{"data":"Zap","floor":8,"key":"SMITH"},{"floor":15,"key":"REST"}],"neow_cost":"NO_GOLD","seed_source_timestamp":532222516996699,"circlet_count":0,"master_deck":["AscendersBane","Defend_B+1","Defend_B","Defend_B","Defend_B","Zap+1","Dualcast+1","Beam Cell","Creative AI+1","Cold Snap","Storm","Conserve Battery","Redo","Fusion","Compile Driver","Echo Form","Conserve Battery","Skim"],"relics":["Cracked Core","Pen Nib","War Paint","Anchor","Busted Crown"],"potions_floor_usage":[13,16,16,16,20],"damage_taken":[{"damage":0,"enemies":"Small Slimes","floor":1,"turns":4},{"damage":1,"enemies":"2 Louse","floor":3,"turns":2},{"damage":10,"enemies":"Lagavulin","floor":10,"turns":6},{"damage":5,"enemies":"Cultist","floor":11,"turns":4},{"damage":7,"enemies":"Looter","floor":13,"turns":4},{"damage":0,"enemies":"Slime Boss","floor":16,"turns":6},{"damage":19,"enemies":"3 Byrds","floor":18,"turns":5},{"damage":22,"enemies":"2 Thieves","floor":20,"turns":4},{"damage":29,"enemies":"Masked Bandits","floor":21,"turns":2}],"seed_played":"-1312333383892062446","potions_obtained":[{"floor":3,"key":"FearPotion"},{"floor":11,"key":"Dexterity Potion"},{"floor":13,"key":"Fire Potion"},{"floor":16,"key":"Fruit Juice"},{"floor":18,"key":"Fire Potion"}],"is_trial":false,"path_per_floor":["M","?","M","?","?","R","?","R","T","E","M","$","M","$","R","B",null,"M","$","M","?"],"character_chosen":"DEFECT","items_purchased":["Fusion"],"campfire_rested":1,"item_purchase_floors":[12],"current_hp_per_floor":[64,57,56,56,21,21,38,38,38,28,23,23,16,16,37,42,68,49,49,27,0],"gold":52,"neow_bonus":"TRANSFORM_TWO_CARDS","is_prod":false,"is_daily":false,"chose_seed":false,"campfire_upgraded":2,"win_rate":0,"timestamp":1558314192,"path_taken":["M","?","M","?","?","R","?","R","T","E","M","?","M","$","R","BOSS","M","$","M","?"],"build_version":"2019-01-23","purchased_purges":2,"victory":false,"max_hp_per_floor":[71,71,71,71,71,71,71,71,71,71,71,71,71,71,71,76,76,76,76,76,76],"card_choices":[{"not_picked":["Coolheaded","Rebound"],"picked":"Cold Snap","floor":1},{"not_picked":["Beam Cell","Cold Snap"],"picked":"Storm","floor":3},{"not_picked":["Go for the Eyes","Compile Driver"],"picked":"Conserve Battery","floor":10},{"not_picked":["Steam Power","Blizzard"],"picked":"Redo","floor":11},{"not_picked":["Go for the Eyes","Rebound"],"picked":"Compile Driver","floor":13},{"not_picked":["Thunder Strike","Biased Cognition"],"picked":"Echo Form","floor":16},{"not_picked":[],"picked":"Conserve Battery","floor":18},{"not_picked":[],"picked":"Skim","floor":20}],"player_experience":1167034,"relics_obtained":[{"floor":9,"key":"War Paint"},{"floor":10,"key":"Anchor"}],"event_choices":[{"cards_removed":["Strike_B"],"damage_healed":0,"gold_gain":0,"player_choice":"Card Removal","damage_taken":7,"max_hp_gain":0,"max_hp_loss":0,"event_name":"Golden Wing","floor":2,"gold_loss":0},{"damage_healed":0,"gold_gain":150,"player_choice":"AGREE","damage_taken":0,"max_hp_gain":0,"max_hp_loss":0,"event_name":"Liars Game","floor":4,"gold_loss":0,"cards_obtained":["Doubt"]},{"damage_healed":0,"gold_gain":0,"player_choice":"Success","damage_taken":35,"relics_obtained":["Pen Nib"],"max_hp_gain":0,"max_hp_loss":0,"event_name":"Scrap Ooze","floor":5,"gold_loss":0},{"damage_healed":17,"gold_gain":0,"player_choice":"Healed","damage_taken":0,"max_hp_gain":0,"max_hp_loss":0,"event_name":"The Cleric","floor":7,"gold_loss":35},{"damage_healed":0,"gold_gain":0,"player_choice":"Fought Bandits","damage_taken":0,"max_hp_gain":0,"max_hp_loss":0,"event_name":"Masked Bandits","floor":21,"gold_loss":0}],"is_beta":false,"boss_relics":[{"not_picked":["Empty Cage","Eternal Feather"],"picked":"Busted Crown"}],"items_purged_floors":[12,19],"is_endless":false,"potions_floor_spawned":[3,11,13,16,18],"killed_by":"Masked Bandits","ascension_level":15}