{"path_per_floor":["M","$","M","?","?","E","M","T","T","R","$","M","?","?","R","B",null,"M","$","?","?","$","E","R","$","T","R","E","R","$","M","R","B",null,"M"],"character_chosen":"IRONCLAD","items_purchased":["Ginger","Whirlwind","Happy Flower","Pummel","Whirlwind"],"gold_per_floor":[112,112,122,372,372,405,417,417,417,417,116,136,136,136,136,235,235,245,206,206,206,61,89,89,55,55,55,88,88,51,62,62,163,163,175],"floor_reached":36,"campfire_rested":5,"playtime":2692,"current_hp_per_floor":[71,71,76,76,69,36,38,38,38,62,62,57,57,41,65,10,80,56,56,56,56,56,42,42,42,42,66,23,47,47,43,67,46,80,21],"items_purged":[],"gold":175,"play_id":"705272eb-7eca-4972-a5f6-7724d0ce8253","is_prod":false,"is_daily":false,"campfire_rituals":0,"campfire_upgraded":1,"is_hardmode":false,"path_taken":["M","$","M","?","?","E","?","?","T","R","$","M","?","?","R","BOSS","M","$","?","?","$","E","R","$","T","R","E","R","?","?","R","BOSS","M","?"],"build_version":"2018-01-18-PROD3","purchased_purges":0,"victory":false,"master_deck":["Strike_R","Strike_R","Strike_R","Strike_R","Defend_R","Defend_R","Bash","Armaments","Fire Breathing","Rampage","Limit Break","Shockwave","Rupture","Spot Weakness","Cleave","Whirlwind","Limit Break","Inflame","Pummel","Whirlwind","Exhume","Thunderclap"],"max_hp_per_floor":[80,80,80,80,80,80,80,80,80,80,80,80,80,80,80,80,80,80,80,80,80,80,80,80,80,80,80,80,80,80,80,80,80,80,80],"relics":["Burning Blood","Blood Vial","Ice Cream","Frozen Eye","Ginger","Shuriken","Astrolabe","Happy Flower","Mummified Hand","Bottled Flame","Toxic Egg","Mark of Pain"],"campfire_meditates":0,"card_choices":[{"not_picked":["Havoc","Clash"],"picked":"Armaments"},{"not_picked":["Rage","Bludgeon"],"picked":"Fire Breathing"},{"not_picked":["Twin Strike","Sword Boomerang"],"picked":"Rampage"},{"not_picked":["Impervious","Exhume"],"picked":"Limit Break"},{"not_picked":["Thunderclap","Shockwave"],"picked":"Cleave"},{"not_picked":["Pommel Strike","Hemokinesis"],"picked":"Inflame"},{"not_picked":["Impervious","Feed"],"picked":"Exhume"},{"not_picked":["True Grit","Searing Blow"],"picked":"Thunderclap"}],"player_experience":47391,"potions_floor_usage":[],"damage_taken":[{"damage":15.0,"enemies":"Small Slimes","floor":1.0,"turns":3.0},{"damage":1.0,"enemies":"Cultist","floor":3.0,"turns":4.0},{"damage":39.0,"enemies":"3 Sentries","floor":6.0,"turns":10.0},{"damage":6.0,"enemies":"Blue Slaver","floor":7.0,"turns":4.0},{"damage":13.0,"enemies":"2 Fungi Beasts","floor":12.0,"turns":3.0},{"damage":63.0,"enemies":"The Guardian","floor":16.0,"turns":12.0},{"damage":30.0,"enemies":"2 Thieves","floor":18.0,"turns":4.0},{"damage":22.0,"enemies":"Gremlin Leader","floor":23.0,"turns":6.0},{"damage":51.0,"enemies":"Slavers","floor":28.0,"turns":5.0},{"damage":12.0,"enemies":"Shell Parasite","floor":31.0,"turns":3.0},{"damage":29.0,"enemies":"Collector","floor":33.0,"turns":8.0},{"damage":65,"enemies":"3 Shapes","floor":35,"turns":5},{"damage":28,"enemies":"Orb Walker","floor":36,"turns":3}],"event_choices":[{"event_name":"Golden Shrine","player_choice":"Desecrate","floor":4.0,"damage_taken":0.0},{"event_name":"Golden Wing","player_choice":"Card Removal","floor":5.0,"damage_taken":0.0},{"event_name":"Dead Adventurer","player_choice":"Searched \u00271\u0027 times","floor":13.0,"damage_taken":0.0},{"event_name":"Shining Light","player_choice":"Entered Light","floor":14.0,"damage_taken":0.0},{"event_name":"Duplicator","player_choice":"One dupe","floor":20.0,"damage_taken":0.0},{"event_name":"Cursed Tome","player_choice":"Ignored","floor":21.0,"damage_taken":0.0}],"boss_relics":[{"not_picked":["Sozu","Snecko Eye"],"picked":"Mark of Pain"}],"potions_floor_spawned":[6,16,18,23,31],"seed_played":"4030678454039598072","killed_by":"Orb Walker","is_trial":false}