{"gold_per_floor":[117,133,10,27,0,28,28,56,56,73,73,91,91,16,16,118,118,138,149,0,18,28,28,43,43,66,66,78,78,95,95,95,195,195,205,5,15,35,54,54,87,87,87,87,104,123,139,139,139,139],"floor_reached":51,"playtime":3981,"items_purged":["Strike_G","Strike_G","Strike_G"],"score":1042,"play_id":"46560160-4640-4c96-bfb1-cd999f64d7f5","local_time":"20190926214028","is_ascension_mode":true,"campfire_choices":[{"data":"Dagger Spray","floor":7.0,"key":"SMITH"},{"data":"Neutralize","floor":13.0,"key":"SMITH"},{"data":"Calculated Gamble","floor":15.0,"key":"SMITH"},{"data":"Footwork","floor":23.0,"key":"SMITH"},{"data":"Noxious Fumes","floor":25.0,"key":"SMITH"},{"data":"Burst","floor":27.0,"key":"SMITH"},{"data":"Backflip","floor":29.0,"key":"SMITH"},{"data":"Backflip","floor":32,"key":"SMITH"},{"data":"Calculated Gamble","floor":40,"key":"SMITH"},{"data":"Well Laid Plans","floor":42,"key":"SMITH"},{"data":"Survivor","floor":44,"key":"SMITH"},{"floor":49,"key":"RECALL"}],"neow_cost":"PERCENT_DAMAGE","seed_source_timestamp":730197803192185,"circlet_count":0,"master_deck":["Defend_G+1","Defend_G+1","Defend_G+1","Defend_G+1","Defend_G+1","Survivor+1","Neutralize+1","Calculated Gamble+1","Dagger Throw+1","Dagger Spray+1","Die Die Die+1","Well Laid Plans+1","Footwork+1","Burst+1","Backflip+1","Noxious Fumes+1","Backflip+1","Leg Sweep+1","Calculated Gamble+1","Flying Knee+1","Escape Plan+1"],"special_seed":0,"relics":["Ring of the Snake","Tingsha","Oddly Smooth Stone","Tough Bandages","Gremlin Horn","Pantograph","Empty Cage","Lantern","Busted Crown","Pen Nib","Strawberry","Mark of the Bloom"],"potions_floor_usage":[33,50,50,50],"damage_taken":[{"damage":1.0,"enemies":"Jaw Worm","floor":1.0,"turns":7.0},{"damage":0.0,"enemies":"Cultist","floor":2.0,"turns":5.0},{"damage":0.0,"enemies":"Small Slimes","floor":4.0,"turns":2.0},{"damage":28.0,"enemies":"Lagavulin","floor":6.0,"turns":6.0},{"damage":1.0,"enemies":"Gremlin Nob","floor":8.0,"turns":3.0},{"damage":0.0,"enemies":"Looter","floor":10.0,"turns":3.0},{"damage":0.0,"enemies":"Blue Slaver","floor":12.0,"turns":2.0},{"damage":0.0,"enemies":"The Guardian","floor":16.0,"turns":10.0},{"damage":0.0,"enemies":"3 Byrds","floor":18.0,"turns":3.0},{"damage":0.0,"enemies":"Chosen","floor":19.0,"turns":5.0},{"damage":6.0,"enemies":"Snake Plant","floor":21.0,"turns":5.0},{"damage":3.0,"enemies":"Chosen and Byrds","floor":22.0,"turns":6.0},{"damage":0.0,"enemies":"Centurion and Healer","floor":24.0,"turns":3.0},{"damage":0.0,"enemies":"3 Cultists","floor":28.0,"turns":3.0},{"damage":4.0,"enemies":"Cultist and Chosen","floor":30.0,"turns":5.0},{"damage":0,"enemies":"Collector","floor":33,"turns":10},{"damage":0,"enemies":"3 Darklings","floor":35,"turns":3},{"damage":0,"enemies":"3 Shapes","floor":37,"turns":3},{"damage":0,"enemies":"Maw","floor":38,"turns":6},{"damage":0,"enemies":"Writhing Mass","floor":39,"turns":7},{"damage":0,"enemies":"Reptomancer","floor":41,"turns":5},{"damage":0,"enemies":"4 Shapes","floor":45,"turns":3},{"damage":0,"enemies":"Spire Growth","floor":46,"turns":3},{"damage":0,"enemies":"Transient","floor":47,"turns":5},{"damage":0,"enemies":"Donu and Deca","floor":50,"turns":8}],"seed_played":"6095139791271164993","potions_obtained":[{"floor":6.0,"key":"FearPotion"},{"floor":10.0,"key":"Strength Potion"},{"floor":16.0,"key":"Energy Potion"},{"floor":21.0,"key":"Energy Potion"},{"floor":24.0,"key":"Dexterity Potion"},{"floor":33,"key":"Swift Potion"}],"is_trial":false,"path_per_floor":["M","M","$","M","?","E","R","E","T","M","?","M","R","$","R","B",null,"M","M","$","M","M","R","M","R","T","R","M","R","M","?","R","B",null,"M","$","M","M","M","R","E","R","T","R","M","M","M","?","R","B",null],"character_chosen":"THE_SILENT","items_purchased":["Dagger Throw","Footwork","Backflip","Calculated Gamble"],"campfire_rested":0,"item_purchase_floors":[3,14,20,36],"current_hp_per_floor":[48,48,48,48,48,20,20,19,19,19,19,19,19,19,19,44,70,70,70,70,64,61,61,61,61,61,61,61,61,57,57,57,70,70,70,70,70,70,70,70,70,70,77,77,77,77,77,77,77,77],"gold":139,"neow_bonus":"ONE_RARE_RELIC","is_prod":false,"is_daily":false,"chose_seed":false,"campfire_upgraded":11,"win_rate":0,"timestamp":1569559228,"path_taken":["M","M","$","M","?","E","R","E","T","M","?","M","R","$","R","BOSS","M","?","$","?","M","R","M","R","T","R","M","R","M","?","R","BOSS","M","$","M","M","M","R","E","R","T","R","M","M","M","?","R","BOSS"],"build_version":"2019-07-17","purchased_purges":3,"victory":true,"max_hp_per_floor":[70,70,70,70,70,70,70,70,70,70,70,70,70,70,70,70,70,70,70,70,70,70,70,70,70,70,70,70,70,70,70,70,70,70,70,70,70,70,70,70,70,70,77,77,77,77,77,77,77,77],"card_choices":[{"not_picked":["Bane","Underhanded Strike","Prepared"],"picked":"SKIP","floor":1.0},{"not_picked":["Dagger Throw","Blade Dance"],"picked":"Calculated Gamble","floor":2.0},{"not_picked":["Choke","Storm of Steel"],"picked":"Dagger Spray","floor":4.0},{"not_picked":["Poisoned Stab","Deflect","Bouncing Flask"],"picked":"SKIP","floor":6.0},{"not_picked":["Prepared","Infinite Blades"],"picked":"Die Die Die","floor":8.0},{"not_picked":["Poisoned Stab","Quick Slash"],"picked":"Well Laid Plans","floor":10.0},{"not_picked":["Bane","Crippling Poison","Acrobatics"],"picked":"SKIP","floor":12.0},{"not_picked":["After Image","Bullet Time"],"picked":"Burst","floor":16.0},{"not_picked":["Quick Slash","Deadly Poison+1"],"picked":"Backflip","floor":18.0},{"not_picked":["Well Laid Plans+1","Accuracy+1"],"picked":"Noxious Fumes","floor":19.0},{"not_picked":["Setup","Deadly Poison"],"picked":"Leg Sweep+1","floor":21.0},{"not_picked":["Quick Slash+1","Blade Dance","Outmaneuver"],"picked":"SKIP","floor":22.0},{"not_picked":["Well Laid Plans+1","Eviscerate","Flying Knee"],"picked":"SKIP","floor":24.0},{"not_picked":["Well Laid Plans+1","Eviscerate","Flying Knee"],"picked":"SKIP","floor":24.0},{"not_picked":["Well Laid Plans+1","Eviscerate","Flying Knee"],"picked":"SKIP","floor":24.0},{"not_picked":["Expertise","Choke","Escape Plan"],"picked":"SKIP","floor":28.0},{"not_picked":["Bullet Time","Masterful Stab+1","Riddle With Holes"],"picked":"SKIP","floor":30.0},{"not_picked":["Dagger Throw"],"picked":"SKIP","floor":35},{"not_picked":["Distraction"],"picked":"SKIP","floor":37},{"not_picked":["Accuracy"],"picked":"SKIP","floor":38},{"not_picked":["Accuracy"],"picked":"SKIP","floor":38},{"not_picked":["Noxious Fumes"],"picked":"SKIP","floor":39},{"not_picked":["Flying Knee+1"],"picked":"SKIP","floor":41},{"not_picked":[],"picked":"Flying Knee+1","floor":41},{"not_picked":[],"picked":"Escape Plan","floor":45},{"not_picked":["Dodge and Roll+1"],"picked":"SKIP","floor":46},{"not_picked":["Deflect+1"],"picked":"SKIP","floor":47}],"player_experience":241604,"relics_obtained":[{"floor":6.0,"key":"Oddly Smooth Stone"},{"floor":8.0,"key":"Tough Bandages"},{"floor":9.0,"key":"Gremlin Horn"},{"floor":26.0,"key":"Lantern"},{"floor":41,"key":"Pen Nib"},{"floor":43,"key":"Strawberry"}],"event_choices":[{"damage_healed":0.0,"max_hp_gain":0.0,"max_hp_loss":0.0,"gold_gain":0.0,"event_name":"World of Goop","player_choice":"Left Gold","floor":5.0,"gold_loss":27.0,"damage_taken":0.0},{"damage_healed":0.0,"max_hp_gain":0.0,"max_hp_loss":0.0,"gold_gain":0.0,"event_name":"WeMeetAgain","player_choice":"Gave Potion","floor":11.0,"gold_loss":0.0,"damage_taken":0.0,"relics_obtained":["Pantograph"]},{"damage_healed":0,"gold_gain":0,"player_choice":"Ignored","damage_taken":0,"max_hp_gain":0,"max_hp_loss":0,"event_name":"The Mausoleum","floor":31,"gold_loss":0},{"damage_healed":0,"gold_gain":0,"player_choice":"Upgrade","damage_taken":0,"relics_obtained":["Mark of the Bloom"],"max_hp_gain":0,"max_hp_loss":0,"event_name":"MindBloom","floor":48,"gold_loss":0,"cards_upgraded":["Defend_G","Defend_G","Defend_G","Defend_G","Defend_G","Dagger Throw","Die Die Die","Escape Plan"]}],"is_beta":false,"boss_relics":[{"not_picked":["Black Star","HoveringKite"],"picked":"Empty Cage"},{"not_picked":["Astrolabe","WristBlade"],"picked":"Busted Crown"}],"items_purged_floors":[3,20,36],"is_endless":false,"potions_floor_spawned":[6,10,16,21,24,30,33,38,39,45,47],"ascension_level":4}