{"gold_per_floor":[119,136,411,427,441,441,467,467,467,392,392,317,349,196,196,196],"floor_reached":16,"playtime":385,"items_purged":["Regret","Strike_R"],"score":216,"play_id":"a6784384-de83-46fe-bb43-35bece4148e0","local_time":"20190513235211","is_ascension_mode":true,"campfire_choices":[{"data":"Searing Blow","floor":6,"key":"SMITH"},{"floor":8,"key":"REST"},{"data":"Searing Blow+1","floor":15,"key":"SMITH"}],"neow_cost":"NONE","seed_source_timestamp":2697665729089807,"circlet_count":0,"master_deck":["AscendersBane","Strike_R","Strike_R","Strike_R","Defend_R","Defend_R","Defend_R","Defend_R","Bash","Clothesline","Cleave","Clothesline","Searing Blow+2","Shrug It Off","Armaments","Double Tap"],"special_seed":0,"relics":["Burning Blood","PreservedInsect","Darkstone Periapt","Champion Belt","Peace Pipe"],"potions_floor_usage":[7,16],"damage_taken":[{"damage":4.0,"enemies":"Small Slimes","floor":1.0,"turns":4.0},{"damage":4,"enemies":"Cultist","floor":2,"turns":3},{"damage":0,"enemies":"2 Louse","floor":4,"turns":2},{"damage":21,"enemies":"Looter","floor":5,"turns":3},{"damage":43,"enemies":"Gremlin Nob","floor":7,"turns":5},{"damage":25,"enemies":"3 Sentries","floor":13,"turns":7},{"damage":34,"enemies":"Hexaghost","floor":16,"turns":9}],"seed_played":"-1346071700462877629","potions_obtained":[{"floor":2,"key":"Block Potion"},{"floor":5,"key":"SmokeBomb"}],"is_trial":false,"path_per_floor":["M","M","?","M","M","R","E","R","T","?","?","$","E","$","R","B"],"character_chosen":"IRONCLAD","items_purchased":["Block Potion"],"campfire_rested":1,"item_purchase_floors":[14],"current_hp_per_floor":[70,72,72,75,60,60,23,45,45,45,51,51,32,32,32,0],"gold":196,"neow_bonus":"TRANSFORM_CARD","is_prod":false,"is_daily":false,"chose_seed":false,"campfire_upgraded":2,"win_rate":0,"timestamp":1557784331,"path_taken":["M","M","?","?","M","R","E","R","T","?","?","$","E","$","R","BOSS"],"build_version":"2019-01-23","purchased_purges":2,"victory":false,"max_hp_per_floor":[75,75,75,75,75,75,75,75,75,75,81,81,81,81,81,81],"card_choices":[{"not_picked":["Ghostly Armor","Anger"],"picked":"Cleave","floor":1.0},{"not_picked":["Warcry","Flex"],"picked":"Clothesline","floor":2},{"not_picked":["Whirlwind","Rage"],"picked":"Searing Blow","floor":4},{"not_picked":["Twin Strike","Flex"],"picked":"Shrug It Off","floor":5},{"not_picked":["Pummel","Shockwave"],"picked":"Armaments","floor":7},{"not_picked":["Perfected Strike","Uppercut"],"picked":"Double Tap","floor":13}],"player_experience":789835,"relics_obtained":[{"floor":7,"key":"PreservedInsect"},{"floor":9,"key":"Darkstone Periapt"},{"floor":13,"key":"Peace Pipe"}],"event_choices":[{"damage_healed":0,"gold_gain":275,"player_choice":"Desecrate","damage_taken":0,"max_hp_gain":0,"max_hp_loss":0,"event_name":"Golden Shrine","floor":3,"gold_loss":0,"cards_obtained":["Regret"]},{"cards_removed":["Regret"],"damage_healed":0,"gold_gain":0,"player_choice":"Card Removal","damage_taken":0,"max_hp_gain":0,"max_hp_loss":0,"event_name":"The Cleric","floor":10,"gold_loss":75},{"damage_healed":0,"gold_gain":0,"player_choice":"Box","damage_taken":0,"relics_obtained":["Champion Belt"],"max_hp_gain":0,"max_hp_loss":0,"event_name":"Big Fish","floor":11,"gold_loss":0,"cards_obtained":["Regret"]}],"is_beta":false,"boss_relics":[],"items_purged_floors":[12,14],"is_endless":false,"potions_floor_spawned":[2,5],"killed_by":"Hexaghost","ascension_level":20}