{"gold_per_floor":[218,230,242,59,72,99,99,117,117,143,159,159,171,9,9,83,83,99,119,29,79,79,79],"floor_reached":23,"playtime":729,"items_purged":[],"score":406,"play_id":"d2005351-3cca-4511-8c59-6663b427376c","local_time":"20190629153320","is_ascension_mode":true,"campfire_choices":[{"data":"Uppercut","floor":7,"key":"SMITH"},{"floor":12,"key":"REST"},{"data":"The Bomb","floor":15,"key":"SMITH"}],"neow_cost":"NONE","seed_source_timestamp":160737852458275,"circlet_count":0,"master_deck":["AscendersBane","Strike_R","Strike_R","Defend_R","Defend_R","Defend_R","Defend_R","Bash","Twin Strike","The Bomb+1","Metallicize","Uppercut+1","Power Through","Feed","Headbutt","Inflame+1","Uppercut","Reaper"],"relics":["Burning Blood","PreservedInsect","Frozen Egg 2","Bag of Preparation","Bronze Scales","Empty Cage"],"potions_floor_usage":[6,10,16,16],"damage_taken":[{"damage":6,"enemies":"Cultist","floor":1,"turns":3},{"damage":15,"enemies":"Small Slimes","floor":2,"turns":3},{"damage":2,"enemies":"2 Louse","floor":3,"turns":3},{"damage":22,"enemies":"Exordium Wildlife","floor":5,"turns":3},{"damage":24,"enemies":"Lagavulin","floor":6,"turns":6},{"damage":20,"enemies":"Red Slaver","floor":8,"turns":4},{"damage":11,"enemies":"Gremlin Nob","floor":10,"turns":3},{"damage":6,"enemies":"Blue Slaver","floor":11,"turns":3},{"damage":22,"enemies":"Lots of Slimes","floor":13,"turns":4},{"damage":25,"enemies":"Hexaghost","floor":16,"turns":9},{"damage":18,"enemies":"Shell Parasite","floor":18,"turns":3},{"damage":28,"enemies":"2 Thieves","floor":19,"turns":4},{"damage":34,"enemies":"Book of Stabbing","floor":23,"turns":3}],"seed_played":"-991734884108453719","potions_obtained":[{"floor":2,"key":"FearPotion"},{"floor":3,"key":"Weak Potion"},{"floor":6,"key":"Energy Potion"},{"floor":10,"key":"Regen Potion"}],"is_trial":false,"path_per_floor":["M","M","M","$","M","E","R","M","T","E","M","R","M","$","R","B",null,"M","M","$","?","?","E"],"character_chosen":"IRONCLAD","items_purchased":["The Bomb","Bronze Scales","Inflame+1"],"campfire_rested":1,"item_purchase_floors":[4,14,20],"current_hp_per_floor":[68,59,63,63,47,29,29,15,15,10,10,32,16,16,16,12,59,47,25,25,25,25,0],"gold":79,"neow_bonus":"HUNDRED_GOLD","is_prod":false,"is_daily":false,"chose_seed":false,"campfire_upgraded":2,"win_rate":0,"timestamp":1561818800,"path_taken":["M","M","M","$","M","E","R","?","T","E","?","R","M","$","R","BOSS","M","M","$","?","?","E"],"build_version":"2019-01-23","purchased_purges":0,"victory":false,"max_hp_per_floor":[75,75,75,75,75,75,75,75,75,75,75,75,75,75,75,75,75,75,75,75,75,75,75],"card_choices":[{"not_picked":["Havoc","Ghostly Armor"],"picked":"Perfected Strike","floor":1},{"not_picked":["Reckless Charge","Bloodletting","Flex"],"picked":"SKIP","floor":2},{"not_picked":["Dropkick","Flex"],"picked":"Twin Strike","floor":3},{"not_picked":["Searing Blow","Sword Boomerang"],"picked":"Metallicize","floor":5},{"not_picked":["Dual Wield","Shrug It Off"],"picked":"Uppercut","floor":6},{"not_picked":["Heavy Blade","Wild Strike","Clothesline"],"picked":"SKIP","floor":8},{"not_picked":["Pommel Strike","Iron Wave","Rampage"],"picked":"SKIP","floor":10},{"not_picked":["Clash","Body Slam","Heavy Blade"],"picked":"SKIP","floor":11},{"not_picked":["Havoc","Heavy Blade"],"picked":"Power Through","floor":13},{"not_picked":["Brutality+1","Exhume"],"picked":"Feed","floor":16},{"not_picked":["Wild Strike","Cleave"],"picked":"Headbutt","floor":18},{"not_picked":["Headbutt","Iron Wave","True Grit"],"picked":"SKIP","floor":19}],"player_experience":1116187,"relics_obtained":[{"floor":6,"key":"PreservedInsect"},{"floor":9,"key":"Frozen Egg 2"},{"floor":10,"key":"Bag of Preparation"}],"event_choices":[{"damage_healed":0,"gold_gain":50,"player_choice":"Stole From Cult","damage_taken":0,"max_hp_gain":0,"max_hp_loss":0,"event_name":"Nest","floor":21,"gold_loss":0},{"damage_healed":0,"gold_gain":0,"cards_transformed":["Perfected Strike","Strike_R"],"player_choice":"Became Test Subject","damage_taken":0,"max_hp_gain":0,"max_hp_loss":0,"event_name":"Drug Dealer","floor":22,"gold_loss":0,"cards_obtained":["Uppercut","Reaper"]}],"is_beta":false,"boss_relics":[{"not_picked":["Runic Cube","Lizard Tail"],"picked":"Empty Cage"}],"items_purged_floors":[],"is_endless":false,"potions_floor_spawned":[2,3,6,10],"killed_by":"Book of Stabbing","ascension_level":20}