{"gold_per_floor":[113,113,133,151,151,151,178,178,178,209,222,252,264,289,301,313],"floor_reached":16,"playtime":527,"items_purged":[],"score":228,"play_id":"81ea1abd-15fd-4487-b4d8-14d38de9c2fc","local_time":"20190814161907","is_ascension_mode":true,"campfire_choices":[{"data":"Feel No Pain","floor":6,"key":"SMITH"},{"data":"Bludgeon","floor":8,"key":"SMITH"},{"data":"Uppercut","floor":13,"key":"SMITH"},{"data":"Spot Weakness","floor":15,"key":"SMITH"}],"neow_cost":"NONE","seed_source_timestamp":40618573111000,"circlet_count":0,"master_deck":["AscendersBane","Strike_R","Strike_R","Strike_R","Strike_R","Strike_R","Defend_R","Defend_R","Defend_R","Defend_R","Bash+1","Feel No Pain+1","Uppercut+1","Iron Wave","Bludgeon+1","Flex","Shrug It Off","Spot Weakness+1","Dual Wield"],"relics":["Burning Blood","Centennial Puzzle","Shuriken","Singing Bowl","Boot","MawBank"],"potions_floor_usage":[10,10],"damage_taken":[{"damage":11,"enemies":"Small Slimes","floor":1,"turns":4},{"damage":12,"enemies":"Cultist","floor":3,"turns":4},{"damage":7,"enemies":"Jaw Worm","floor":4,"turns":4},{"damage":41,"enemies":"Gremlin Nob","floor":7,"turns":5},{"damage":23,"enemies":"3 Sentries","floor":10,"turns":9},{"damage":16,"enemies":"Exordium Wildlife","floor":11,"turns":3},{"damage":8,"enemies":"Gremlin Nob","floor":12,"turns":3},{"damage":13,"enemies":"3 Louse","floor":14,"turns":4},{"damage":10,"enemies":"Hexaghost","floor":16,"turns":9}],"seed_played":"-2654355720680221859","potions_obtained":[{"floor":3,"key":"GamblersBrew"},{"floor":4,"key":"BloodPotion"}],"is_trial":false,"path_per_floor":["M","?","M","M","?","R","E","R","T","E","M","E","R","M","R","B"],"character_chosen":"IRONCLAD","items_purchased":[],"campfire_rested":0,"item_purchase_floors":[],"current_hp_per_floor":[63,63,57,56,61,61,26,26,26,29,19,17,17,10,10,0],"gold":313,"neow_bonus":"RANDOM_COMMON_RELIC","is_prod":false,"is_daily":false,"chose_seed":false,"campfire_upgraded":4,"win_rate":0,"timestamp":1565792347,"path_taken":["M","?","M","?","?","R","E","R","T","E","M","E","R","M","R","BOSS"],"build_version":"2019-07-17","purchased_purges":0,"victory":false,"max_hp_per_floor":[75,75,75,75,80,80,80,80,80,80,80,80,80,80,80,80],"card_choices":[{"not_picked":["Twin Strike","Headbutt"],"picked":"Feel No Pain","floor":1},{"not_picked":["Pommel Strike","Clothesline"],"picked":"Uppercut","floor":3},{"not_picked":["Infernal Blade","Burning Pact"],"picked":"Iron Wave","floor":4},{"not_picked":["Uppercut","Perfected Strike"],"picked":"Bludgeon","floor":7},{"not_picked":["Wild Strike","Seeing Red"],"picked":"Flex","floor":10},{"not_picked":["Iron Wave","Warcry"],"picked":"Shrug It Off","floor":11},{"not_picked":["Body Slam","Wild Strike"],"picked":"Spot Weakness","floor":12},{"not_picked":["True Grit","Shrug It Off"],"picked":"Dual Wield","floor":14}],"player_experience":1880822,"relics_obtained":[{"floor":7,"key":"Shuriken"},{"floor":9,"key":"Singing Bowl"},{"floor":10,"key":"Boot"},{"floor":12,"key":"MawBank"}],"event_choices":[{"damage_healed":0,"gold_gain":0,"player_choice":"Upgraded","damage_taken":0,"max_hp_gain":0,"max_hp_loss":0,"event_name":"Upgrade Shrine","floor":2,"gold_loss":0,"cards_upgraded":["Bash"]},{"damage_healed":0,"gold_gain":0,"player_choice":"Donut","damage_taken":0,"max_hp_gain":5,"max_hp_loss":0,"event_name":"Big Fish","floor":5,"gold_loss":0}],"is_beta":false,"boss_relics":[],"items_purged_floors":[],"is_endless":false,"potions_floor_spawned":[3,4,7],"killed_by":"Hexaghost","ascension_level":18}