{"gold_per_floor":[115,129,129,2,2,33,33,58,81,81,81,81,94,113,113,185,185,195,213,213,213,233,233],"floor_reached":23,"playtime":830,"items_purged":[],"score":498,"play_id":"e706e634-a11a-41aa-ac35-ab9e5b88a721","local_time":"20190606005624","is_ascension_mode":true,"campfire_choices":[{"data":"Biased Cognition","floor":7.0,"key":"SMITH"},{"floor":10.0,"key":"REST"},{"data":"Rainbow","floor":12.0,"key":"SMITH"},{"data":"Zap","floor":15.0,"key":"SMITH"}],"neow_cost":"TEN_PERCENT_HP_LOSS","seed_source_timestamp":108338991476294,"circlet_count":0,"master_deck":["AscendersBane","Strike_B","Strike_B","Strike_B","Defend_B","Defend_B","Defend_B","Defend_B","Zap+1","Dualcast","Biased Cognition+1","BootSequence","Gash","Ball Lightning","Rainbow+1","Compile Driver","Conserve Battery","Gash","Sweeping Beam","Creative AI","Defragment+1","Loop","Cold Snap"],"special_seed":0,"relics":["Cracked Core","Strawberry","Blue Candle","Art of War","Cursed Key"],"potions_floor_usage":[16,23],"damage_taken":[{"damage":1.0,"enemies":"Cultist","floor":1.0,"turns":3.0},{"damage":5.0,"enemies":"2 Louse","floor":2.0,"turns":2.0},{"damage":9.0,"enemies":"3 Sentries","floor":6.0,"turns":7.0},{"damage":27.0,"enemies":"Lagavulin","floor":8.0,"turns":6.0},{"damage":1.0,"enemies":"Small Slimes","floor":13.0,"turns":3.0},{"damage":0.0,"enemies":"Red Slaver","floor":14.0,"turns":2.0},{"damage":0,"enemies":"Slime Boss","floor":16,"turns":6},{"damage":6,"enemies":"Spheric Guardian","floor":18,"turns":3},{"damage":18,"enemies":"Chosen","floor":19,"turns":4},{"damage":6,"enemies":"Centurion and Healer","floor":22,"turns":4},{"damage":39,"enemies":"Slavers","floor":23,"turns":2}],"seed_played":"-8110874726373144894","potions_obtained":[{"floor":1.0,"key":"SteroidPotion"},{"floor":2.0,"key":"Strength Potion"},{"floor":22,"key":"Explosive Potion"}],"is_trial":false,"path_per_floor":["M","M","?","$","$","E","R","E","T","R","?","R","M","M","R","B",null,"M","M","?","?","M","E"],"character_chosen":"DEFECT","items_purchased":["Rainbow","Compile Driver"],"campfire_rested":1,"item_purchase_floors":[4,4],"current_hp_per_floor":[63,58,58,58,58,56,56,29,29,50,50,50,49,49,49,49,66,60,42,42,42,36,0],"gold":233,"neow_bonus":"THREE_RARE_CARDS","is_prod":false,"is_daily":false,"chose_seed":false,"campfire_upgraded":3,"win_rate":0,"timestamp":1559775384,"path_taken":["M","M","?","?","$","E","R","E","T","R","?","R","M","M","R","BOSS","M","?","?","?","?","E"],"build_version":"2019-01-23","purchased_purges":0,"victory":false,"max_hp_per_floor":[64,64,64,64,64,71,71,71,71,71,71,71,71,71,71,71,71,71,71,71,71,71,71],"card_choices":[{"not_picked":["Thunder Strike","Seek"],"picked":"Biased Cognition","floor":0.0},{"not_picked":["Aggregate","Force Field"],"picked":"BootSequence","floor":1.0},{"not_picked":["Beam Cell","Turbo"],"picked":"Gash","floor":2.0},{"not_picked":["Leap","Doom and Gloom"],"picked":"Conserve Battery","floor":6.0},{"not_picked":["Hologram","Beam Cell","Rebound"],"picked":"SKIP","floor":8.0},{"not_picked":["Multi-Cast","Beam Cell"],"picked":"Gash","floor":13.0},{"not_picked":["White Noise","Redo"],"picked":"Sweeping Beam","floor":14.0},{"not_picked":["Buffer","Machine Learning"],"picked":"Creative AI","floor":16},{"not_picked":["Redo+1","Gash"],"picked":"Defragment","floor":18},{"not_picked":["Cold Snap","Conserve Battery"],"picked":"Loop","floor":19},{"not_picked":["Barrage","Go for the Eyes","Rebound+1"],"picked":"SKIP","floor":22}],"player_experience":825905,"relics_obtained":[{"floor":6.0,"key":"Strawberry"},{"floor":8.0,"key":"Blue Candle"},{"floor":9.0,"key":"Art of War"}],"event_choices":[{"damage_healed":0.0,"max_hp_gain":0.0,"max_hp_loss":0.0,"gold_gain":0.0,"event_name":"Match and Keep!","player_choice":"1 cards matched","floor":3.0,"gold_loss":0.0,"damage_taken":0.0,"cards_obtained":["Ball Lightning"]},{"cards_removed":["Strike_B"],"damage_healed":0.0,"max_hp_gain":0.0,"max_hp_loss":0.0,"gold_gain":0.0,"event_name":"Purifier","player_choice":"Purged","floor":11.0,"gold_loss":0.0,"damage_taken":0.0},{"damage_healed":0,"gold_gain":0,"player_choice":"Read","damage_taken":0,"max_hp_gain":0,"max_hp_loss":0,"event_name":"The Library","floor":20,"gold_loss":0,"cards_obtained":["Cold Snap"]},{"damage_healed":0,"gold_gain":0,"player_choice":"Upgraded","damage_taken":0,"max_hp_gain":0,"max_hp_loss":0,"event_name":"Upgrade Shrine","floor":21,"gold_loss":0,"cards_upgraded":["Defragment"]}],"is_beta":false,"boss_relics":[{"not_picked":["White Beast Statue","Eternal Feather"],"picked":"Cursed Key"}],"items_purged_floors":[],"is_endless":false,"potions_floor_spawned":[1,2,6,22],"killed_by":"Slavers","ascension_level":20}