{"gold_per_floor":[119,55,66,11,30,63,122,149,175,204,204,11,11,23,23,99,99,118,131,144,144,157,157,2,2,2,2,19,19,19,39,39,116,116,130,130,130,130,13,47,47,0,0,13,13,13,13,30,30,30,30],"floor_reached":51,"playtime":2759,"items_purged":["Writhe"],"score":1307,"play_id":"2d2aefb2-f5e1-4319-8663-68e2dcf967a4","local_time":"20190218224959","is_ascension_mode":true,"campfire_choices":[{"floor":11.0,"key":"REST"},{"floor":13.0,"key":"REST"},{"data":"Noxious Fumes","floor":15.0,"key":"SMITH"},{"floor":23.0,"key":"REST"},{"floor":25.0,"key":"REST"},{"floor":29.0,"key":"REST"},{"floor":32.0,"key":"REST"},{"floor":41.0,"key":"REST"},{"data":"After Image","floor":45.0,"key":"SMITH"},{"floor":47.0,"key":"RECALL"},{"floor":49.0,"key":"REST"}],"neow_cost":"NONE","seed_source_timestamp":209407455080259,"circlet_count":0,"master_deck":["AscendersBane","Defend_G","Defend_G","Defend_G","Defend_G","Defend_G","Strike_G","Survivor","Neutralize","Deadly Poison","Noxious Fumes+1","Dash","Dagger Throw","Backstab","Leg Sweep","After Image+1","Bane","Acrobatics","Adrenaline","Bane+1","Night Terror+1","Infinite Blades+1","Blade Dance+1","Acrobatics+1","Cloak And Dagger","Blur","Footwork","Blade Dance","Caltrops+1","After Image","Choke","Dodge and Roll","Backflip","Dodge and Roll+1","Backflip","Dark Shackles","Deflect"],"special_seed":0,"relics":["Ring of the Snake","NeowsBlessing","Lantern","Happy Flower","Ancient Tea Set","Tough Bandages","Anchor","Question Card","Astrolabe","The Specimen","Kunai","WristBlade","Art of War","Red Mask"],"potions_floor_usage":[51],"damage_taken":[{"damage":0.0,"enemies":"Small Slimes","floor":1.0,"turns":1.0},{"damage":0.0,"enemies":"Cultist","floor":3.0,"turns":1.0},{"damage":0.0,"enemies":"Jaw Worm","floor":5.0,"turns":1.0},{"damage":20.0,"enemies":"3 Sentries","floor":6.0,"turns":8.0},{"damage":17.0,"enemies":"3 Sentries","floor":7.0,"turns":8.0},{"damage":8.0,"enemies":"Lagavulin","floor":8.0,"turns":6.0},{"damage":7.0,"enemies":"Gremlin Nob","floor":10.0,"turns":4.0},{"damage":1.0,"enemies":"Exordium Thugs","floor":14.0,"turns":6.0},{"damage":29.0,"enemies":"Hexaghost","floor":16.0,"turns":10.0},{"damage":9.0,"enemies":"Spheric Guardian","floor":18.0,"turns":4.0},{"damage":4.0,"enemies":"2 Thieves","floor":19.0,"turns":3.0},{"damage":11.0,"enemies":"Snake Plant","floor":20.0,"turns":6.0},{"damage":21.0,"enemies":"Shelled Parasite and Fungi","floor":22.0,"turns":4.0},{"damage":13.0,"enemies":"Snecko","floor":28.0,"turns":5.0},{"damage":2.0,"enemies":"Centurion and Healer","floor":31.0,"turns":5.0},{"damage":53.0,"enemies":"Collector","floor":33.0,"turns":10.0},{"damage":27.0,"enemies":"3 Darklings","floor":35.0,"turns":6.0},{"damage":24.0,"enemies":"Nemesis","floor":40.0,"turns":13.0},{"damage":0.0,"enemies":"Orb Walker","floor":44.0,"turns":3.0},{"damage":8.0,"enemies":"Transient","floor":48.0,"turns":6.0},{"damage":14.0,"enemies":"Donu and Deca","floor":50.0,"turns":16.0},{"damage":48,"enemies":"Time Eater","floor":51,"turns":16}],"seed_played":"4880301527145041777","potions_obtained":[{"floor":3.0,"key":"PowerPotion"},{"floor":6.0,"key":"PowerPotion"},{"floor":7.0,"key":"Fire Potion"},{"floor":8.0,"key":"GamblersBrew"},{"floor":19.0,"key":"Ancient Potion"},{"floor":22.0,"key":"SkillPotion"},{"floor":31.0,"key":"PowerPotion"},{"floor":40.0,"key":"AttackPotion"}],"is_trial":false,"path_per_floor":["M","?","M","$","M","E","?","E","T","E","R","$","R","M","R","B",null,"M","M","M","?","M","R","$","R","T","?","M","R","?","M","R","B",null,"M","?","?","?","$","E","R","?","T","M","R","?","R","M","R","B","B"],"character_chosen":"THE_SILENT","items_purchased":["AttackPotion","After Image","Bane","Footwork","Dodge and Roll","Backflip"],"campfire_rested":8,"item_purchase_floors":[4,12,12,24,39,39],"current_hp_per_floor":[59,59,59,59,59,39,22,14,14,7,26,26,45,44,44,15,53,44,40,29,29,8,27,27,46,46,46,33,52,52,50,66,13,53,26,54,54,54,54,30,46,46,46,46,46,46,46,38,54,40,0],"gold":30,"neow_bonus":"THREE_ENEMY_KILL","is_prod":false,"is_daily":false,"chose_seed":false,"campfire_upgraded":2,"win_rate":0,"timestamp":1550526599,"path_taken":["M","?","?","$","M","E","?","E","T","E","R","$","R","M","R","BOSS","M","M","M","?","M","R","$","R","T","?","M","R","?","M","R","BOSS","M","?","?","?","$","E","R","?","T","M","R","?","R","M","R","BOSS","BOSS"],"build_version":"2019-01-23","purchased_purges":1,"victory":false,"max_hp_per_floor":[66,66,66,66,66,66,66,66,66,66,66,66,66,66,66,66,66,66,66,66,66,66,66,66,66,66,66,66,66,66,66,66,66,66,66,54,54,54,54,54,54,54,54,54,54,54,54,54,54,54,54],"card_choices":[{"not_picked":["Quick Slash","Distraction"],"picked":"Dagger Spray","floor":1.0},{"not_picked":["Concentrate","Blade Dance"],"picked":"Deadly Poison","floor":3.0},{"not_picked":["Cloak And Dagger","Concentrate"],"picked":"Noxious Fumes","floor":5.0},{"not_picked":["Poisoned Stab","Blade Dance"],"picked":"Dash","floor":6.0},{"not_picked":["Slice","Setup"],"picked":"Dagger Throw","floor":7.0},{"not_picked":["Bouncing Flask","Leg Sweep"],"picked":"Backstab","floor":8.0},{"not_picked":["Terror","Deflect"],"picked":"Leg Sweep","floor":10.0},{"not_picked":["PiercingWail","Tactician","Blur"],"picked":"Acrobatics","floor":14.0},{"not_picked":["Die Die Die","Phantasmal Killer","Grand Finale"],"picked":"Adrenaline","floor":16.0},{"not_picked":["Heel Hook+1","Prepared","Crippling Poison"],"picked":"Blade Dance+1","floor":18.0},{"not_picked":["Sucker Punch","Outmaneuver","Underhanded Strike"],"picked":"Acrobatics+1","floor":19.0},{"not_picked":["Caltrops","Bane","Masterful Stab"],"picked":"Cloak And Dagger","floor":20.0},{"not_picked":["Setup","Bane","Deflect"],"picked":"Blur","floor":22.0},{"not_picked":["Dagger Throw","Outmaneuver","Poisoned Stab"],"picked":"Blade Dance","floor":28.0},{"not_picked":["Dodge and Roll","Footwork","Cloak And Dagger"],"picked":"Caltrops+1","floor":31.0},{"not_picked":["Glass Knife","Unload","Wraith Form v2"],"picked":"After Image","floor":33.0},{"not_picked":["Crippling Poison","Deflect","Flechettes+1"],"picked":"Choke","floor":35.0},{"not_picked":["Bane+1","Catalyst","Sucker Punch"],"picked":"Dodge and Roll+1","floor":40.0},{"not_picked":["Riddle With Holes","Dagger Spray","Eviscerate"],"picked":"Backflip","floor":44.0},{"not_picked":["Metamorphosis","Impatience","Transmutation"],"picked":"Dark Shackles","floor":46.0},{"not_picked":["Outmaneuver","Blade Dance","Bouncing Flask"],"picked":"Deflect","floor":48.0}],"player_experience":646813,"relics_obtained":[{"floor":6.0,"key":"Happy Flower"},{"floor":7.0,"key":"Ancient Tea Set"},{"floor":8.0,"key":"Tough Bandages"},{"floor":9.0,"key":"Anchor"},{"floor":10.0,"key":"Question Card"},{"floor":26.0,"key":"Kunai"},{"floor":40.0,"key":"Art of War"}],"event_choices":[{"damage_healed":0.0,"max_hp_gain":0.0,"max_hp_loss":0.0,"gold_gain":0.0,"event_name":"WeMeetAgain","player_choice":"Paid Gold","floor":2.0,"gold_loss":64.0,"damage_taken":0.0,"relics_obtained":["Lantern"]},{"damage_healed":0.0,"max_hp_gain":0.0,"max_hp_loss":0.0,"gold_gain":30.0,"event_name":"Dead Adventurer","player_choice":"Searched \u00272\u0027 times","floor":7.0,"gold_loss":0.0,"damage_taken":0.0},{"damage_healed":0.0,"max_hp_gain":0.0,"max_hp_loss":0.0,"gold_gain":0.0,"event_name":"The Mausoleum","player_choice":"Opened","floor":21.0,"gold_loss":0.0,"damage_taken":0.0,"relics_obtained":["The Specimen"],"cards_obtained":["Writhe"]},{"damage_healed":0.0,"max_hp_gain":0.0,"max_hp_loss":0.0,"gold_gain":0.0,"event_name":"Cursed Tome","player_choice":"Ignored","floor":27.0,"gold_loss":0.0,"damage_taken":0.0},{"cards_removed":["Strike_G"],"damage_healed":0.0,"max_hp_gain":0.0,"max_hp_loss":0.0,"gold_gain":0.0,"event_name":"Purifier","player_choice":"Purged","floor":30.0,"gold_loss":0.0,"damage_taken":0.0},{"damage_healed":54.0,"max_hp_gain":0.0,"max_hp_loss":12.0,"gold_gain":0.0,"event_name":"The Moai Head","player_choice":"Heal","floor":36.0,"gold_loss":0.0,"damage_taken":0.0},{"damage_healed":0.0,"max_hp_gain":0.0,"max_hp_loss":0.0,"gold_gain":0.0,"event_name":"Mysterious Sphere","player_choice":"Ignored","floor":37.0,"gold_loss":0.0,"damage_taken":0.0},{"cards_removed":["Dagger Spray"],"damage_healed":0.0,"max_hp_gain":0.0,"max_hp_loss":0.0,"gold_gain":0.0,"event_name":"Falling","player_choice":"Removed Attack","floor":38.0,"gold_loss":0.0,"damage_taken":0.0},{"damage_healed":0.0,"max_hp_gain":0.0,"max_hp_loss":0.0,"gold_gain":0.0,"event_name":"Tomb of Lord Red Mask","player_choice":"Paid","floor":42.0,"gold_loss":47.0,"damage_taken":0.0,"relics_obtained":["Red Mask"]},{"damage_healed":0.0,"max_hp_gain":0.0,"max_hp_loss":0.0,"gold_gain":0.0,"event_name":"SensoryStone","player_choice":"Memory 1","floor":46.0,"gold_loss":0.0,"damage_taken":0.0}],"is_beta":false,"boss_relics":[{"not_picked":["Lizard Tail","Coffee Dripper"],"picked":"Astrolabe"},{"not_picked":["Calling Bell","Eternal Feather"],"picked":"WristBlade"}],"items_purged_floors":[24],"is_endless":false,"potions_floor_spawned":[3,6,7,8,19,22,31,40],"killed_by":"Time Eater","ascension_level":20}