{"gold_per_floor":[115,265,83,83,101,136,136,164,164,183,209,32,32,45,45,45],"floor_reached":16,"playtime":846,"items_purged":["Doubt","Strike_R"],"score":224,"play_id":"8e41a146-8812-46f2-928e-9bf217ea813a","local_time":"20190731155829","is_ascension_mode":true,"campfire_choices":[{"floor":7,"key":"REST"},{"data":"Whirlwind","floor":15,"key":"SMITH"}],"neow_cost":"NONE","seed_source_timestamp":172054990747500,"circlet_count":0,"master_deck":["AscendersBane","Strike_R","Strike_R","Strike_R","Defend_R","Defend_R","Defend_R","Defend_R","Bash","Finesse","Rampage","Dramatic Entrance","Twin Strike","Whirlwind+1","Thunderclap","Spot Weakness","Headbutt","Feel No Pain","Flex"],"relics":["Burning Blood","Sundial","PreservedInsect","Gambling Chip","Regal Pillow"],"potions_floor_usage":[5,6,16],"damage_taken":[{"damage":13,"enemies":"2 Louse","floor":1,"turns":4},{"damage":0,"enemies":"Small Slimes","floor":5,"turns":2},{"damage":45,"enemies":"Lagavulin","floor":6,"turns":6},{"damage":32,"enemies":"Gremlin Nob","floor":8,"turns":4},{"damage":10,"enemies":"Jaw Worm","floor":10,"turns":3},{"damage":20,"enemies":"Lagavulin","floor":11,"turns":5},{"damage":0,"enemies":"Lots of Slimes","floor":14,"turns":2},{"damage":12,"enemies":"Hexaghost","floor":16,"turns":7}],"seed_played":"5810470413708822036","potions_obtained":[{"floor":1,"key":"Explosive Potion"},{"floor":5,"key":"FearPotion"},{"floor":14,"key":"EssenceOfSteel"}],"is_trial":false,"path_per_floor":["M","?","$","?","M","E","R","E","T","M","E","$","?","M","R","B"],"character_chosen":"IRONCLAD","items_purchased":["Dramatic Entrance","Feel No Pain"],"campfire_rested":1,"item_purchase_floors":[3,12],"current_hp_per_floor":[61,61,61,66,72,33,57,31,31,27,13,13,6,12,12,0],"gold":45,"neow_bonus":"RANDOM_COLORLESS","is_prod":false,"is_daily":false,"chose_seed":false,"campfire_upgraded":1,"win_rate":0,"timestamp":1564581509,"path_taken":["M","?","$","?","?","E","R","E","T","M","E","?","?","M","R","BOSS"],"build_version":"2019-07-17","purchased_purges":2,"victory":false,"max_hp_per_floor":[75,75,75,80,80,80,80,80,80,80,80,80,80,80,80,80],"card_choices":[{"not_picked":["Perfected Strike","Warcry"],"picked":"Rampage","floor":1},{"not_picked":["Cleave","Perfected Strike"],"picked":"Twin Strike","floor":5},{"not_picked":["Flex","Feed"],"picked":"Whirlwind","floor":6},{"not_picked":["Pummel","Berserk"],"picked":"Thunderclap","floor":8},{"not_picked":["Warcry","Corruption"],"picked":"Spot Weakness","floor":10},{"not_picked":["Pummel","Hemokinesis"],"picked":"Headbutt","floor":11},{"not_picked":["Cleave","Burning Pact"],"picked":"Flex","floor":14}],"player_experience":1769073,"relics_obtained":[{"floor":6,"key":"Sundial"},{"floor":8,"key":"PreservedInsect"},{"floor":9,"key":"Gambling Chip"},{"floor":11,"key":"Regal Pillow"}],"event_choices":[{"damage_healed":0,"gold_gain":150,"player_choice":"AGREE","damage_taken":0,"max_hp_gain":0,"max_hp_loss":0,"event_name":"Liars Game","floor":2,"gold_loss":0,"cards_obtained":["Doubt"]},{"damage_healed":0,"gold_gain":0,"player_choice":"Donut","damage_taken":0,"max_hp_gain":5,"max_hp_loss":0,"event_name":"Big Fish","floor":4,"gold_loss":0},{"cards_removed":["Strike_R"],"damage_healed":0,"gold_gain":0,"player_choice":"Card Removal","damage_taken":7,"max_hp_gain":0,"max_hp_loss":0,"event_name":"Golden Wing","floor":13,"gold_loss":0}],"is_beta":false,"boss_relics":[],"items_purged_floors":[3,12],"is_endless":false,"potions_floor_spawned":[1,5,14],"killed_by":"Hexaghost","ascension_level":18}