{"gold_per_floor":[111,111,124,140,10,68,68,99,149,8,23,37,67,87,87,161,161,178,228,228,244,262,262,296,296,296,296,5,17,17,42,42,42],"floor_reached":33,"playtime":2295,"items_purged":["Strike_R","Strike_R","Strike_R"],"score":660,"play_id":"b3c18f66-d476-4c87-bf49-9c47fec4a64f","local_time":"20190914230140","is_ascension_mode":true,"campfire_choices":[{"data":"Immolate","floor":7,"key":"SMITH"},{"data":"Demon Form","floor":15,"key":"SMITH"},{"data":"Heavy Blade","floor":23,"key":"SMITH"},{"data":"Inflame","floor":25,"key":"SMITH"},{"data":"Ghostly","floor":30,"key":"SMITH"},{"floor":32,"key":"RECALL"}],"neow_cost":"NONE","seed_source_timestamp":158994987281700,"circlet_count":0,"master_deck":["AscendersBane","Strike_R+1","Defend_R","Defend_R","Defend_R","Defend_R","Bash","Reaper","Iron Wave+1","Thunderclap","Wild Strike","Immolate+1","Inflame+1","Flame Barrier","Heavy Blade+1","Battle Trance","Demon Form+1","Offering","Ghostly+1","Ghostly","Ghostly"],"relics":["Burning Blood","Question Card","Tiny Chest","Whetstone","Pen Nib","Magic Flower","Coffee Dripper","Lantern","Bag of Preparation","Pear","Vajra","Blood Vial"],"potions_floor_usage":[6,16,33,33],"damage_taken":[{"damage":7,"enemies":"Small Slimes","floor":1,"turns":5},{"damage":7,"enemies":"Cultist","floor":3,"turns":4},{"damage":14,"enemies":"Jaw Worm","floor":4,"turns":5},{"damage":8,"enemies":"Gremlin Nob","floor":6,"turns":3},{"damage":20,"enemies":"3 Sentries","floor":8,"turns":4},{"damage":2,"enemies":"2 Fungi Beasts","floor":11,"turns":3},{"damage":12,"enemies":"Looter","floor":12,"turns":3},{"damage":29,"enemies":"Lagavulin","floor":13,"turns":5},{"damage":1,"enemies":"Large Slime","floor":14,"turns":4},{"damage":42,"enemies":"Slime Boss","floor":16,"turns":9},{"damage":14,"enemies":"2 Thieves","floor":18,"turns":3},{"damage":0,"enemies":"Chosen","floor":21,"turns":2},{"damage":1,"enemies":"Shelled Parasite and Fungi","floor":22,"turns":3},{"damage":13,"enemies":"Gremlin Leader","floor":24,"turns":5},{"damage":0,"enemies":"Snecko","floor":29,"turns":4},{"damage":9,"enemies":"Book of Stabbing","floor":31,"turns":5},{"damage":71,"enemies":"Automaton","floor":33,"turns":6}],"seed_played":"-2910681776015000752","potions_obtained":[{"floor":1,"key":"Explosive Potion"},{"floor":8,"key":"Fire Potion"},{"floor":13,"key":"Weak Potion"},{"floor":16,"key":"LiquidBronze"},{"floor":22,"key":"Block Potion"}],"is_trial":false,"path_per_floor":["M","?","M","M","$","E","R","E","T","$","M","M","E","M","R","B",null,"M","T","?","M","M","R","E","R","T","?","$","M","R","E","R","B"],"character_chosen":"IRONCLAD","items_purchased":["AttackPotion","Flame Barrier","Vajra"],"campfire_rested":0,"item_purchase_floors":[5,10,28],"current_hp_per_floor":[71,71,75,73,73,71,71,65,65,65,75,69,46,60,60,72,74,75,75,37,37,37,37,33,33,43,43,43,47,47,47,47,0],"gold":42,"neow_bonus":"TRANSFORM_CARD","is_prod":false,"is_daily":false,"chose_seed":false,"campfire_upgraded":5,"win_rate":0,"timestamp":1568498500,"path_taken":["M","?","M","?","$","E","R","E","T","?","M","M","E","M","R","BOSS","M","?","?","M","M","R","E","R","T","?","$","M","R","E","R","BOSS"],"build_version":"2019-07-17","purchased_purges":3,"victory":false,"max_hp_per_floor":[75,75,75,75,75,75,75,75,75,75,75,75,75,75,75,75,75,75,75,37,37,37,37,37,37,47,47,47,47,47,47,47,47],"card_choices":[{"not_picked":["Reckless Charge","Blood for Blood"],"picked":"Iron Wave","floor":1},{"not_picked":["Perfected Strike","Havoc","Entrench"],"picked":"Thunderclap","floor":3},{"not_picked":["True Grit","Clash","Evolve"],"picked":"Wild Strike","floor":4},{"not_picked":["Limit Break","Iron Wave","Headbutt"],"picked":"Immolate","floor":6},{"not_picked":["Ghostly Armor","Warcry","Iron Wave"],"picked":"Inflame","floor":8},{"not_picked":["Armaments","Hemokinesis","Pommel Strike"],"picked":"Heavy Blade","floor":11},{"not_picked":["Entrench","Flame Barrier","Anger","Hemokinesis"],"picked":"SKIP","floor":12},{"not_picked":["Cleave","Headbutt","Pummel"],"picked":"Battle Trance","floor":13},{"not_picked":["Sword Boomerang","Perfected Strike","Intimidate"],"picked":"Demon Form","floor":14},{"not_picked":["Barricade","Fiend Fire","Double Tap"],"picked":"Offering","floor":16},{"not_picked":["Clothesline","Warcry","Body Slam","True Grit"],"picked":"SKIP","floor":18},{"not_picked":["Sword Boomerang","Dropkick","Havoc","Entrench"],"picked":"SKIP","floor":21},{"not_picked":["Sentinel","Rage","Iron Wave","Clash"],"picked":"SKIP","floor":22},{"not_picked":["Whirlwind","Rupture","True Grit","Evolve"],"picked":"SKIP","floor":24},{"not_picked":["Whirlwind","Rupture","True Grit","Evolve"],"picked":"SKIP","floor":24},{"not_picked":["Havoc","Spot Weakness","Sever Soul","Sword Boomerang"],"picked":"SKIP","floor":29},{"not_picked":["Second Wind","Heavy Blade","Iron Wave","Reckless Charge+1"],"picked":"SKIP","floor":31}],"player_experience":1201757,"relics_obtained":[{"floor":6,"key":"Tiny Chest"},{"floor":8,"key":"Whetstone"},{"floor":9,"key":"Pen Nib"},{"floor":13,"key":"Magic Flower"},{"floor":19,"key":"Lantern"},{"floor":24,"key":"Bag of Preparation"},{"floor":26,"key":"Pear"},{"floor":31,"key":"Blood Vial"}],"event_choices":[{"damage_healed":0,"gold_gain":0,"player_choice":"Gave Potion","damage_taken":0,"relics_obtained":["Question Card"],"max_hp_gain":0,"max_hp_loss":0,"event_name":"WeMeetAgain","floor":2,"gold_loss":0},{"damage_healed":0,"gold_gain":0,"player_choice":"Became a Ghost","damage_taken":0,"max_hp_gain":0,"max_hp_loss":38,"event_name":"Ghosts","floor":20,"gold_loss":0,"cards_obtained":["Ghostly","Ghostly","Ghostly"]},{"damage_healed":0,"gold_gain":0,"player_choice":"Ignored","damage_taken":0,"max_hp_gain":0,"max_hp_loss":0,"event_name":"Cursed Tome","floor":27,"gold_loss":0}],"is_beta":false,"boss_relics":[{"not_picked":["Snecko Eye","Philosopher\u0027s Stone"],"picked":"Coffee Dripper"}],"items_purged_floors":[5,10,28],"is_endless":false,"potions_floor_spawned":[1,8,13,14,16,18,22],"killed_by":"Automaton","ascension_level":20}