{"gold_per_floor":[112,132,132,143,93,93,103,103,103,103,103,133,29,45,45,146,146,159,159,178,178,105,105,14,14,14,41,41,140,160,172,172,270,270,281,281,295,295,310,310,310,310,386,386,398,38,48,66,66,66],"floor_reached":50,"playtime":3682,"items_purged":["Strike_B","Defend_B","Strike_B"],"score":955,"play_id":"c523c816-c8f1-425b-ab71-5570d75a354c","local_time":"20190422223806","is_ascension_mode":true,"campfire_choices":[{"data":"Hologram","floor":6.0,"key":"SMITH"},{"data":"Force Field","floor":8.0,"key":"SMITH"},{"floor":11.0,"key":"REST"},{"data":"Hologram","floor":15.0,"key":"SMITH"},{"data":"Reinforced Body","floor":23.0,"key":"SMITH"},{"data":"Reinforced Body","floor":25.0,"key":"SMITH"},{"data":"Self Repair","floor":28.0,"key":"SMITH"},{"data":"Hologram","floor":32.0,"key":"SMITH"},{"floor":40.0,"key":"REST"},{"floor":42.0,"key":"REST"},{"data":"Hyperbeam","floor":49.0,"key":"SMITH"}],"neow_cost":"NONE","seed_source_timestamp":0,"circlet_count":0,"master_deck":["AscendersBane","Defend_B+1","Defend_B","Defend_B","Dualcast","Doom and Gloom+1","Hologram+1","Force Field+1","Hologram+1","Reinforced Body+1","Reinforced Body+1","Hologram+1","Hologram+1","Parasite","Hyperbeam+1"],"special_seed":0,"relics":["Snecko Eye","Smiling Mask","Odd Mushroom","Empty Cage","Regal Pillow","Pear","Lizard Tail","Toxic Egg 2","Lee\u0027s Waffle"],"potions_floor_usage":[50,50],"damage_taken":[{"damage":9.0,"enemies":"Small Slimes","floor":1.0,"turns":5.0},{"damage":7.0,"enemies":"2 Louse","floor":2.0,"turns":3.0},{"damage":2.0,"enemies":"Jaw Worm","floor":4.0,"turns":4.0},{"damage":1.0,"enemies":"2 Fungi Beasts","floor":7.0,"turns":2.0},{"damage":0.0,"enemies":"The Mushroom Lair","floor":12.0,"turns":3.0},{"damage":1.0,"enemies":"Looter","floor":14.0,"turns":4.0},{"damage":22.0,"enemies":"Slime Boss","floor":16.0,"turns":9.0},{"damage":16.0,"enemies":"Chosen","floor":18.0,"turns":7.0},{"damage":2.0,"enemies":"3 Byrds","floor":20.0,"turns":6.0},{"damage":18.0,"enemies":"Gremlin Leader","floor":27.0,"turns":7.0},{"damage":1.0,"enemies":"Snecko","floor":30.0,"turns":7.0},{"damage":0.0,"enemies":"Cultist and Chosen","floor":31.0,"turns":5.0},{"damage":17.0,"enemies":"Collector","floor":33.0,"turns":7.0},{"damage":6.0,"enemies":"3 Shapes","floor":35.0,"turns":5.0},{"damage":52.0,"enemies":"3 Darklings","floor":37.0,"turns":8.0},{"damage":61.0,"enemies":"Maw","floor":39.0,"turns":10.0},{"damage":38.0,"enemies":"4 Shapes","floor":45.0,"turns":7.0},{"damage":16.0,"enemies":"Writhing Mass","floor":47.0,"turns":5.0},{"damage":8.0,"enemies":"Sphere and 2 Shapes","floor":48.0,"turns":7.0},{"damage":96,"enemies":"Awakened One","floor":50,"turns":28}],"seed_played":"-1915240624520080594","potions_obtained":[{"floor":1.0,"key":"Energy Potion"},{"floor":4.0,"key":"Swift Potion"},{"floor":20.0,"key":"Poison Potion"},{"floor":31.0,"key":"AttackPotion"},{"floor":39.0,"key":"FearPotion"}],"is_trial":false,"path_per_floor":["M","M","?","M","?","R","M","R","T","?","R","?","$","M","R","B",null,"M","$","M","?","$","R","$","R","T","E","R","?","M","M","R","B",null,"M","?","M","?","M","R","?","R","T","?","M","$","M","M","R","B"],"character_chosen":"DEFECT","items_purchased":["Hologram","Reinforced Body","Reinforced Body","Weak Potion","Lee\u0027s Waffle","Explosive Potion"],"campfire_rested":3,"item_purchase_floors":[13,22,24,46,46,46],"current_hp_per_floor":[59,52,52,50,50,50,49,49,49,34,56,56,56,55,55,33,65,49,49,47,47,47,47,47,47,47,39,39,39,48,58,58,51,77,81,81,39,71,20,56,56,71,71,71,33,78,62,54,54,0],"gold":66,"neow_bonus":"BOSS_RELIC","is_prod":false,"is_daily":false,"chose_seed":false,"campfire_upgraded":8,"win_rate":0,"timestamp":1555997886,"path_taken":["M","M","?","M","?","R","M","R","T","?","R","?","$","M","R","BOSS","M","$","M","?","$","R","$","R","T","E","R","?","M","M","R","BOSS","M","?","M","?","M","R","?","R","T","?","M","$","M","M","R","BOSS"],"build_version":"2019-01-23","purchased_purges":3,"victory":false,"max_hp_per_floor":[75,75,75,75,75,75,75,75,75,75,75,75,75,75,75,75,75,75,75,75,75,75,75,75,75,75,85,85,85,85,85,85,85,85,85,81,81,71,71,71,71,71,71,71,71,78,78,78,78,78],"card_choices":[{"not_picked":["Defragment","Sweeping Beam","Consume"],"picked":"SKIP","floor":1.0},{"not_picked":["Gash","Steam"],"picked":"Doom and Gloom","floor":2.0},{"not_picked":["Gash","Sweeping Beam"],"picked":"Hologram","floor":4.0},{"not_picked":["Steam","Barrage"],"picked":"Force Field","floor":7.0},{"not_picked":["Rebound","Hologram","Ball Lightning"],"picked":"SKIP","floor":14.0},{"not_picked":["Streamline","Reprogram","Chill"],"picked":"SKIP","floor":18.0},{"not_picked":["Ball Lightning","Stack","Compile Driver"],"picked":"SKIP","floor":20.0},{"not_picked":["Redo","Seek"],"picked":"Self Repair","floor":27.0},{"not_picked":["Reprogram+1","Coolheaded"],"picked":"Hologram","floor":30.0},{"not_picked":["Hello World+1","Gash+1","Turbo+1"],"picked":"SKIP","floor":31.0},{"not_picked":["Leap+1","Ball Lightning","Auto Shields+1"],"picked":"SKIP","floor":35.0},{"not_picked":["Barrage","Cold Snap","Lockon+1"],"picked":"SKIP","floor":37.0},{"not_picked":["Coolheaded+1","Ball Lightning"],"picked":"Hologram+1","floor":39.0},{"not_picked":["Steam+1","Barrage+1","Sweeping Beam+1"],"picked":"SKIP","floor":45.0},{"not_picked":["Streamline","Go for the Eyes+1","Melter"],"picked":"SKIP","floor":47.0},{"not_picked":["Chaos+1","Barrage"],"picked":"Hyperbeam","floor":48.0}],"player_experience":117606,"relics_obtained":[{"floor":9.0,"key":"Smiling Mask"},{"floor":12.0,"key":"Odd Mushroom"},{"floor":26.0,"key":"Regal Pillow"},{"floor":27.0,"key":"Pear"},{"floor":43.0,"key":"Toxic Egg 2"}],"event_choices":[{"damage_healed":0.0,"max_hp_gain":0.0,"max_hp_loss":0.0,"gold_gain":0.0,"event_name":"Liars Game","player_choice":"Ignored","floor":3.0,"gold_loss":0.0,"damage_taken":0.0},{"cards_removed":["Zap"],"damage_healed":0.0,"max_hp_gain":0.0,"max_hp_loss":0.0,"gold_gain":0.0,"event_name":"The Cleric","player_choice":"Card Removal","floor":5.0,"gold_loss":50.0,"damage_taken":0.0},{"damage_healed":0.0,"max_hp_gain":0.0,"max_hp_loss":0.0,"gold_gain":0.0,"event_name":"Shining Light","player_choice":"Entered Light","floor":10.0,"gold_loss":0.0,"damage_taken":15.0,"cards_upgraded":["Doom and Gloom","Defend_B"]},{"damage_healed":0.0,"max_hp_gain":0.0,"max_hp_loss":0.0,"gold_gain":0.0,"event_name":"Mushrooms","player_choice":"Fought Mushrooms","floor":12.0,"gold_loss":0.0,"damage_taken":0.0},{"damage_healed":0.0,"max_hp_gain":0.0,"max_hp_loss":0.0,"gold_gain":0.0,"event_name":"Cursed Tome","player_choice":"Ignored","floor":21.0,"gold_loss":0.0,"damage_taken":0.0},{"damage_healed":0.0,"max_hp_gain":0.0,"max_hp_loss":0.0,"gold_gain":99.0,"event_name":"Nest","player_choice":"Stole From Cult","floor":29.0,"gold_loss":0.0,"damage_taken":0.0},{"damage_healed":0.0,"max_hp_gain":0.0,"max_hp_loss":4.0,"gold_gain":0.0,"event_name":"Winding Halls","player_choice":"Max HP","floor":36.0,"gold_loss":0.0,"damage_taken":0.0},{"damage_healed":71.0,"max_hp_gain":0.0,"max_hp_loss":10.0,"gold_gain":0.0,"event_name":"The Moai Head","player_choice":"Heal","floor":38.0,"gold_loss":0.0,"damage_taken":0.0},{"damage_healed":0.0,"max_hp_gain":0.0,"max_hp_loss":0.0,"gold_gain":0.0,"event_name":"SensoryStone","player_choice":"Memory 1","floor":41.0,"gold_loss":0.0,"damage_taken":0.0},{"cards_removed":["Self Repair"],"damage_healed":0.0,"max_hp_gain":0.0,"max_hp_loss":0.0,"gold_gain":0.0,"event_name":"Falling","player_choice":"Removed Power","floor":44.0,"gold_loss":0.0,"damage_taken":0.0}],"is_beta":false,"boss_relics":[{"not_picked":["Fusion Hammer","Philosopher\u0027s Stone"],"picked":"Empty Cage"},{"not_picked":["Runic Pyramid","Velvet Choker"],"picked":"Lizard Tail"}],"items_purged_floors":[13,24,46],"is_endless":false,"potions_floor_spawned":[1,4,14,20,27,31,39,47,48],"killed_by":"Awakened One","ascension_level":11}