{"gold_per_floor":[112,123,123,123,143,143,177,177,234,234,261,298,310],"floor_reached":13,"playtime":385,"items_purged":[],"score":164,"play_id":"6c7a7cfd-d8d1-4509-9fb2-eb424dac20b4","local_time":"20190531174237","is_ascension_mode":true,"campfire_choices":[{"data":"Neutralize","floor":6,"key":"SMITH"},{"data":"All Out Attack","floor":8,"key":"SMITH"},{"data":"Leg Sweep","floor":10,"key":"SMITH"}],"neow_cost":"NONE","seed_source_timestamp":1826986197500,"circlet_count":0,"master_deck":["AscendersBane","Defend_G","Defend_G","Defend_G","Defend_G","Defend_G","Strike_G","Strike_G","Strike_G","Strike_G","Survivor","Neutralize+1","All Out Attack+1","Dodge and Roll","Acrobatics","Leg Sweep+1","Adrenaline"],"relics":["Ring of the Snake","Vajra","Tiny Chest","MawBank","Incense Burner"],"potions_floor_usage":[7],"damage_taken":[{"damage":0,"enemies":"Small Slimes","floor":1,"turns":3},{"damage":1,"enemies":"Cultist","floor":2,"turns":3},{"damage":0,"enemies":"Jaw Worm","floor":5,"turns":5},{"damage":34,"enemies":"3 Sentries","floor":7,"turns":8},{"damage":28,"enemies":"Lagavulin","floor":12,"turns":12},{"damage":3,"enemies":"Gremlin Gang","floor":13,"turns":1}],"seed_played":"284804450654966946","potions_obtained":[{"floor":2,"key":"SteroidPotion"},{"floor":7,"key":"LiquidBronze"}],"is_trial":false,"path_per_floor":["M","M","?","$","M","R","E","R","T","R","T","E","M"],"character_chosen":"THE_SILENT","items_purchased":[],"campfire_rested":0,"item_purchase_floors":[],"current_hp_per_floor":[65,64,64,64,64,64,30,30,30,30,30,2,0],"gold":310,"neow_bonus":"TEN_PERCENT_HP_BONUS","is_prod":false,"is_daily":false,"chose_seed":false,"campfire_upgraded":3,"win_rate":0,"timestamp":1559317357,"path_taken":["M","M","?","?","M","R","E","R","T","R","?","E","M"],"build_version":"2019-01-23","purchased_purges":0,"victory":false,"max_hp_per_floor":[72,72,72,72,72,72,72,72,72,72,72,72,72],"card_choices":[{"not_picked":["Deadly Poison","Reflex"],"picked":"All Out Attack","floor":1},{"not_picked":["Dagger Spray","Deflect"],"picked":"Dodge and Roll","floor":2},{"not_picked":["Dodge and Roll","Underhanded Strike"],"picked":"Acrobatics","floor":5},{"not_picked":["Sucker Punch","Cloak And Dagger"],"picked":"Leg Sweep","floor":7},{"not_picked":["Backflip","PiercingWail"],"picked":"Adrenaline","floor":12}],"player_experience":1221645,"relics_obtained":[{"floor":7,"key":"Vajra"},{"floor":9,"key":"Tiny Chest"},{"floor":11,"key":"MawBank"},{"floor":12,"key":"Incense Burner"}],"event_choices":[{"cards_removed":["Strike_G"],"damage_healed":0,"gold_gain":0,"player_choice":"Card Removal","damage_taken":0,"max_hp_gain":0,"max_hp_loss":0,"event_name":"Wheel of Change","floor":3,"gold_loss":0}],"is_beta":false,"boss_relics":[],"items_purged_floors":[],"is_endless":false,"potions_floor_spawned":[2,7],"killed_by":"Gremlin Gang","ascension_level":16}