{"gold_per_floor":[112,112,112,112,125,125,150,25,25,50,62,73,90,118,118,192,192,204,216,35,35,35,35,35,53,77,90,90,105,121,121],"floor_reached":31,"playtime":1364,"items_purged":["Strike_G","Strike_G"],"score":598,"play_id":"b7194ff7-fb75-4413-aaee-ddcd0bdf80ef","local_time":"20190617181900","is_ascension_mode":true,"campfire_choices":[{"data":"Neutralize","floor":6,"key":"SMITH"},{"data":"Well Laid Plans","floor":15,"key":"SMITH"},{"data":"Noxious Fumes","floor":23,"key":"SMITH"},{"floor":28,"key":"REST"}],"neow_cost":"NONE","seed_source_timestamp":54924722816400,"circlet_count":0,"master_deck":["AscendersBane","Defend_G","Defend_G","Defend_G","Defend_G","Defend_G","Strike_G","Strike_G","Survivor","Neutralize+1","Flying Knee","Blur","Well Laid Plans+1","Deadly Poison","Backflip","Bane+1","All Out Attack+1","Terror","Calculated Gamble","Doppelganger","Backflip+1","Leg Sweep+1","Noxious Fumes+1","Endless Agony+1","Dagger Throw+1","Crippling Poison","Infinite Blades"],"relics":["Ring of the Serpent","NeowsBlessing","Molten Egg 2","Bottled Tornado","Bag of Preparation","Tough Bandages","The Specimen","CultistMask","Smiling Mask"],"potions_floor_usage":[10,14,16,16,29],"damage_taken":[{"damage":0,"enemies":"Cultist","floor":1,"turns":1},{"damage":0,"enemies":"Small Slimes","floor":5,"turns":1},{"damage":0,"enemies":"3 Sentries","floor":7,"turns":2},{"damage":5,"enemies":"Lagavulin","floor":10,"turns":6},{"damage":0,"enemies":"Jaw Worm","floor":11,"turns":5},{"damage":0,"enemies":"Exordium Wildlife","floor":12,"turns":2},{"damage":0,"enemies":"Lots of Slimes","floor":13,"turns":1},{"damage":10,"enemies":"3 Sentries","floor":14,"turns":7},{"damage":0,"enemies":"Hexaghost","floor":16,"turns":8},{"damage":2,"enemies":"Chosen","floor":18,"turns":5},{"damage":8,"enemies":"2 Thieves","floor":19,"turns":4},{"damage":3,"enemies":"3 Cultists","floor":25,"turns":4},{"damage":19,"enemies":"Shelled Parasite and Fungi","floor":27,"turns":5},{"damage":0,"enemies":"Chosen and Byrds","floor":29,"turns":4},{"damage":0,"enemies":"3 Cultists","floor":30,"turns":4},{"damage":32,"enemies":"Gremlin Leader","floor":31,"turns":2}],"seed_played":"7611501240916719691","potions_obtained":[{"floor":7,"key":"PowerPotion"},{"floor":10,"key":"Fire Potion"},{"floor":13,"key":"PowerPotion"},{"floor":14,"key":"Strength Potion"},{"floor":19,"key":"Swift Potion"},{"floor":27,"key":"LiquidBronze"}],"is_trial":false,"path_per_floor":["M","$","?","$","M","R","E","$","T","E","M","M","M","E","R","B",null,"M","M","$","T","?","R","?","M","T","M","R","M","M","E"],"character_chosen":"THE_SILENT","items_purchased":["Deadly Poison","Noxious Fumes"],"campfire_rested":1,"item_purchase_floors":[8,20],"current_hp_per_floor":[59,59,52,52,52,52,52,52,52,47,47,47,47,37,37,37,59,57,49,49,49,31,31,31,28,28,9,30,30,30,0],"gold":121,"neow_bonus":"THREE_ENEMY_KILL","is_prod":false,"is_daily":false,"chose_seed":false,"campfire_upgraded":3,"win_rate":0,"timestamp":1560788340,"path_taken":["M","?","?","?","?","R","E","$","T","E","M","M","M","E","R","BOSS","M","M","$","?","?","R","?","M","T","?","R","M","M","E"],"build_version":"2019-01-23","purchased_purges":2,"victory":false,"max_hp_per_floor":[66,66,66,66,66,66,66,66,66,66,66,66,66,66,66,66,66,66,66,66,66,71,71,71,71,71,71,71,71,71,71],"card_choices":[{"not_picked":["Dagger Throw","Quick Slash"],"picked":"Flying Knee","floor":1},{"not_picked":["PiercingWail","Calculated Gamble"],"picked":"Blur","floor":5},{"not_picked":["Distraction","Bane"],"picked":"Well Laid Plans","floor":7},{"not_picked":["Dodge and Roll","Blade Dance"],"picked":"Backflip","floor":10},{"not_picked":["Acrobatics","Slice+1"],"picked":"Bane+1","floor":11},{"not_picked":["Dodge and Roll","Outmaneuver"],"picked":"All Out Attack+1","floor":12},{"not_picked":["Acrobatics","Underhanded Strike+1"],"picked":"Terror","floor":13},{"not_picked":["Prepared","Quick Slash+1"],"picked":"Calculated Gamble","floor":14},{"not_picked":["Night Terror","Die Die Die+1"],"picked":"Doppelganger","floor":16},{"not_picked":["Poisoned Stab+1","Caltrops"],"picked":"Backflip+1","floor":18},{"not_picked":["Dagger Throw+1","Envenom"],"picked":"Leg Sweep+1","floor":19},{"not_picked":["Quick Slash+1","Accuracy"],"picked":"Endless Agony+1","floor":25},{"not_picked":["Sucker Punch+1","Flying Knee+1"],"picked":"Dagger Throw+1","floor":27},{"not_picked":["Masterful Stab+1","Infinite Blades"],"picked":"Crippling Poison","floor":29},{"not_picked":["Setup","Outmaneuver"],"picked":"Infinite Blades","floor":30}],"player_experience":1398051,"relics_obtained":[{"floor":7,"key":"Molten Egg 2"},{"floor":9,"key":"Bottled Tornado"},{"floor":10,"key":"Bag of Preparation"},{"floor":14,"key":"Tough Bandages"},{"floor":21,"key":"The Specimen"},{"floor":26,"key":"Smiling Mask"}],"event_choices":[{"cards_removed":["Strike_G"],"damage_healed":0,"gold_gain":0,"player_choice":"Card Removal","damage_taken":7,"max_hp_gain":0,"max_hp_loss":0,"event_name":"Golden Wing","floor":3,"gold_loss":0},{"damage_healed":0,"gold_gain":0,"player_choice":"Shed Blood","damage_taken":23,"max_hp_gain":5,"max_hp_loss":0,"event_name":"Forgotten Altar","floor":22,"gold_loss":0},{"damage_healed":0,"gold_gain":0,"player_choice":"Trade","damage_taken":0,"relics_obtained":["CultistMask"],"max_hp_gain":0,"max_hp_loss":0,"event_name":"FaceTrader","floor":24,"gold_loss":0}],"is_beta":false,"boss_relics":[{"not_picked":["Black Star","Lizard Tail"],"picked":"Ring of the Serpent"}],"items_purged_floors":[8,20],"is_endless":false,"potions_floor_spawned":[7,10,13,14,19,27],"killed_by":"Gremlin Leader","ascension_level":16}