{"gold_per_floor":[118,132,144,159,309,309,309,338,338,353,370,370,370,370,370,443,443,459,475,7,24,24,24,55,15,15,15,15,15,27,43,43,43],"floor_reached":33,"playtime":935,"items_purged":[],"score":684,"play_id":"7562084f-599e-4735-8906-122960f85141","local_time":"20190323151627","is_ascension_mode":true,"campfire_choices":[{"data":"Beam Cell","floor":7.0,"key":"SMITH"},{"data":"FTL","floor":13.0,"key":"SMITH"},{"data":"Zap","floor":15.0,"key":"SMITH"},{"data":"Hologram","floor":23.0,"key":"SMITH"},{"data":"Steam","floor":32,"key":"SMITH"}],"neow_cost":"NONE","seed_source_timestamp":535590134585358,"circlet_count":0,"master_deck":["AscendersBane","Strike_B","Strike_B","Strike_B","Strike_B","Defend_B","Defend_B","Defend_B","Defend_B","Zap+1","Dualcast","Beam Cell+1","Ball Lightning","FTL+1","Sweeping Beam","Doubt","Ball Lightning","Cold Snap","Loop+1","Regret","Electrodynamics+1","Leap","Hologram+1","Sunder+1","All For One+1","Leap","Steam","Writhe","Steam+1","Auto Shields","Decay","Sweeping Beam+1","Cold Snap+1"],"special_seed":0,"relics":["Coffee Dripper","Frozen Egg 2","Matryoshka","Ancient Tea Set","Symbiotic Virus","DataDisk","Molten Egg 2","Bottled Flame","Eternal Feather","Bronze Scales","Question Card","Ornamental Fan","Letter Opener"],"potions_floor_usage":[],"damage_taken":[{"damage":2.0,"enemies":"Cultist","floor":1.0,"turns":4.0},{"damage":0.0,"enemies":"2 Louse","floor":2.0,"turns":2.0},{"damage":2.0,"enemies":"Jaw Worm","floor":3.0,"turns":3.0},{"damage":7.0,"enemies":"Looter","floor":4.0,"turns":3.0},{"damage":0.0,"enemies":"Gremlin Nob","floor":8.0,"turns":2.0},{"damage":0.0,"enemies":"Blue Slaver","floor":10.0,"turns":2.0},{"damage":7.0,"enemies":"Exordium Wildlife","floor":11.0,"turns":3.0},{"damage":30.0,"enemies":"Hexaghost","floor":16.0,"turns":8.0},{"damage":11.0,"enemies":"2 Thieves","floor":18.0,"turns":2.0},{"damage":0.0,"enemies":"Chosen","floor":19.0,"turns":3.0},{"damage":17.0,"enemies":"Centurion and Healer","floor":21.0,"turns":3.0},{"damage":20.0,"enemies":"Book of Stabbing","floor":24.0,"turns":3.0},{"damage":18.0,"enemies":"Sentry and Sphere","floor":30.0,"turns":4.0},{"damage":14,"enemies":"Cultist and Chosen","floor":31,"turns":5},{"damage":44,"enemies":"Automaton","floor":33,"turns":6}],"seed_played":"5911561598966672241","potions_obtained":[{"floor":1.0,"key":"PowerPotion"},{"floor":2.0,"key":"Dexterity Potion"},{"floor":4.0,"key":"Fire Potion"},{"floor":16.0,"key":"Fire Potion"},{"floor":18.0,"key":"PowerPotion"},{"floor":21.0,"key":"GamblersBrew"}],"is_trial":false,"path_per_floor":["M","M","M","M","?","?","R","E","T","M","M","?","R","T","R","B",null,"M","M","$","M","?","R","E","$","T","?","$","?","M","M","R","B"],"character_chosen":"DEFECT","items_purchased":["Sunder+1","All For One+1","Leap","Bronze Scales","Auto Shields"],"campfire_rested":0,"item_purchase_floors":[20,20,20,20,25],"current_hp_per_floor":[62,62,60,53,53,48,48,48,48,48,41,41,41,41,41,11,56,45,45,45,28,28,43,23,23,23,37,37,37,19,5,23,0],"gold":43,"neow_bonus":"BOSS_RELIC","is_prod":false,"is_daily":false,"chose_seed":false,"campfire_upgraded":5,"win_rate":0,"timestamp":1553350587,"path_taken":["M","M","?","M","?","?","R","E","T","?","M","?","R","?","R","BOSS","M","M","$","M","?","R","E","$","T","?","?","?","M","M","R","BOSS"],"build_version":"2019-01-23","purchased_purges":0,"victory":false,"max_hp_per_floor":[71,71,71,71,71,71,71,71,71,71,71,71,71,71,71,71,71,71,71,71,71,71,71,71,71,71,71,71,71,71,71,71,71],"card_choices":[{"not_picked":["Reprogram","Chill"],"picked":"Beam Cell","floor":1.0},{"not_picked":["Genetic Algorithm","Hologram"],"picked":"Ball Lightning","floor":2.0},{"not_picked":["Steam","Barrage"],"picked":"FTL","floor":3.0},{"not_picked":["Hologram","Force Field"],"picked":"Sweeping Beam","floor":4.0},{"not_picked":["Coolheaded","Redo"],"picked":"Ball Lightning","floor":8.0},{"not_picked":["Rebound","Gash"],"picked":"Cold Snap","floor":10.0},{"not_picked":["Redo","Gash"],"picked":"Loop+1","floor":11.0},{"not_picked":["Core Surge+1","Amplify"],"picked":"Electrodynamics+1","floor":16.0},{"not_picked":["Chill","Scrape+1"],"picked":"Leap","floor":18.0},{"not_picked":["Darkness","Beam Cell+1"],"picked":"Hologram","floor":19.0},{"not_picked":["Hologram","Scrape+1"],"picked":"Steam","floor":21.0},{"not_picked":["Consume+1","Gash+1","Leap"],"picked":"Steam","floor":24.0},{"not_picked":["Gash+1","Barrage+1","Turbo"],"picked":"Sweeping Beam+1","floor":30.0},{"not_picked":["Barrage+1","Conserve Battery","Steam"],"picked":"Cold Snap+1","floor":31}],"player_experience":733928,"relics_obtained":[{"floor":8.0,"key":"Matryoshka"},{"floor":9.0,"key":"Ancient Tea Set"},{"floor":9.0,"key":"Symbiotic Virus"},{"floor":14.0,"key":"Molten Egg 2"},{"floor":14.0,"key":"Bottled Flame"},{"floor":24.0,"key":"Ornamental Fan"},{"floor":26.0,"key":"Letter Opener"}],"event_choices":[{"damage_healed":0.0,"max_hp_gain":0.0,"max_hp_loss":0.0,"gold_gain":150.0,"event_name":"Liars Game","player_choice":"AGREE","floor":5.0,"gold_loss":0.0,"damage_taken":0.0,"cards_obtained":["Doubt"]},{"damage_healed":0.0,"max_hp_gain":0.0,"max_hp_loss":0.0,"gold_gain":0.0,"event_name":"Scrap Ooze","player_choice":"Success","floor":6.0,"gold_loss":0.0,"damage_taken":5.0,"relics_obtained":["Frozen Egg 2"]},{"damage_healed":0.0,"max_hp_gain":0.0,"max_hp_loss":0.0,"gold_gain":0.0,"event_name":"Big Fish","player_choice":"Box","floor":12.0,"gold_loss":0.0,"damage_taken":0.0,"relics_obtained":["DataDisk"],"cards_obtained":["Regret"]},{"damage_healed":0.0,"max_hp_gain":0.0,"max_hp_loss":0.0,"gold_gain":0.0,"event_name":"The Mausoleum","player_choice":"Opened","floor":22.0,"gold_loss":0.0,"damage_taken":0.0,"relics_obtained":["Question Card"],"cards_obtained":["Writhe"]},{"damage_healed":14.0,"max_hp_gain":0.0,"max_hp_loss":0.0,"gold_gain":0.0,"event_name":"The Library","player_choice":"Heal","floor":27.0,"gold_loss":0.0,"damage_taken":0.0},{"damage_healed":0.0,"max_hp_gain":0.0,"max_hp_loss":0.0,"gold_gain":0.0,"event_name":"Forgotten Altar","player_choice":"Smashed Altar","floor":29.0,"gold_loss":0.0,"damage_taken":0.0,"cards_obtained":["Decay"]}],"is_beta":false,"boss_relics":[{"not_picked":["Tiny House","Snecko Eye"],"picked":"Eternal Feather"}],"items_purged_floors":[],"is_endless":false,"potions_floor_spawned":[1,2,4,16,18,21],"killed_by":"Automaton","ascension_level":20}