{"gold_per_floor":[111,111,111,36,86,142,142,177,202,212,32,46,62,62,62,137,137,149,64,82,82,82,82,94,94,94,111,111,111,127,141,141,217,217,228,247,137,12,0,0,35,35,35,65,77,89,18,38,38,38],"floor_reached":53,"playtime":2512,"items_purged":["Regret","Strike_G","Strike_G"],"score":1136,"play_id":"46064067-f378-4d2b-9638-353c55d45704","local_time":"20190103233820","is_ascension_mode":true,"campfire_choices":[{"data":"Neutralize","floor":7.0,"key":"SMITH"},{"data":"Noxious Fumes","floor":15.0,"key":"SMITH"},{"floor":23.0,"key":"REST"},{"floor":25.0,"key":"REST"},{"floor":29.0,"key":"REST"},{"floor":32.0,"key":"REST"},{"floor":43.0,"key":"REST"},{"floor":45.0,"key":"REST"},{"data":"Catalyst","floor":49.0,"key":"SMITH"},{"floor":52.0,"key":"REST"}],"neow_cost":"NONE","seed_source_timestamp":105032884232124,"circlet_count":0,"master_deck":["AscendersBane","Defend_G","Defend_G","Defend_G","Defend_G","Defend_G","Strike_G","Survivor","Neutralize+1","Bouncing Flask","Backflip","Cloak And Dagger","Caltrops+1","Noxious Fumes+1","Deadly Poison","Adrenaline","Poisoned Stab","Catalyst+1","Crippling Poison","Backflip","Sucker Punch","Night Terror","Blur","PiercingWail","Backflip+1","Cloak And Dagger","Backflip","Malaise","Adrenaline","Leg Sweep","Writhe"],"special_seed":0,"relics":["Ring of the Snake","NeowsBlessing","Blood Vial","Bag of Preparation","Oddly Smooth Stone","Tiny Chest","Gremlin Horn","Ancient Tea Set","Velvet Choker","Paper Crane","Ornamental Fan","Orrery","Red Mask","Thread and Needle","MawBank"],"potions_floor_usage":[],"damage_taken":[{"damage":0.0,"enemies":"Small Slimes","floor":1.0,"turns":1.0},{"damage":0.0,"enemies":"Lagavulin","floor":6.0,"turns":1.0},{"damage":0.0,"enemies":"3 Sentries","floor":8.0,"turns":1.0},{"damage":3.0,"enemies":"2 Louse","floor":10.0,"turns":3.0},{"damage":0.0,"enemies":"Jaw Worm","floor":12.0,"turns":4.0},{"damage":3.0,"enemies":"Looter","floor":13.0,"turns":3.0},{"damage":2.0,"enemies":"Hexaghost","floor":16.0,"turns":9.0},{"damage":22.0,"enemies":"2 Thieves","floor":18.0,"turns":4.0},{"damage":0.0,"enemies":"Chosen","floor":20.0,"turns":4.0},{"damage":15.0,"enemies":"Centurion and Healer","floor":24.0,"turns":6.0},{"damage":29.0,"enemies":"Cultist and Chosen","floor":27.0,"turns":5.0},{"damage":10.0,"enemies":"Colosseum Slavers","floor":28.0,"turns":5.0},{"damage":4.0,"enemies":"Chosen and Byrds","floor":30.0,"turns":5.0},{"damage":0.0,"enemies":"Centurion and Healer","floor":31.0,"turns":6.0},{"damage":45.0,"enemies":"Collector","floor":33.0,"turns":8.0},{"damage":23.0,"enemies":"Orb Walker","floor":38.0,"turns":4.0},{"damage":22.0,"enemies":"3 Darklings","floor":39.0,"turns":8.0},{"damage":31.0,"enemies":"Nemesis","floor":44.0,"turns":9.0},{"damage":2.0,"enemies":"Transient","floor":47.0,"turns":6.0},{"damage":21.0,"enemies":"4 Shapes","floor":51.0,"turns":4.0},{"damage":69,"enemies":"Time Eater","floor":53,"turns":15}],"seed_played":"7789489781809883273","potions_obtained":[{"floor":1.0,"key":"Dexterity Potion"},{"floor":10.0,"key":"LiquidBronze"},{"floor":33.0,"key":"GamblersBrew"}],"is_trial":false,"path_per_floor":["M","?","?","$","T","E","R","E","T","M","$","M","M","?","R","B",null,"M","?","M","?","?","R","M","R","T","M","?","R","M","M","R","B",null,"M","M","?","$","?","R","E","R","T","M","?","R","$","M","R","B"],"character_chosen":"THE_SILENT","items_purchased":["Noxious Fumes","EssenceOfSteel"],"campfire_rested":7,"item_purchase_floors":[11,50],"current_hp_per_floor":[59,59,41,41,41,43,43,45,45,44,44,46,45,45,45,45,61,41,41,43,25,25,46,33,54,54,27,19,40,38,40,61,18,71,48,28,28,28,28,49,20,41,41,41,55,55,55,36,57,0],"gold":38,"neow_bonus":"THREE_ENEMY_KILL","is_prod":false,"is_daily":false,"chose_seed":false,"campfire_upgraded":3,"win_rate":0,"timestamp":1546555100,"path_taken":["M","?","?","$","?","E","R","E","T","M","?","?","M","?","R","BOSS","M","?","M","?","?","R","?","R","T","M","?","R","M","M","R","BOSS","M","M","?","?","?","R","E","R","T","M","?","R","?","M","R","BOSS"],"build_version":"2018-12-20","purchased_purges":3,"victory":false,"max_hp_per_floor":[66,66,66,66,66,66,66,66,66,66,66,66,66,66,66,66,66,66,66,66,71,71,71,71,71,71,71,71,71,71,71,71,71,71,71,71,71,71,71,71,71,71,71,71,71,71,71,71,71,71],"card_choices":[{"not_picked":["Tactician","Blade Dance"],"picked":"Bouncing Flask","floor":1.0},{"not_picked":["Bane","Bouncing Flask"],"picked":"Backflip","floor":6.0},{"not_picked":["Acrobatics","Outmaneuver"],"picked":"Cloak And Dagger","floor":8.0},{"not_picked":["Wraith Form v2","Sucker Punch"],"picked":"Caltrops","floor":10.0},{"not_picked":["Calculated Gamble","Choke","Accuracy"],"picked":"SKIP","floor":12.0},{"not_picked":["Heel Hook","Finisher"],"picked":"Deadly Poison","floor":13.0},{"not_picked":["Wraith Form v2","Unload"],"picked":"Adrenaline","floor":16.0},{"not_picked":["Setup","Flying Knee"],"picked":"Poisoned Stab","floor":18.0},{"not_picked":["Dagger Spray+1","Backflip"],"picked":"Catalyst","floor":20.0},{"not_picked":["Dagger Spray","Heel Hook"],"picked":"Crippling Poison","floor":24.0},{"not_picked":["Skewer","Riddle With Holes"],"picked":"Backflip","floor":27.0},{"not_picked":["Bane","Dagger Throw"],"picked":"Sucker Punch","floor":30.0},{"not_picked":["Underhanded Strike","Prepared","Blade Dance"],"picked":"SKIP","floor":31.0},{"not_picked":["Bullet Time","Glass Knife"],"picked":"Night Terror","floor":33.0},{"not_picked":["Slice+1","Infinite Blades"],"picked":"Blur","floor":34.0},{"not_picked":["Masterful Stab","Poisoned Stab"],"picked":"PiercingWail","floor":34.0},{"not_picked":["Sucker Punch","Deadly Poison+1"],"picked":"Backflip+1","floor":34.0},{"not_picked":["Predator","Endless Agony"],"picked":"Cloak And Dagger","floor":34.0},{"not_picked":["Dash+1","Outmaneuver"],"picked":"Backflip","floor":38.0},{"not_picked":["Underhanded Strike","Choke+1"],"picked":"Malaise","floor":39.0},{"not_picked":["Quick Slash","Poisoned Stab"],"picked":"Adrenaline","floor":44.0},{"not_picked":["Dagger Spray","Slice"],"picked":"Leg Sweep","floor":47.0},{"not_picked":["Concentrate","Slice+1","Dash"],"picked":"SKIP","floor":51.0}],"player_experience":571903,"relics_obtained":[{"floor":5.0,"key":"Oddly Smooth Stone"},{"floor":6.0,"key":"Tiny Chest"},{"floor":8.0,"key":"Gremlin Horn"},{"floor":9.0,"key":"Ancient Tea Set"},{"floor":26.0,"key":"Ornamental Fan"},{"floor":44.0,"key":"Thread and Needle"},{"floor":46.0,"key":"MawBank"}],"event_choices":[{"damage_healed":0.0,"max_hp_gain":0.0,"max_hp_loss":0.0,"gold_gain":0.0,"event_name":"Big Fish","player_choice":"Box","floor":2.0,"gold_loss":0.0,"damage_taken":0.0,"relics_obtained":["Blood Vial"],"cards_obtained":["Regret"]},{"damage_healed":0.0,"max_hp_gain":0.0,"max_hp_loss":0.0,"gold_gain":0.0,"event_name":"Scrap Ooze","player_choice":"Success","floor":3.0,"gold_loss":0.0,"damage_taken":18.0,"relics_obtained":["Bag of Preparation"]},{"damage_healed":0.0,"max_hp_gain":0.0,"max_hp_loss":0.0,"gold_gain":0.0,"event_name":"Liars Game","player_choice":"Ignored","floor":14.0,"gold_loss":0.0,"damage_taken":0.0},{"damage_healed":0.0,"max_hp_gain":0.0,"max_hp_loss":0.0,"gold_gain":0.0,"event_name":"Addict","player_choice":"Obtained Relic","floor":19.0,"gold_loss":85.0,"damage_taken":0.0,"relics_obtained":["Paper Crane"]},{"damage_healed":0.0,"max_hp_gain":5.0,"max_hp_loss":0.0,"gold_gain":0.0,"event_name":"Forgotten Altar","player_choice":"Shed Blood","floor":21.0,"gold_loss":0.0,"damage_taken":23.0},{"cards_removed":["Strike_G"],"damage_healed":0.0,"max_hp_gain":0.0,"max_hp_loss":0.0,"gold_gain":0.0,"event_name":"Bonfire Elementals","player_choice":"Offered Basic","floor":22.0,"gold_loss":0.0,"damage_taken":0.0},{"damage_healed":0.0,"max_hp_gain":0.0,"max_hp_loss":0.0,"gold_gain":0.0,"event_name":"Colosseum","player_choice":"Fight","floor":28.0,"gold_loss":0.0,"damage_taken":0.0},{"damage_healed":0.0,"max_hp_gain":0.0,"max_hp_loss":0.0,"gold_gain":0.0,"event_name":"Colosseum","player_choice":"Fled From Nobs","floor":28.0,"gold_loss":0.0,"damage_taken":0.0},{"cards_removed":["Strike_G"],"damage_healed":0.0,"max_hp_gain":0.0,"max_hp_loss":0.0,"gold_gain":0.0,"event_name":"Designer","player_choice":"Upgrade and Remove","floor":40.0,"gold_loss":110.0,"damage_taken":0.0,"cards_upgraded":["Caltrops"]},{"damage_healed":0.0,"max_hp_gain":0.0,"max_hp_loss":0.0,"gold_gain":0.0,"event_name":"Tomb of Lord Red Mask","player_choice":"Paid","floor":42.0,"gold_loss":12.0,"damage_taken":0.0,"relics_obtained":["Red Mask"]},{"damage_healed":14.0,"max_hp_gain":0.0,"max_hp_loss":0.0,"gold_gain":0.0,"event_name":"Winding Halls","player_choice":"Writhe","floor":48.0,"gold_loss":0.0,"damage_taken":0.0,"cards_obtained":["Writhe"]}],"is_beta":false,"boss_relics":[{"not_picked":["Snecko Eye","Black Star"],"picked":"Velvet Choker"},{"not_picked":["Pandora\u0027s Box","Runic Pyramid"],"picked":"Orrery"}],"items_purged_floors":[4,11,41],"is_endless":false,"potions_floor_spawned":[1,10,13,30,31,33,47,51],"killed_by":"Time Eater","ascension_level":20}