{"gold_per_floor":[119,137,148,128,148,148,168,17,17,17,48,48,48,79,79,151,151,163,163,163,179,43,43,43,43,43,61,0,0,16,42,42,114,114,128,128,128,128],"floor_reached":38,"playtime":1699,"items_purged":["Strike_G","Strike_G"],"score":720,"play_id":"e72b0634-50fc-4774-845d-bbebdb9f7b42","local_time":"20190628164210","is_ascension_mode":true,"campfire_choices":[{"data":"Neutralize","floor":6.0,"key":"SMITH"},{"data":"Noxious Fumes","floor":10.0,"key":"SMITH"},{"data":"Leg Sweep","floor":15.0,"key":"SMITH"},{"floor":23.0,"key":"REST"},{"data":"Adrenaline","floor":25.0,"key":"SMITH"},{"floor":29.0,"key":"REST"},{"floor":32.0,"key":"REST"}],"neow_cost":"NONE","seed_source_timestamp":0,"circlet_count":0,"master_deck":["AscendersBane","Defend_G","Defend_G","Defend_G","Defend_G","Defend_G","Strike_G","Strike_G","Strike_G+1","Survivor","Neutralize+1","Footwork","Sucker Punch+1","Leg Sweep+1","Adrenaline+1","Backflip","Noxious Fumes+1","Deflect","Poisoned Stab","Corpse Explosion","Backstab+1","Bouncing Flask+1","Well Laid Plans","Shame","Infinite Blades","Deflect","Bullet Time","Bouncing Flask+1","Madness","Madness","Bandage Up","Forethought"],"special_seed":0,"relics":["Ring of the Snake","Kunai","Juzu Bracelet","Gremlin Horn","Mercury Hourglass","Lizard Tail","Nilry\u0027s Codex","Singing Bowl","Blood Vial","Whetstone","WristBlade"],"potions_floor_usage":[],"damage_taken":[{"damage":0.0,"enemies":"Jaw Worm","floor":1.0,"turns":4.0},{"damage":0.0,"enemies":"Cultist","floor":2.0,"turns":5.0},{"damage":0.0,"enemies":"2 Louse","floor":3.0,"turns":5.0},{"damage":0.0,"enemies":"Exordium Wildlife","floor":5.0,"turns":7.0},{"damage":0.0,"enemies":"Blue Slaver","floor":7.0,"turns":6.0},{"damage":3.0,"enemies":"Lagavulin","floor":11.0,"turns":8.0},{"damage":7.0,"enemies":"3 Sentries","floor":14.0,"turns":7.0},{"damage":32.0,"enemies":"Slime Boss","floor":16.0,"turns":12.0},{"damage":8.0,"enemies":"3 Byrds","floor":18.0,"turns":5.0},{"damage":8.0,"enemies":"Spheric Guardian","floor":21.0,"turns":4.0},{"damage":3.0,"enemies":"Centurion and Healer","floor":27.0,"turns":5.0},{"damage":7.0,"enemies":"Snecko","floor":30.0,"turns":5.0},{"damage":46.0,"enemies":"Book of Stabbing","floor":31.0,"turns":6.0},{"damage":51.0,"enemies":"Automaton","floor":33.0,"turns":11.0},{"damage":0,"enemies":"Orb Walker","floor":35,"turns":4},{"damage":54,"enemies":"3 Darklings","floor":38,"turns":3}],"seed_played":"1886311464996352794","potions_obtained":[{"floor":1.0,"key":"Energy Potion"},{"floor":4.0,"key":"Ancient Potion"},{"floor":11.0,"key":"Poison Potion"},{"floor":16.0,"key":"Weak Potion"},{"floor":27.0,"key":"Strength Potion"},{"floor":30.0,"key":"FearPotion"},{"floor":31.0,"key":"Regen Potion"}],"is_trial":false,"path_per_floor":["M","M","M","?","M","R","M","$","T","R","E","?","$","E","R","B",null,"M","?","?","M","$","R","?","R","T","M","?","R","M","E","R","B",null,"M","?","?","M"],"character_chosen":"THE_SILENT","items_purchased":["Noxious Fumes","Well Laid Plans"],"campfire_rested":3,"item_purchase_floors":[8,22],"current_hp_per_floor":[65,65,65,65,65,65,65,65,65,65,62,62,62,55,55,23,60,52,47,26,18,18,39,39,39,39,38,38,59,54,12,34,37,65,67,54,49,0],"gold":128,"neow_bonus":"TEN_PERCENT_HP_BONUS","is_prod":false,"is_daily":false,"chose_seed":false,"campfire_upgraded":4,"win_rate":0,"timestamp":1561732930,"path_taken":["M","M","M","?","?","R","M","$","T","R","E","?","$","E","R","BOSS","M","?","?","M","$","R","?","R","T","M","?","R","M","E","R","BOSS","M","?","?","M"],"build_version":"2019-01-23","purchased_purges":2,"victory":false,"max_hp_per_floor":[72,72,72,72,72,72,72,72,72,72,72,72,72,72,72,72,72,72,72,72,72,72,72,72,72,72,72,72,72,72,74,74,74,74,74,74,74,74],"card_choices":[{"not_picked":["Infinite Blades","Outmaneuver"],"picked":"Footwork","floor":1.0},{"not_picked":["Acrobatics","Accuracy"],"picked":"Sucker Punch","floor":2.0},{"not_picked":["Prepared","Poisoned Stab"],"picked":"Leg Sweep","floor":3.0},{"not_picked":["Blade Dance","Cloak And Dagger"],"picked":"Adrenaline","floor":5.0},{"not_picked":["Prepared","Concentrate"],"picked":"Backflip","floor":7.0},{"not_picked":["Dagger Spray","Bane"],"picked":"Deflect","floor":11.0},{"not_picked":["Dodge and Roll","Die Die Die"],"picked":"Poisoned Stab","floor":14.0},{"not_picked":["Wraith Form v2","Venomology"],"picked":"Corpse Explosion","floor":16.0},{"not_picked":["Poisoned Stab","Sucker Punch+1"],"picked":"Backstab+1","floor":18.0},{"not_picked":["Dagger Spray","Deadly Poison"],"picked":"Bouncing Flask+1","floor":21.0},{"not_picked":["Slice","Corpse Explosion"],"picked":"Infinite Blades","floor":27.0},{"not_picked":["Dagger Spray","Skewer"],"picked":"Deflect","floor":30.0},{"not_picked":["Concentrate","Bane","Escape Plan"],"picked":"Singing Bowl","floor":31.0},{"not_picked":["After Image","Adrenaline"],"picked":"Bullet Time","floor":33.0},{"not_picked":["Outmaneuver","Dodge and Roll"],"picked":"Bouncing Flask+1","floor":35},{"not_picked":["Dramatic Entrance","Swift Strike"],"picked":"Bandage Up","floor":37},{"not_picked":["Finesse","Swift Strike"],"picked":"Forethought","floor":37}],"player_experience":1509340,"relics_obtained":[{"floor":9.0,"key":"Kunai"},{"floor":11.0,"key":"Juzu Bracelet"},{"floor":14.0,"key":"Mercury Hourglass"},{"floor":20.0,"key":"Nilry\u0027s Codex"},{"floor":26.0,"key":"Blood Vial"},{"floor":31.0,"key":"Whetstone"}],"event_choices":[{"damage_healed":0.0,"max_hp_gain":0.0,"max_hp_loss":0.0,"gold_gain":0.0,"event_name":"The Woman in Blue","player_choice":"Bought 1 Potion","floor":4.0,"gold_loss":0.0,"damage_taken":0.0},{"damage_healed":0.0,"max_hp_gain":0.0,"max_hp_loss":0.0,"gold_gain":0.0,"event_name":"WeMeetAgain","player_choice":"Gave Potion","floor":12.0,"gold_loss":0.0,"damage_taken":0.0,"relics_obtained":["Gremlin Horn"]},{"damage_healed":0.0,"max_hp_gain":0.0,"max_hp_loss":0.0,"gold_gain":0.0,"event_name":"Designer","player_choice":"Punched","floor":19.0,"gold_loss":0.0,"damage_taken":5.0},{"damage_healed":0.0,"max_hp_gain":0.0,"max_hp_loss":0.0,"gold_gain":0.0,"event_name":"Cursed Tome","player_choice":"Obtained Book","floor":20.0,"gold_loss":0.0,"damage_taken":21.0},{"damage_healed":0.0,"max_hp_gain":0.0,"max_hp_loss":0.0,"gold_gain":0.0,"event_name":"Addict","player_choice":"Stole Relic","floor":24.0,"gold_loss":0.0,"damage_taken":0.0,"relics_obtained":["Singing Bowl"],"cards_obtained":["Shame"]},{"damage_healed":0.0,"max_hp_gain":0.0,"max_hp_loss":0.0,"gold_gain":0.0,"event_name":"Masked Bandits","player_choice":"Paid Fearfully","floor":28.0,"gold_loss":61.0,"damage_taken":0.0},{"damage_healed":0,"gold_gain":0,"player_choice":"Embrace Madness","damage_taken":13,"max_hp_gain":0,"max_hp_loss":0,"event_name":"Winding Halls","floor":36,"gold_loss":0,"cards_obtained":["Madness","Madness"]},{"damage_healed":0,"gold_gain":0,"player_choice":"Memory 2","damage_taken":5,"max_hp_gain":0,"max_hp_loss":0,"event_name":"SensoryStone","floor":37,"gold_loss":0}],"is_beta":false,"boss_relics":[{"not_picked":["White Beast Statue","Orrery"],"picked":"Lizard Tail"},{"not_picked":["Ring of the Serpent","Tiny House"],"picked":"WristBlade"}],"items_purged_floors":[8,22],"is_endless":false,"potions_floor_spawned":[1,11,16,27,30,31],"killed_by":"3 Darklings","ascension_level":16}