{"gold_per_floor":[113,263,263,273,119,119,134,165,192,192,13,13,29,64,64,141,171,186,186],"floor_reached":19,"playtime":654,"items_purged":["Strike_B","Parasite"],"score":370,"play_id":"a874d79f-c75a-48a3-a005-ccd278ddd650","local_time":"20190718234935","is_ascension_mode":true,"campfire_choices":[{"data":"Zap","floor":6,"key":"SMITH"},{"data":"Consume","floor":12,"key":"SMITH"},{"floor":15,"key":"REST"}],"neow_cost":"NONE","seed_source_timestamp":529552507648800,"circlet_count":0,"master_deck":["AscendersBane","Strike_B","Strike_B","Strike_B","Defend_B","Defend_B","Defend_B","Defend_B","Zap+1","Dualcast","Ball Lightning","Consume+1","Conserve Battery","Go for the Eyes","Hologram","Cold Snap","Doom and Gloom","Reinforced Body","Capacitor","Buffer","Clumsy","Writhe","Decay","Darkness","Compile Driver"],"relics":["Cracked Core","Strawberry","Pen Nib","Prayer Wheel","Calling Bell","Tiny Chest","Frozen Egg 2","Gambling Chip"],"potions_floor_usage":[13,14,18],"damage_taken":[{"damage":8,"enemies":"2 Louse","floor":1,"turns":3},{"damage":7,"enemies":"Jaw Worm","floor":4,"turns":2},{"damage":0,"enemies":"Cultist","floor":7,"turns":2},{"damage":45,"enemies":"Gremlin Nob","floor":8,"turns":5},{"damage":15,"enemies":"Large Slime","floor":13,"turns":6},{"damage":0,"enemies":"Lagavulin","floor":14,"turns":5},{"damage":15,"enemies":"The Guardian","floor":16,"turns":10},{"damage":36,"enemies":"3 Byrds","floor":18,"turns":4},{"damage":47,"enemies":"Chosen","floor":19,"turns":6}],"seed_played":"-7322102532486407357","potions_obtained":[{"floor":8,"key":"Weak Potion"},{"floor":13,"key":"LiquidBronze"},{"floor":14,"key":"Fire Potion"}],"is_trial":false,"path_per_floor":["M","?","?","M","$","R","M","E","T","?","$","R","M","E","R","B",null,"M","M"],"character_chosen":"DEFECT","items_purchased":["Conserve Battery","Go for the Eyes","Doom and Gloom"],"campfire_rested":1,"item_purchase_floors":[5,5,11],"current_hp_per_floor":[63,63,63,56,56,56,56,18,18,39,39,39,24,24,48,33,70,34,0],"gold":186,"neow_bonus":"TEN_PERCENT_HP_BONUS","is_prod":false,"is_daily":false,"chose_seed":false,"campfire_upgraded":2,"win_rate":0,"timestamp":1563486575,"path_taken":["M","?","?","M","?","R","?","E","T","?","$","R","M","E","R","BOSS","M","M"],"build_version":"2019-07-17","purchased_purges":2,"victory":false,"max_hp_per_floor":[78,78,78,78,78,78,78,85,85,85,82,82,82,82,82,82,82,82,82],"card_choices":[{"not_picked":["Sweeping Beam","Barrage"],"picked":"Ball Lightning","floor":1},{"not_picked":["Turbo","Beam Cell"],"picked":"Consume","floor":4},{"not_picked":["Beam Cell","Scrape"],"picked":"Hologram","floor":7},{"not_picked":["Lockon","Leap"],"picked":"Cold Snap","floor":8},{"not_picked":["Lockon","Conserve Battery"],"picked":"Reinforced Body","floor":13},{"not_picked":["Multi-Cast","Steam"],"picked":"Capacitor","floor":14},{"not_picked":["All For One","Fission"],"picked":"Buffer","floor":16},{"not_picked":["Leap","Coolheaded"],"picked":"Darkness","floor":18},{"not_picked":["Turbo+1","Redo"],"picked":"Compile Driver","floor":18}],"player_experience":1683474,"relics_obtained":[{"floor":8,"key":"Strawberry"},{"floor":9,"key":"Pen Nib"},{"floor":14,"key":"Prayer Wheel"},{"floor":17,"key":"Tiny Chest"},{"floor":17,"key":"Frozen Egg 2"},{"floor":17,"key":"Gambling Chip"}],"event_choices":[{"damage_healed":0,"gold_gain":150,"player_choice":"AGREE","damage_taken":0,"max_hp_gain":0,"max_hp_loss":0,"event_name":"Liars Game","floor":2,"gold_loss":0,"cards_obtained":["Doubt"]},{"cards_removed":["Doubt"],"damage_healed":0,"gold_gain":0,"player_choice":"Forget","damage_taken":0,"max_hp_gain":0,"max_hp_loss":0,"event_name":"Living Wall","floor":3,"gold_loss":0},{"damage_healed":21,"gold_gain":0,"player_choice":"Healed and dodged fight","damage_taken":0,"max_hp_gain":0,"max_hp_loss":0,"event_name":"Mushrooms","floor":10,"gold_loss":0,"cards_obtained":["Parasite"]}],"is_beta":false,"boss_relics":[{"not_picked":["White Beast Statue","Fusion Hammer"],"picked":"Calling Bell"}],"items_purged_floors":[5,11],"is_endless":false,"potions_floor_spawned":[8,13,14],"killed_by":"Chosen","ascension_level":17}