{"gold_per_floor":[142,217,167,167,10,10,42,53,79,10,10,38,38,55,55,153,153,168,180,212,212,227,258,258,275,275,292,292,310,310,322,322,322],"floor_reached":33,"playtime":1625,"items_purged":["Strike_R"],"score":303,"play_id":"fc8a2aed-3cbb-49a6-af4a-71ec00eedef3","local_time":"20190625180406","is_ascension_mode":true,"campfire_choices":[{"data":"Dark Shackles","floor":6,"key":"SMITH"},{"data":"Impervious","floor":15,"key":"SMITH"},{"floor":24,"key":"REST"},{"data":"Armaments","floor":28,"key":"SMITH"},{"floor":32,"key":"REST"}],"neow_cost":"NONE","seed_source_timestamp":1130146160374293,"circlet_count":0,"master_deck":["Strike_R","Strike_R","Strike_R+1","Defend_R","Defend_R","Defend_R","Defend_R","Bash","Cleave","Dark Shackles+1","Anger+1","Cleave+1","Impervious+1","Iron Wave","Shrug It Off","Reaper","Seeing Red+1","Headbutt","Armaments+1","Anger+1","Shrug It Off","Rampage+1","Battle Trance"],"relics":["Burning Blood","Tiny Chest","Meat on the Bone","Pen Nib","Omamori","Ancient Tea Set","Sozu","Red Mask","Frozen Egg 2","Whetstone","Ginger"],"potions_floor_usage":[19],"damage_taken":[{"damage":10,"enemies":"2 Louse","floor":1,"turns":2},{"damage":43,"enemies":"Gremlin Nob","floor":7,"turns":6},{"damage":0,"enemies":"Jaw Worm","floor":8,"turns":2},{"damage":37,"enemies":"Lagavulin","floor":12,"turns":8},{"damage":0,"enemies":"Small Slimes","floor":14,"turns":3},{"damage":22,"enemies":"Slime Boss","floor":16,"turns":13},{"damage":7,"enemies":"Shell Parasite","floor":18,"turns":6},{"damage":23,"enemies":"2 Thieves","floor":19,"turns":3},{"damage":56,"enemies":"Masked Bandits","floor":20,"turns":7},{"damage":17,"enemies":"Snecko","floor":22,"turns":7},{"damage":62,"enemies":"Slavers","floor":23,"turns":8},{"damage":7,"enemies":"Chosen and Byrds","floor":25,"turns":7},{"damage":15,"enemies":"Centurion and Healer","floor":27,"turns":7},{"damage":29,"enemies":"Snecko","floor":29,"turns":7},{"damage":24,"enemies":"Snake Plant","floor":31,"turns":6},{"damage":71,"enemies":"Champ","floor":33,"turns":11}],"seed_played":"-6127465484490420891","potions_obtained":[{"floor":8,"key":"BloodPotion"},{"floor":12,"key":"SkillPotion"}],"is_trial":false,"path_per_floor":["M","?","?","T","$","R","E","M","T","$","?","E","?","M","R","B",null,"M","M","?","?","M","E","R","M","T","M","R","M","?","M","R","B"],"character_chosen":"IRONCLAD","items_purchased":["Dark Shackles","Impervious"],"campfire_rested":2,"item_purchase_floors":[5,10],"current_hp_per_floor":[76,65,65,65,65,65,40,58,58,58,58,39,39,57,57,53,80,79,76,43,43,49,19,43,54,54,53,53,47,47,41,65,0],"gold":322,"neow_bonus":"RANDOM_COMMON_RELIC","is_prod":false,"is_daily":false,"chose_seed":false,"campfire_upgraded":3,"win_rate":0,"timestamp":1561500246,"path_taken":["M","?","?","?","$","R","E","M","T","$","?","E","?","M","R","BOSS","M","?","?","?","M","E","R","M","T","?","R","M","?","M","R","BOSS"],"build_version":"2019-01-23","purchased_purges":1,"victory":false,"max_hp_per_floor":[80,80,80,80,80,80,80,80,80,80,80,80,80,80,80,80,80,80,80,80,80,80,80,80,80,80,80,80,80,80,80,80,80],"card_choices":[{"not_picked":["Twin Strike","Power Through"],"picked":"Cleave","floor":1},{"not_picked":["Armaments","Limit Break"],"picked":"Anger","floor":7},{"not_picked":["Combust","Twin Strike"],"picked":"Cleave","floor":8},{"not_picked":["Body Slam","Second Wind"],"picked":"Iron Wave","floor":12},{"not_picked":["Havoc","Thunderclap"],"picked":"Shrug It Off","floor":14},{"not_picked":["Juggernaut","Brutality"],"picked":"Reaper","floor":16},{"not_picked":["Perfected Strike","Rupture"],"picked":"Seeing Red+1","floor":18},{"not_picked":["Rupture+1","Wild Strike"],"picked":"Headbutt","floor":19},{"not_picked":["Clothesline","Perfected Strike"],"picked":"Armaments","floor":20},{"not_picked":["Bloodletting+1","Dropkick","Reckless Charge"],"picked":"SKIP","floor":22},{"not_picked":["Armaments","Fiend Fire"],"picked":"Anger+1","floor":23},{"not_picked":["Body Slam","Infernal Blade"],"picked":"Shrug It Off","floor":25},{"not_picked":["Twin Strike","Perfected Strike","Infernal Blade"],"picked":"SKIP","floor":27},{"not_picked":["Twin Strike","Perfected Strike","Infernal Blade"],"picked":"SKIP","floor":27},{"not_picked":["Warcry+1","Armaments"],"picked":"Rampage+1","floor":29},{"not_picked":["Twin Strike+1","Whirlwind+1"],"picked":"Battle Trance","floor":31}],"player_experience":240433,"relics_obtained":[{"floor":4,"key":"Meat on the Bone"},{"floor":7,"key":"Pen Nib"},{"floor":9,"key":"Omamori"},{"floor":12,"key":"Ancient Tea Set"},{"floor":20,"key":"Red Mask"},{"floor":23,"key":"Whetstone"},{"floor":26,"key":"Ginger"}],"event_choices":[{"damage_healed":0,"gold_gain":75,"player_choice":"Gather Gold","damage_taken":11,"max_hp_gain":0,"max_hp_loss":0,"event_name":"World of Goop","floor":2,"gold_loss":0},{"cards_removed":["Strike_R"],"damage_healed":0,"gold_gain":0,"player_choice":"Card Removal","damage_taken":0,"max_hp_gain":0,"max_hp_loss":0,"event_name":"The Cleric","floor":3,"gold_loss":50},{"damage_healed":0,"gold_gain":0,"player_choice":"Ignored","damage_taken":0,"max_hp_gain":0,"max_hp_loss":0,"event_name":"Golden Idol","floor":11,"gold_loss":0},{"damage_healed":0,"gold_gain":0,"player_choice":"Upgraded","damage_taken":0,"max_hp_gain":0,"max_hp_loss":0,"event_name":"Upgrade Shrine","floor":13,"gold_loss":0,"cards_upgraded":["Anger"]},{"damage_healed":0,"gold_gain":0,"player_choice":"Fought Bandits","damage_taken":0,"max_hp_gain":0,"max_hp_loss":0,"event_name":"Masked Bandits","floor":20,"gold_loss":0},{"damage_healed":0,"gold_gain":0,"player_choice":"Gave Potion","damage_taken":0,"relics_obtained":["Frozen Egg 2"],"max_hp_gain":0,"max_hp_loss":0,"event_name":"WeMeetAgain","floor":21,"gold_loss":0},{"damage_healed":0,"gold_gain":0,"player_choice":"Bought 0 Potions","damage_taken":0,"max_hp_gain":0,"max_hp_loss":0,"event_name":"The Woman in Blue","floor":30,"gold_loss":0}],"is_beta":false,"boss_relics":[{"not_picked":["Pandora\u0027s Box","Empty Cage"],"picked":"Sozu"}],"items_purged_floors":[5],"is_endless":false,"potions_floor_spawned":[8,12,18,22,25,31],"killed_by":"Champ","ascension_level":2}