{"gold_per_floor":[119,134,149,149,149,149,183,183,183,198,214,240,259,288,288,365,365,382,432,482,532,542,542,567,567],"floor_reached":25,"playtime":810,"items_purged":[],"score":482,"play_id":"009fd01b-5367-472f-aa71-d7c738edff86","local_time":"20190528002046","is_ascension_mode":true,"campfire_choices":[{"floor":6.0,"key":"REST"},{"data":"Streamline","floor":8.0,"key":"SMITH"},{"floor":15.0,"key":"REST"},{"data":"Buffer","floor":23,"key":"SMITH"}],"neow_cost":"PERCENT_DAMAGE","seed_source_timestamp":881195479218643,"circlet_count":0,"master_deck":["AscendersBane","Strike_B+1","Strike_B+1","Defend_B","Defend_B","Defend_B","Defend_B","Zap","Dualcast","Streamline+1","Sweeping Beam","Ball Lightning","Cold Snap","Steam","Creative AI","Heatsinks","Rebound","Buffer+1","Cold Snap","White Noise","Electrodynamics","Glacier","Double Energy"],"special_seed":0,"relics":["Cracked Core","FossilizedHelix","SsserpentHead","Meat on the Bone","Cables","StoneCalendar","Bag of Preparation","Velvet Choker","Pen Nib"],"potions_floor_usage":[24,24],"damage_taken":[{"damage":0.0,"enemies":"Small Slimes","floor":1.0,"turns":3.0},{"damage":0.0,"enemies":"2 Louse","floor":2.0,"turns":1.0},{"damage":0.0,"enemies":"Cultist","floor":3.0,"turns":3.0},{"damage":15.0,"enemies":"Lagavulin","floor":7.0,"turns":5.0},{"damage":0.0,"enemies":"Large Slime","floor":10.0,"turns":3.0},{"damage":9.0,"enemies":"3 Louse","floor":11.0,"turns":3.0},{"damage":10.0,"enemies":"3 Sentries","floor":12.0,"turns":5.0},{"damage":8.0,"enemies":"Exordium Wildlife","floor":13.0,"turns":3.0},{"damage":22.0,"enemies":"Gremlin Nob","floor":14.0,"turns":4.0},{"damage":11.0,"enemies":"The Guardian","floor":16.0,"turns":12.0},{"damage":7,"enemies":"2 Thieves","floor":18,"turns":4},{"damage":17,"enemies":"Shell Parasite","floor":22,"turns":7},{"damage":34,"enemies":"Book of Stabbing","floor":24,"turns":7},{"damage":0,"enemies":"Cultist and Chosen","floor":25,"turns":5}],"seed_played":"-4750965443480527833","potions_obtained":[{"floor":1.0,"key":"SpeedPotion"},{"floor":3.0,"key":"PowerPotion"},{"floor":12.0,"key":"Ancient Potion"}],"is_trial":false,"path_per_floor":["M","M","M","?","?","R","E","R","T","M","M","E","M","E","R","B",null,"M","?","?","?","M","R","E","M"],"character_chosen":"DEFECT","items_purchased":[],"campfire_rested":2,"item_purchase_floors":[],"current_hp_per_floor":[46,46,46,25,25,46,31,31,31,43,46,36,40,30,51,40,63,56,36,51,51,46,46,24,24],"gold":567,"neow_bonus":"ONE_RARE_RELIC","is_prod":false,"is_daily":false,"chose_seed":false,"campfire_upgraded":2,"win_rate":0,"timestamp":1558995646,"path_taken":["M","M","M","?","?","R","E","R","T","M","M","E","M","E","R","BOSS","M","?","?","?","M","R","E","M"],"build_version":"2019-01-23","purchased_purges":0,"victory":false,"max_hp_per_floor":[71,71,71,71,71,71,71,71,71,71,71,71,71,71,71,71,71,71,76,76,76,76,76,76,76],"card_choices":[{"not_picked":["Steam Power","Redo"],"picked":"Streamline","floor":1.0},{"not_picked":["Aggregate","Redo"],"picked":"Sweeping Beam","floor":2.0},{"not_picked":["Go for the Eyes","Thunder Strike"],"picked":"Ball Lightning","floor":3.0},{"not_picked":["Barrage","Doom and Gloom"],"picked":"Cold Snap","floor":7.0},{"not_picked":["Redo","Streamline"],"picked":"Steam","floor":10.0},{"not_picked":["Undo","Streamline"],"picked":"Creative AI","floor":11.0},{"not_picked":["Stack","Chaos"],"picked":"Heatsinks","floor":12.0},{"not_picked":["Gash","Compile Driver"],"picked":"Rebound","floor":13.0},{"not_picked":["White Noise","Hologram","BootSequence"],"picked":"SKIP","floor":14.0},{"not_picked":["Creative AI","Thunder Strike"],"picked":"Buffer","floor":16.0},{"not_picked":["Blizzard","Steam"],"picked":"Cold Snap","floor":18},{"not_picked":["Conserve Battery","Fusion"],"picked":"Glacier","floor":22},{"not_picked":["Sweeping Beam","Hologram"],"picked":"Double Energy","floor":24}],"player_experience":806216,"relics_obtained":[{"floor":7.0,"key":"Meat on the Bone"},{"floor":9.0,"key":"Cables"},{"floor":12.0,"key":"StoneCalendar"},{"floor":14.0,"key":"Bag of Preparation"},{"floor":24,"key":"Pen Nib"}],"event_choices":[{"damage_healed":0.0,"max_hp_gain":0.0,"max_hp_loss":0.0,"gold_gain":0.0,"event_name":"Shining Light","player_choice":"Entered Light","floor":4.0,"gold_loss":0.0,"damage_taken":21.0,"cards_upgraded":["Strike_B","Strike_B"]},{"damage_healed":0.0,"max_hp_gain":0.0,"max_hp_loss":0.0,"gold_gain":0.0,"event_name":"FaceTrader","player_choice":"Trade","floor":5.0,"gold_loss":0.0,"damage_taken":0.0,"relics_obtained":["SsserpentHead"]},{"damage_healed":0,"gold_gain":0,"player_choice":"Shed Blood","damage_taken":25,"max_hp_gain":5,"max_hp_loss":0,"event_name":"Forgotten Altar","floor":19,"gold_loss":0},{"damage_healed":15,"gold_gain":0,"player_choice":"Heal","damage_taken":0,"max_hp_gain":0,"max_hp_loss":0,"event_name":"The Library","floor":20,"gold_loss":0},{"damage_healed":0,"gold_gain":0,"cards_transformed":["Strike_B","Strike_B"],"player_choice":"Became Test Subject","damage_taken":0,"max_hp_gain":0,"max_hp_loss":0,"event_name":"Drug Dealer","floor":21,"gold_loss":0,"cards_obtained":["White Noise","Electrodynamics"]}],"is_beta":false,"boss_relics":[{"not_picked":["Coffee Dripper","Astrolabe"],"picked":"Velvet Choker"}],"items_purged_floors":[],"is_endless":false,"potions_floor_spawned":[1,3,12,13,14,22],"killed_by":"Cultist and Chosen","ascension_level":20}