{"gold_per_floor":[209,228,228,51,63,97,97,77,131,161,179,196,196,196,196,287,287,301,301,320,320,345,345,345],"floor_reached":24,"playtime":993,"items_purged":["Strike_G"],"score":437,"play_id":"12bdaca6-2b86-4752-aed4-e225a2405801","local_time":"20190126104623","is_ascension_mode":true,"campfire_choices":[{"floor":7.0,"key":"REST"},{"floor":13.0,"key":"REST"},{"data":"Neutralize","floor":15.0,"key":"SMITH"},{"floor":23,"key":"REST"}],"neow_cost":"NONE","seed_source_timestamp":1440002769972314,"circlet_count":0,"master_deck":["AscendersBane","Defend_G","Defend_G","Defend_G","Defend_G","Defend_G","Survivor","Neutralize+1","Predator","Deadly Poison","Skewer","Flying Knee","PiercingWail","Cloak And Dagger","Bouncing Flask","Dodge and Roll","Well Laid Plans","Malaise","Backflip","Catalyst","Dash","Bite","Bite","Bite","Bite","Bite","Leg Sweep"],"special_seed":0,"relics":["Ring of the Snake","FaceOfCleric","Lantern","Vajra","Bottled Lightning","Golden Idol","Sozu"],"potions_floor_usage":[18],"damage_taken":[{"damage":6.0,"enemies":"Cultist","floor":1.0,"turns":4.0},{"damage":3.0,"enemies":"2 Louse","floor":2.0,"turns":3.0},{"damage":2.0,"enemies":"Jaw Worm","floor":5.0,"turns":4.0},{"damage":37.0,"enemies":"3 Sentries","floor":6.0,"turns":8.0},{"damage":22.0,"enemies":"Lagavulin","floor":10.0,"turns":5.0},{"damage":4.0,"enemies":"Large Slime","floor":11.0,"turns":5.0},{"damage":3.0,"enemies":"2 Fungi Beasts","floor":12.0,"turns":3.0},{"damage":19,"enemies":"Hexaghost","floor":16,"turns":9},{"damage":21,"enemies":"2 Thieves","floor":18,"turns":4},{"damage":16,"enemies":"Chosen","floor":20,"turns":7},{"damage":4,"enemies":"Snecko","floor":22,"turns":4},{"damage":39,"enemies":"3 Cultists","floor":24,"turns":5}],"seed_played":"-8309270032210214033","potions_obtained":[{"floor":1.0,"key":"Strength Potion"},{"floor":2.0,"key":"Weak Potion"},{"floor":8.0,"key":"Fire Potion"},{"floor":10.0,"key":"Dexterity Potion"},{"floor":16,"key":"SkillPotion"}],"is_trial":false,"path_per_floor":["M","M","?","$","M","E","R","?","T","E","M","M","R","?","R","B",null,"M","?","M","?","M","R","M"],"character_chosen":"THE_SILENT","items_purchased":["Skewer","Flying Knee"],"campfire_rested":3,"item_purchase_floors":[4,4],"current_hp_per_floor":[53,50,50,50,49,13,33,33,33,12,9,7,28,28,28,10,51,31,31,16,16,19,33,0],"gold":345,"neow_bonus":"HUNDRED_GOLD","is_prod":false,"is_daily":false,"chose_seed":false,"campfire_upgraded":1,"win_rate":0,"timestamp":1548495983,"path_taken":["M","M","?","?","M","E","R","?","T","E","?","M","R","?","R","BOSS","M","?","M","?","?","R","M"],"build_version":"2019-01-23","purchased_purges":1,"victory":false,"max_hp_per_floor":[66,66,66,66,67,68,68,68,68,69,70,71,71,64,64,65,65,66,66,67,46,47,47,47],"card_choices":[{"not_picked":["Endless Agony","Finisher"],"picked":"Predator","floor":1.0},{"not_picked":["Distraction","Bane"],"picked":"Deadly Poison","floor":2.0},{"not_picked":["Choke","Deflect"],"picked":"PiercingWail","floor":5.0},{"not_picked":["Prepared","Sucker Punch"],"picked":"Cloak And Dagger","floor":6.0},{"not_picked":["PiercingWail","Unload"],"picked":"Bouncing Flask","floor":10.0},{"not_picked":["Flechettes","Acrobatics"],"picked":"Dodge and Roll","floor":11.0},{"not_picked":["Concentrate","Slice"],"picked":"Well Laid Plans","floor":12.0},{"not_picked":["Storm of Steel","Doppelganger"],"picked":"Malaise","floor":16},{"not_picked":["Choke","Acrobatics"],"picked":"Backflip","floor":18},{"not_picked":["Crippling Poison","Acrobatics"],"picked":"Dash","floor":20},{"not_picked":["Prepared","Quick Slash"],"picked":"Leg Sweep","floor":22}],"player_experience":616769,"relics_obtained":[{"floor":6.0,"key":"Lantern"},{"floor":9.0,"key":"Vajra"},{"floor":10.0,"key":"Bottled Lightning"}],"event_choices":[{"damage_healed":0.0,"max_hp_gain":0.0,"max_hp_loss":0.0,"gold_gain":0.0,"event_name":"FaceTrader","player_choice":"Trade","floor":3.0,"gold_loss":0.0,"damage_taken":0.0,"relics_obtained":["FaceOfCleric"]},{"damage_healed":0.0,"max_hp_gain":0.0,"max_hp_loss":0.0,"gold_gain":0.0,"event_name":"The Woman in Blue","player_choice":"Bought 1 Potion","floor":8.0,"gold_loss":0.0,"damage_taken":0.0},{"damage_healed":0.0,"max_hp_gain":0.0,"max_hp_loss":7.0,"gold_gain":0.0,"event_name":"Golden Idol","player_choice":"Lose Max HP","floor":14.0,"gold_loss":0.0,"damage_taken":0.0,"relics_obtained":["Golden Idol"]},{"damage_healed":0,"gold_gain":0,"player_choice":"Read","damage_taken":0,"max_hp_gain":0,"max_hp_loss":0,"event_name":"The Library","floor":19,"gold_loss":0,"cards_obtained":["Catalyst"]},{"damage_healed":0,"gold_gain":0,"player_choice":"Became a vampire","damage_taken":0,"max_hp_gain":0,"max_hp_loss":21,"event_name":"Vampires","floor":21,"gold_loss":0,"cards_obtained":["Bite","Bite","Bite","Bite","Bite"]}],"is_beta":false,"boss_relics":[{"not_picked":["Tiny House","Ectoplasm"],"picked":"Sozu"}],"items_purged_floors":[4],"is_endless":false,"potions_floor_spawned":[1,2,5,10,16,18,20,22],"killed_by":"3 Cultists","ascension_level":20}