{"gold_per_floor":[117,117,132,132,132,160,176,238,238,308,308,319,319,344,344,344],"floor_reached":16,"playtime":351,"items_purged":[],"score":246,"play_id":"7e2cc5a2-27b8-40b9-9344-20995788d7c6","local_time":"20190722034116","is_ascension_mode":true,"campfire_choices":[{"data":"Zap","floor":11,"key":"SMITH"},{"data":"Fusion","floor":13,"key":"SMITH"},{"floor":15,"key":"REST"}],"neow_cost":"NONE","seed_source_timestamp":64467796312400,"circlet_count":0,"master_deck":["AscendersBane","Strike_B","Strike_B","Strike_B","Strike_B","Defend_B","Defend_B","Defend_B","Defend_B","Zap+1","Dualcast","Ball Lightning","Fusion+1","Gash","Glacier","Compile Driver","Chaos","Gash"],"relics":["Cracked Core","NeowsBlessing","Ornamental Fan","Tiny Chest","The Courier","Kunai","Odd Mushroom"],"potions_floor_usage":[8,8],"damage_taken":[{"damage":0,"enemies":"Cultist","floor":1,"turns":1},{"damage":0,"enemies":"Jaw Worm","floor":3,"turns":1},{"damage":0,"enemies":"3 Sentries","floor":6,"turns":1},{"damage":14,"enemies":"2 Louse","floor":7,"turns":3},{"damage":19,"enemies":"Lagavulin","floor":8,"turns":6},{"damage":1,"enemies":"Looter","floor":12,"turns":3},{"damage":33,"enemies":"The Mushroom Lair","floor":14,"turns":4},{"damage":25,"enemies":"Slime Boss","floor":16,"turns":6}],"seed_played":"-7673427325853412481","potions_obtained":[{"floor":3,"key":"EssenceOfSteel"},{"floor":6,"key":"FearPotion"}],"is_trial":false,"path_per_floor":["M","$","M","$","?","E","M","E","T","T","R","M","R","?","R","B"],"character_chosen":"DEFECT","items_purchased":[],"campfire_rested":1,"item_purchase_floors":[],"current_hp_per_floor":[64,64,64,64,69,69,55,36,36,36,36,35,35,2,24,0],"gold":344,"neow_bonus":"THREE_ENEMY_KILL","is_prod":false,"is_daily":false,"chose_seed":false,"campfire_upgraded":2,"win_rate":0,"timestamp":1563759676,"path_taken":["M","$","M","$","?","E","M","E","T","?","R","M","R","?","R","BOSS"],"build_version":"2019-07-17","purchased_purges":0,"victory":false,"max_hp_per_floor":[71,71,71,71,76,76,76,76,76,76,76,76,76,76,76,76],"card_choices":[{"not_picked":["Turbo","Recycle"],"picked":"Ball Lightning","floor":1},{"not_picked":["Rip and Tear","Stack"],"picked":"Fusion","floor":3},{"not_picked":["Ball Lightning","Steam"],"picked":"Gash","floor":6},{"not_picked":["Hello World","Barrage"],"picked":"Glacier","floor":7},{"not_picked":["Blizzard","Redo"],"picked":"Compile Driver","floor":8},{"not_picked":["Coolheaded","Darkness"],"picked":"Chaos","floor":12},{"not_picked":["Static Discharge","Steam"],"picked":"Gash","floor":14}],"player_experience":1730405,"relics_obtained":[{"floor":6,"key":"Ornamental Fan"},{"floor":8,"key":"Tiny Chest"},{"floor":9,"key":"The Courier"},{"floor":10,"key":"Kunai"},{"floor":14,"key":"Odd Mushroom"}],"event_choices":[{"damage_healed":0,"gold_gain":0,"player_choice":"Donut","damage_taken":0,"max_hp_gain":5,"max_hp_loss":0,"event_name":"Big Fish","floor":5,"gold_loss":0},{"damage_healed":0,"gold_gain":0,"player_choice":"Fought Mushrooms","damage_taken":0,"max_hp_gain":0,"max_hp_loss":0,"event_name":"Mushrooms","floor":14,"gold_loss":0}],"is_beta":false,"boss_relics":[],"items_purged_floors":[],"is_endless":false,"potions_floor_spawned":[3,6,7],"killed_by":"Slime Boss","ascension_level":17}