{"gold_per_floor":[119,66,80,80,96,96,131,41,111,111,146,146,162,234,234,234],"floor_reached":16,"playtime":661,"items_purged":[],"score":308,"play_id":"eef53478-7dce-492a-8541-fb4c441e8b5e","local_time":"20181019184226","is_ascension_mode":true,"campfire_choices":[{"data":"Body Slam","floor":6.0,"key":"SMITH"},{"data":"Bash","floor":10.0,"key":"SMITH"},{"floor":12.0,"key":"REST"},{"floor":15.0,"key":"REST"}],"neow_cost":"TEN_PERCENT_HP_LOSS","seed_source_timestamp":345722886353516,"circlet_count":0,"master_deck":["Strike_R","Strike_R","Strike_R","Strike_R","Strike_R","Defend_R","Defend_R","Defend_R","Defend_R","Bash+1","AscendersBane","Deep Breath","Forethought","Twin Strike","Body Slam+1","Shrug It Off","Inflame","Disarm","Purity","Impervious+1","True Grit+1","Shrug It Off+1","Flame Barrier+1"],"special_seed":0,"relics":["Burning Blood","CultistMask","Dream Catcher","Toxic Egg 2","Orichalcum"],"potions_floor_usage":[16],"damage_taken":[{"damage":9.0,"enemies":"Jaw Worm","floor":1.0,"turns":4.0},{"damage":1.0,"enemies":"Cultist","floor":3.0,"turns":3.0},{"damage":7.0,"enemies":"Small Slimes","floor":5.0,"turns":4.0},{"damage":22.0,"enemies":"Lagavulin","floor":7.0,"turns":7.0},{"damage":37.0,"enemies":"3 Sentries","floor":11.0,"turns":12.0},{"damage":27.0,"enemies":"Gremlin Gang","floor":13.0,"turns":14.0},{"damage":14,"enemies":"Slime Boss","floor":16,"turns":6}],"seed_played":"-8759889794407355252","potions_obtained":[{"floor":13.0,"key":"SkillPotion"}],"is_trial":false,"path_per_floor":["M","$","M","?","M","R","E","$","T","R","E","R","M","?","R"],"character_chosen":"IRONCLAD","items_purchased":["Body Slam","Purity"],"campfire_rested":2,"item_purchase_floors":[2,8],"current_hp_per_floor":[65,65,68,68,67,67,51,51,51,51,20,40,19,19,39,25],"gold":234,"neow_bonus":"RANDOM_COLORLESS_2","is_prod":false,"is_daily":false,"chose_seed":false,"campfire_upgraded":2,"win_rate":0,"timestamp":1539967346,"path_taken":["M","$","M","?","?","R","E","$","T","R","E","R","M","?","R","BOSS"],"build_version":"2018-10-18","purchased_purges":0,"victory":false,"max_hp_per_floor":[68,68,68,68,68,68,68,68,68,68,68,68,68,68,68,68],"card_choices":[{"not_picked":["Flex","Clothesline"],"picked":"Twin Strike","floor":1.0},{"not_picked":["Clash","Pommel Strike"],"picked":"Shrug It Off","floor":3.0},{"not_picked":["Whirlwind","True Grit"],"picked":"Inflame","floor":5.0},{"not_picked":["Cleave","Perfected Strike"],"picked":"Disarm","floor":7.0},{"not_picked":["Burning Pact+1","Infernal Blade+1"],"picked":"Impervious+1","floor":11.0},{"not_picked":["Twin Strike","Entrench+1"],"picked":"True Grit+1","floor":12.0},{"not_picked":["Heavy Blade","Body Slam"],"picked":"Shrug It Off+1","floor":13.0},{"not_picked":["Carnage","Battle Trance+1"],"picked":"Flame Barrier+1","floor":15.0}],"player_experience":451666,"relics_obtained":[{"floor":7.0,"key":"Dream Catcher"},{"floor":9.0,"key":"Toxic Egg 2"},{"floor":11.0,"key":"Orichalcum"}],"event_choices":[{"damage_healed":0.0,"max_hp_gain":0.0,"max_hp_loss":0.0,"gold_gain":0.0,"event_name":"FaceTrader","player_choice":"Trade","floor":4.0,"gold_loss":0.0,"damage_taken":0.0,"relics_obtained":["CultistMask"]},{"damage_healed":0.0,"max_hp_gain":0.0,"max_hp_loss":0.0,"gold_gain":72.0,"event_name":"Golden Wing","player_choice":"Gained Gold","floor":14.0,"gold_loss":0.0,"damage_taken":0.0}],"is_beta":false,"boss_relics":[],"items_purged_floors":[],"is_endless":false,"potions_floor_spawned":[13],"killed_by":"Slime Boss","ascension_level":19}