{"gold_per_floor":[18,93,112,129,147,147,158,249,274,274,424,439,452,5,5,5],"floor_reached":16,"playtime":439,"items_purged":["Doubt"],"score":174,"play_id":"043c8535-4e64-4d83-a527-fc17381d94f2","local_time":"20190630214039","is_ascension_mode":true,"campfire_choices":[{"data":"Bash","floor":6,"key":"SMITH"},{"data":"Metallicize","floor":10,"key":"SMITH"},{"data":"Feel No Pain","floor":15,"key":"SMITH"}],"neow_cost":"NO_GOLD","seed_source_timestamp":1114319166878999,"circlet_count":0,"master_deck":["AscendersBane","Strike_R","Strike_R","Strike_R","Defend_R","Defend_R","Defend_R+1","Defend_R","Bash+1","Headbutt","Flex+1","Metallicize+1","Dark Embrace","Iron Wave","Pommel Strike","Burning Pact","Feel No Pain+1","Limit Break","Panache"],"relics":["Burning Blood","Tiny Chest","War Paint"],"potions_floor_usage":[3,12,16],"damage_taken":[{"damage":4,"enemies":"Small Slimes","floor":1,"turns":4},{"damage":11,"enemies":"Jaw Worm","floor":3,"turns":5},{"damage":8,"enemies":"2 Louse","floor":4,"turns":3},{"damage":6,"enemies":"2 Fungi Beasts","floor":5,"turns":3},{"damage":4,"enemies":"Looter","floor":7,"turns":4},{"damage":28,"enemies":"Gremlin Nob","floor":8,"turns":4},{"damage":18,"enemies":"Large Slime","floor":12,"turns":6},{"damage":13,"enemies":"Red Slaver","floor":13,"turns":5},{"damage":29,"enemies":"Slime Boss","floor":16,"turns":6}],"seed_played":"-5256231455563502291","potions_obtained":[{"floor":1,"key":"Regen Potion"},{"floor":8,"key":"Poison Potion"},{"floor":13,"key":"LiquidBronze"}],"is_trial":false,"path_per_floor":["M","?","M","M","M","R","M","?","T","R","?","M","M","$","R","B"],"character_chosen":"IRONCLAD","items_purchased":["Feel No Pain","Limit Break","Panache"],"campfire_rested":0,"item_purchase_floors":[14,14,14],"current_hp_per_floor":[70,59,68,66,66,66,68,46,46,46,46,34,27,27,27,0],"gold":5,"neow_bonus":"REMOVE_TWO","is_prod":false,"is_daily":false,"chose_seed":false,"campfire_upgraded":3,"win_rate":0,"timestamp":1561923639,"path_taken":["M","?","M","M","M","R","M","?","T","R","?","M","M","$","R","BOSS"],"build_version":"2019-01-23","purchased_purges":1,"victory":false,"max_hp_per_floor":[75,75,75,75,75,75,75,75,75,75,75,75,75,75,75,75],"card_choices":[{"not_picked":["Havoc","Sentinel","Cleave"],"picked":"SKIP","floor":1},{"not_picked":["Seeing Red","Intimidate"],"picked":"Headbutt","floor":3},{"not_picked":["Rage","Cleave"],"picked":"Flex","floor":4},{"not_picked":["Twin Strike","Wild Strike"],"picked":"Metallicize","floor":5},{"not_picked":["Warcry","Evolve"],"picked":"Dark Embrace","floor":7},{"not_picked":["Bloodletting","Havoc"],"picked":"Iron Wave","floor":8},{"not_picked":["Headbutt","Sword Boomerang"],"picked":"Pommel Strike","floor":12},{"not_picked":["Hemokinesis","Thunderclap"],"picked":"Burning Pact","floor":13}],"player_experience":1527938,"relics_obtained":[{"floor":9,"key":"War Paint"}],"event_choices":[{"damage_healed":0,"gold_gain":75,"player_choice":"Gather Gold","damage_taken":11,"max_hp_gain":0,"max_hp_loss":0,"event_name":"World of Goop","floor":2,"gold_loss":0},{"damage_healed":0,"gold_gain":0,"player_choice":"Searched \u00272\u0027 times","damage_taken":0,"relics_obtained":["Tiny Chest"],"max_hp_gain":0,"max_hp_loss":0,"event_name":"Dead Adventurer","floor":8,"gold_loss":0},{"damage_healed":0,"gold_gain":150,"player_choice":"AGREE","damage_taken":0,"max_hp_gain":0,"max_hp_loss":0,"event_name":"Liars Game","floor":11,"gold_loss":0,"cards_obtained":["Doubt"]}],"is_beta":false,"boss_relics":[],"items_purged_floors":[14],"is_endless":false,"potions_floor_spawned":[1,8,13],"killed_by":"Slime Boss","ascension_level":17}