{"gold_per_floor":[113,113,174,188,27,27,53,103,129,203,63,94,113,144,144,220,220,236,300,350,400,468,495,545],"floor_reached":24,"playtime":983,"items_purged":[],"score":472,"play_id":"f4e8ee91-d1df-4af9-ac7a-a208e35e6832","local_time":"20181112223731","is_ascension_mode":true,"campfire_choices":[{"data":"Rupture","floor":6,"key":"SMITH"},{"data":"Apotheosis","floor":15,"key":"SMITH"}],"neow_cost":"NONE","seed_source_timestamp":2437007139845771,"circlet_count":0,"master_deck":["AscendersBane","Strike_R","Strike_R","Strike_R","Strike_R","Strike_R","Defend_R","Defend_R","Defend_R","Defend_R","Combust","Shrug It Off","Second Wind","Rupture+1","Sword Boomerang","Anger","Pommel Strike","Carnage","Apotheosis+1","Iron Wave","Shrug It Off","Flame Barrier","Feed","Twin Strike","Heavy Blade","Writhe","Havoc+1","Armaments"],"relics":["Burning Blood","NeowsBlessing","SsserpentHead","PreservedInsect","MawBank","Incense Burner","Anchor","Lizard Tail","Letter Opener","Peace Pipe"],"potions_floor_usage":[13,14,18,18,22,22],"damage_taken":[{"damage":0,"enemies":"Small Slimes","floor":1,"turns":1},{"damage":0,"enemies":"Cultist","floor":3,"turns":1},{"damage":0,"enemies":"2 Louse","floor":4,"turns":1},{"damage":25,"enemies":"3 Sentries","floor":7,"turns":7},{"damage":14,"enemies":"Lots of Slimes","floor":10,"turns":2},{"damage":4,"enemies":"Gremlin Nob","floor":12,"turns":3},{"damage":20,"enemies":"Gremlin Gang","floor":13,"turns":4},{"damage":13,"enemies":"Lagavulin","floor":14,"turns":6},{"damage":23,"enemies":"The Guardian","floor":16,"turns":9},{"damage":8,"enemies":"2 Thieves","floor":18,"turns":3},{"damage":34,"enemies":"Spheric Guardian","floor":19,"turns":7},{"damage":39,"enemies":"Cultist and Chosen","floor":22,"turns":8},{"damage":35,"enemies":"Slavers","floor":23,"turns":5},{"damage":14,"enemies":"Centurion and Healer","floor":24,"turns":3}],"seed_played":"1411209032101193504","potions_obtained":[{"floor":10,"key":"Energy Potion"},{"floor":12,"key":"Regen Potion"},{"floor":14,"key":"Fire Potion"},{"floor":16,"key":"AttackPotion"},{"floor":18,"key":"Explosive Potion"},{"floor":19,"key":"PowerPotion"},{"floor":21,"key":"Fire Potion"}],"is_trial":false,"path_per_floor":["M","?","M","M","$","R","E","?","T","M","$","E","M","E","R","B",null,"M","M","?","?","M","E","M"],"character_chosen":"IRONCLAD","items_purchased":["Rupture","Sword Boomerang","Anger","Apotheosis"],"campfire_rested":0,"item_purchase_floors":[5,5,5,11],"current_hp_per_floor":[74,74,75,75,75,75,56,56,56,48,48,50,36,43,43,26,63,65,37,37,37,43,14,0],"gold":545,"neow_bonus":"THREE_ENEMY_KILL","is_prod":false,"is_daily":false,"chose_seed":false,"campfire_upgraded":2,"win_rate":0,"timestamp":1542058651,"path_taken":["M","?","?","M","$","R","E","?","T","?","?","E","M","E","R","BOSS","M","?","?","?","?","E","?"],"build_version":"2018-11-08","purchased_purges":0,"victory":false,"max_hp_per_floor":[75,75,75,75,75,75,75,75,75,75,75,75,75,75,75,75,75,79,79,79,79,79,79,79],"card_choices":[{"not_picked":["Flex","Warcry"],"picked":"Combust","floor":1},{"not_picked":["Perfected Strike","Clash"],"picked":"Shrug It Off","floor":3},{"not_picked":["Heavy Blade","Berserk"],"picked":"Second Wind","floor":4},{"not_picked":["Feel No Pain","Spot Weakness"],"picked":"Pommel Strike","floor":7},{"not_picked":["Flex","Rage"],"picked":"Carnage","floor":10},{"not_picked":["Flex","Hemokinesis"],"picked":"Iron Wave","floor":12},{"not_picked":["Rage","Headbutt"],"picked":"Shrug It Off","floor":13},{"not_picked":["Clothesline","Thunderclap"],"picked":"Flame Barrier","floor":14},{"not_picked":["Double Tap","Impervious"],"picked":"Feed","floor":16},{"not_picked":["Perfected Strike","Disarm"],"picked":"Twin Strike","floor":18},{"not_picked":["Wild Strike","Thunderclap"],"picked":"Heavy Blade","floor":19},{"not_picked":["Thunderclap","Second Wind"],"picked":"Havoc+1","floor":22},{"not_picked":["Perfected Strike","Cleave"],"picked":"Armaments","floor":23}],"player_experience":490639,"relics_obtained":[{"floor":7,"key":"PreservedInsect"},{"floor":9,"key":"MawBank"},{"floor":12,"key":"Incense Burner"},{"floor":14,"key":"Anchor"},{"floor":23,"key":"Peace Pipe"}],"event_choices":[{"damage_healed":0,"gold_gain":0,"player_choice":"Trade","damage_taken":0,"relics_obtained":["SsserpentHead"],"max_hp_gain":0,"max_hp_loss":0,"event_name":"FaceTrader","floor":2,"gold_loss":0},{"cards_removed":["Bash"],"damage_healed":0,"gold_gain":0,"player_choice":"Offered Basic","damage_taken":0,"max_hp_gain":0,"max_hp_loss":0,"event_name":"Bonfire Elementals","floor":8,"gold_loss":0},{"damage_healed":0,"gold_gain":0,"player_choice":"Opened","damage_taken":0,"relics_obtained":["Letter Opener"],"max_hp_gain":0,"max_hp_loss":0,"event_name":"The Mausoleum","floor":20,"gold_loss":0,"cards_obtained":["Writhe"]},{"damage_healed":0,"gold_gain":0,"player_choice":"Got Potions","damage_taken":0,"max_hp_gain":0,"max_hp_loss":0,"event_name":"Lab","floor":21,"gold_loss":0}],"is_beta":false,"boss_relics":[{"not_picked":["White Beast Statue","Coffee Dripper"],"picked":"Lizard Tail"}],"items_purged_floors":[],"is_endless":false,"potions_floor_spawned":[10,12,14,16,18,19],"killed_by":"Centurion and Healer","ascension_level":20}