{"gold_per_floor":[112,112,43,8,8,8,8,33,33,47,97,108,135,145,145,218,218,229,249,260,260,260],"floor_reached":22,"playtime":696,"items_purged":[],"score":340,"play_id":"982f4ca0-9b3c-4831-bb78-a70fd4ee440c","local_time":"20190519232201","is_ascension_mode":true,"campfire_choices":[{"data":"Zap","floor":6,"key":"SMITH"},{"floor":15,"key":"REST"}],"neow_cost":"NONE","seed_source_timestamp":518839028198600,"circlet_count":0,"master_deck":["AscendersBane","Strike_B+1","Defend_B","Defend_B","Zap+1","Dualcast+1","Conserve Battery+1","Rebound+1","Tempest+1","Ball Lightning","Defragment","Chaos","Genetic Algorithm","Go for the Eyes","Redo","Melter","Creative AI","Hologram","Streamline+1","Capacitor"],"relics":["Astrolabe","Sundial","Orichalcum","Centennial Puzzle","Cursed Key"],"potions_floor_usage":[12,13,20,22],"damage_taken":[{"damage":0,"enemies":"Jaw Worm","floor":1,"turns":3},{"damage":30,"enemies":"3 Sentries","floor":8,"turns":6},{"damage":0,"enemies":"2 Louse","floor":10,"turns":2},{"damage":0,"enemies":"Small Slimes","floor":12,"turns":2},{"damage":15,"enemies":"Lagavulin","floor":13,"turns":5},{"damage":6,"enemies":"Red Slaver","floor":14,"turns":3},{"damage":3,"enemies":"Slime Boss","floor":16,"turns":8},{"damage":0,"enemies":"Spheric Guardian","floor":18,"turns":1},{"damage":37,"enemies":"2 Thieves","floor":19,"turns":4},{"damage":20,"enemies":"Shelled Parasite and Fungi","floor":20,"turns":4},{"damage":4,"enemies":"3 Cultists","floor":22,"turns":2}],"seed_played":"5558778555974965519","potions_obtained":[{"floor":10,"key":"Explosive Potion"},{"floor":12,"key":"FearPotion"},{"floor":19,"key":"Fire Potion"},{"floor":20,"key":"EssenceOfSteel"}],"is_trial":false,"path_per_floor":["M","?","$","?","?","R","$","E","T","M","?","M","E","M","R","B",null,"M","M","M","?","M"],"character_chosen":"DEFECT","items_purchased":["Defragment"],"campfire_rested":1,"item_purchase_floors":[3],"current_hp_per_floor":[64,43,43,60,53,53,53,23,23,23,23,23,8,2,23,20,58,58,21,1,1,0],"gold":260,"neow_bonus":"BOSS_RELIC","is_prod":false,"is_daily":false,"chose_seed":false,"campfire_upgraded":1,"win_rate":0,"timestamp":1558300921,"path_taken":["M","?","$","?","?","R","$","E","T","M","?","M","E","M","R","BOSS","M","M","M","?","?"],"build_version":"2019-01-23","purchased_purges":0,"victory":false,"max_hp_per_floor":[71,71,71,71,71,71,71,71,71,71,71,71,71,71,71,71,71,71,71,71,71,71],"card_choices":[{"not_picked":["Leap","Blizzard"],"picked":"Ball Lightning","floor":1},{"not_picked":["Coolheaded","BootSequence"],"picked":"Chaos","floor":8},{"not_picked":["Turbo","Gash"],"picked":"Genetic Algorithm","floor":10},{"not_picked":["Barrage","Consume"],"picked":"Go for the Eyes","floor":12},{"not_picked":["Force Field","Machine Learning"],"picked":"Redo","floor":13},{"not_picked":["Beam Cell","Ball Lightning"],"picked":"Melter","floor":14},{"not_picked":["Buffer","Reboot"],"picked":"Creative AI","floor":16},{"not_picked":["Recycle","Compile Driver"],"picked":"Hologram","floor":18},{"not_picked":["Turbo+1","Go for the Eyes"],"picked":"Streamline+1","floor":19},{"not_picked":["White Noise+1","Storm"],"picked":"Capacitor","floor":20}],"player_experience":1154792,"relics_obtained":[{"floor":8,"key":"Sundial"},{"floor":9,"key":"Orichalcum"},{"floor":13,"key":"Centennial Puzzle"}],"event_choices":[{"damage_healed":0,"gold_gain":0,"player_choice":"Entered Light","damage_taken":21,"max_hp_gain":0,"max_hp_loss":0,"event_name":"Shining Light","floor":2,"gold_loss":0,"cards_upgraded":["Dualcast","Strike_B"]},{"damage_healed":17,"gold_gain":0,"player_choice":"Healed","damage_taken":0,"max_hp_gain":0,"max_hp_loss":0,"event_name":"The Cleric","floor":4,"gold_loss":35},{"cards_removed":["Strike_B"],"damage_healed":0,"gold_gain":0,"player_choice":"Card Removal","damage_taken":7,"max_hp_gain":0,"max_hp_loss":0,"event_name":"Golden Wing","floor":5,"gold_loss":0},{"damage_healed":0,"gold_gain":50,"player_choice":"Pray","damage_taken":0,"max_hp_gain":0,"max_hp_loss":0,"event_name":"Golden Shrine","floor":11,"gold_loss":0},{"cards_removed":["Defend_B"],"damage_healed":0,"gold_gain":0,"player_choice":"Purged","damage_taken":0,"max_hp_gain":0,"max_hp_loss":0,"event_name":"Purifier","floor":21,"gold_loss":0}],"is_beta":false,"boss_relics":[{"not_picked":["Velvet Choker","White Beast Statue"],"picked":"Cursed Key"}],"items_purged_floors":[],"is_endless":false,"potions_floor_spawned":[10,12,19,20],"killed_by":"3 Cultists","ascension_level":15}