{"gold_per_floor":[111,131,6,6,24,24,53,53,134,149,149,177,35,63,63,63],"floor_reached":16,"playtime":723,"items_purged":["Strike_B"],"score":236,"play_id":"3f1fa819-45ef-4d12-9245-106c2b58a07c","local_time":"20191007200142","is_ascension_mode":true,"campfire_choices":[{"data":"Sweeping Beam","floor":6,"key":"SMITH"},{"data":"Streamline","floor":8,"key":"SMITH"},{"data":"Zap","floor":11,"key":"SMITH"},{"floor":15,"key":"REST"}],"neow_cost":"NONE","seed_source_timestamp":323412809776900,"circlet_count":0,"master_deck":["AscendersBane","Strike_B","Strike_B","Strike_B","Defend_B","Defend_B","Defend_B","Defend_B","Zap+1","Dualcast","Defragment+1","Gash","Cold Snap","Sweeping Beam+1","Streamline+1","Gash","Rebound","Scrape","Go for the Eyes","Coolheaded"],"relics":["Cracked Core","NeowsBlessing","Ancient Tea Set","Symbiotic Virus","Shuriken","Prayer Wheel"],"potions_floor_usage":[12,12,16],"damage_taken":[{"damage":0,"enemies":"Cultist","floor":1,"turns":1},{"damage":0,"enemies":"Jaw Worm","floor":2,"turns":1},{"damage":0,"enemies":"Small Slimes","floor":5,"turns":1},{"damage":18,"enemies":"Lagavulin","floor":7,"turns":8},{"damage":0,"enemies":"Exordium Wildlife","floor":10,"turns":2},{"damage":10,"enemies":"3 Sentries","floor":12,"turns":5},{"damage":19,"enemies":"Lagavulin","floor":14,"turns":4},{"damage":44,"enemies":"The Guardian","floor":16,"turns":7}],"seed_played":"5502748611674307129","potions_obtained":[{"floor":1,"key":"AttackPotion"},{"floor":7,"key":"EssenceOfSteel"},{"floor":12,"key":"PowerPotion"}],"is_trial":false,"path_per_floor":["M","M","$","?","M","R","E","R","T","M","R","E","$","E","R","B"],"character_chosen":"DEFECT","items_purchased":["Cold Snap","Scrape","Go for the Eyes"],"campfire_rested":1,"item_purchase_floors":[3,13,13],"current_hp_per_floor":[64,64,64,64,64,64,46,46,46,46,46,36,36,17,38,0],"gold":63,"neow_bonus":"THREE_ENEMY_KILL","is_prod":false,"is_daily":false,"chose_seed":false,"campfire_upgraded":3,"win_rate":0,"timestamp":1570474902,"path_taken":["M","?","$","?","?","R","E","R","T","M","R","E","?","E","R","BOSS"],"build_version":"2019-07-17","purchased_purges":1,"victory":false,"max_hp_per_floor":[71,71,71,71,71,71,71,71,71,71,71,71,71,71,71,71],"card_choices":[{"not_picked":["Leap","Stack"],"picked":"Defragment","floor":1},{"not_picked":["Hologram","Turbo"],"picked":"Gash","floor":2},{"not_picked":["Buffer","Static Discharge"],"picked":"Sweeping Beam","floor":5},{"not_picked":["Steam","Melter"],"picked":"Streamline","floor":7},{"not_picked":["Tempest","Go for the Eyes"],"picked":"Gash","floor":10},{"not_picked":["Storm","Heatsinks"],"picked":"Rebound","floor":12},{"not_picked":["Cold Snap","Leap"],"picked":"Coolheaded","floor":14}],"player_experience":1214031,"relics_obtained":[{"floor":7,"key":"Ancient Tea Set"},{"floor":9,"key":"Symbiotic Virus"},{"floor":12,"key":"Shuriken"},{"floor":14,"key":"Prayer Wheel"}],"event_choices":[{"damage_healed":0,"gold_gain":0,"player_choice":"Upgraded","damage_taken":0,"max_hp_gain":0,"max_hp_loss":0,"event_name":"Upgrade Shrine","floor":4,"gold_loss":0,"cards_upgraded":["Defragment"]}],"is_beta":false,"boss_relics":[],"items_purged_floors":[3],"is_endless":false,"potions_floor_spawned":[1,7,12],"killed_by":"The Guardian","ascension_level":20}