{"gold_per_floor":[117,132,14,14,33,33,60,60,86,86,9,25,37,51,51,124,124,136,147,162,162,11,11,11,11,62,82,82,101,101,117,117,117],"floor_reached":33,"playtime":1206,"items_purged":["Decay","Strike_G"],"score":448,"play_id":"d7d2756e-2400-4226-8f54-526490f37594","local_time":"20190627203743","is_ascension_mode":true,"campfire_choices":[{"data":"Skewer","floor":6,"key":"SMITH"},{"data":"Neutralize","floor":8,"key":"SMITH"},{"data":"Dash","floor":10,"key":"SMITH"},{"data":"Noxious Fumes","floor":15,"key":"SMITH"},{"data":"Envenom","floor":23,"key":"SMITH"},{"floor":28,"key":"REST"},{"data":"Noxious Fumes","floor":30,"key":"SMITH"},{"floor":32,"key":"REST"}],"neow_cost":"CURSE","seed_source_timestamp":850567800654500,"circlet_count":0,"master_deck":["AscendersBane","Defend_G","Defend_G","Defend_G","Defend_G","Defend_G","Strike_G","Survivor","Neutralize+1","Phantasmal Killer","Dash+1","Backstab","Flying Knee","Skewer+1","Blade Dance","Leg Sweep","Backflip","Noxious Fumes+1","Crippling Poison+1","Flying Knee","Noxious Fumes+1","Envenom+1","Infinite Blades","Flechettes","Deadly Poison","PiercingWail","Writhe","Endless Agony","Noxious Fumes","Terror"],"relics":["Ring of the Snake","Ancient Tea Set","Anchor","Sozu","Vajra","Bag of Preparation"],"potions_floor_usage":[16,16,19],"damage_taken":[{"damage":2,"enemies":"Cultist","floor":1,"turns":5},{"damage":0,"enemies":"Small Slimes","floor":2,"turns":3},{"damage":0,"enemies":"Jaw Worm","floor":5,"turns":2},{"damage":20,"enemies":"Lagavulin","floor":7,"turns":6},{"damage":0,"enemies":"Exordium Thugs","floor":12,"turns":4},{"damage":8,"enemies":"3 Louse","floor":13,"turns":3},{"damage":4,"enemies":"Looter","floor":14,"turns":3},{"damage":14,"enemies":"Slime Boss","floor":16,"turns":9},{"damage":1,"enemies":"3 Byrds","floor":18,"turns":5},{"damage":20,"enemies":"Spheric Guardian","floor":19,"turns":6},{"damage":5,"enemies":"Centurion and Healer","floor":20,"turns":5},{"damage":15,"enemies":"Cultist and Chosen","floor":27,"turns":6},{"damage":2,"enemies":"Snecko","floor":29,"turns":5},{"damage":0,"enemies":"Centurion and Healer","floor":31,"turns":3},{"damage":63,"enemies":"Collector","floor":33,"turns":5}],"seed_played":"-1106380418455871524","potions_obtained":[{"floor":2,"key":"LiquidBronze"},{"floor":12,"key":"LiquidBronze"},{"floor":13,"key":"GhostInAJar"},{"floor":16,"key":"Block Potion"}],"is_trial":false,"path_per_floor":["M","M","$","?","M","R","E","R","T","R","$","M","M","M","R","B",null,"M","M","M","?","$","R","?","?","T","M","R","M","R","M","R","B"],"character_chosen":"THE_SILENT","items_purchased":["Skewer","Noxious Fumes","PiercingWail"],"campfire_rested":2,"item_purchase_floors":[3,11,22],"current_hp_per_floor":[57,57,57,57,57,57,37,37,37,37,37,37,29,25,25,11,52,51,31,26,26,26,26,26,26,26,11,30,28,28,28,47,0],"gold":117,"neow_bonus":"TRANSFORM_TWO_CARDS","is_prod":false,"is_daily":false,"chose_seed":false,"campfire_upgraded":6,"win_rate":0,"timestamp":1561660663,"path_taken":["M","M","?","?","M","R","E","R","T","R","$","?","M","M","R","BOSS","M","M","?","?","?","R","?","?","T","M","R","M","R","M","R","BOSS"],"build_version":"2019-01-23","purchased_purges":2,"victory":false,"max_hp_per_floor":[66,66,66,66,66,66,66,66,66,66,66,66,66,66,66,66,66,66,66,66,66,66,66,66,66,66,66,66,66,66,66,66,66],"card_choices":[{"not_picked":["Endless Agony","Distraction"],"picked":"Backstab","floor":1},{"not_picked":["PiercingWail","Masterful Stab"],"picked":"Flying Knee","floor":2},{"not_picked":["Quick Slash","Dagger Throw"],"picked":"Leg Sweep","floor":5},{"not_picked":["Blade Dance","Skewer"],"picked":"Backflip","floor":7},{"not_picked":["Dagger Throw","Blur"],"picked":"Crippling Poison","floor":12},{"not_picked":["Slice","Cloak And Dagger"],"picked":"Flying Knee","floor":13},{"not_picked":["Prepared","Accuracy"],"picked":"Noxious Fumes","floor":14},{"not_picked":["Tools of the Trade","Burst"],"picked":"Envenom","floor":16},{"not_picked":["Sucker Punch+1","Distraction"],"picked":"Infinite Blades","floor":18},{"not_picked":["Poisoned Stab","Distraction"],"picked":"Flechettes","floor":19},{"not_picked":["Calculated Gamble","Dash"],"picked":"Deadly Poison","floor":20},{"not_picked":["Quick Slash+1","Sucker Punch"],"picked":"Endless Agony","floor":27},{"not_picked":["Bane","Sucker Punch+1"],"picked":"Noxious Fumes","floor":29},{"not_picked":["Poisoned Stab","Bane"],"picked":"Terror","floor":31}],"player_experience":1506255,"relics_obtained":[{"floor":7,"key":"Ancient Tea Set"},{"floor":9,"key":"Anchor"},{"floor":26,"key":"Bag of Preparation"}],"event_choices":[{"damage_healed":0,"gold_gain":0,"cards_transformed":["Strike_G"],"player_choice":"Transformed","damage_taken":0,"max_hp_gain":0,"max_hp_loss":0,"event_name":"Transmorgrifier","floor":4,"gold_loss":0,"cards_obtained":["Blade Dance"]},{"damage_healed":0,"gold_gain":0,"player_choice":"Upgraded","damage_taken":0,"max_hp_gain":0,"max_hp_loss":0,"event_name":"Upgrade Shrine","floor":21,"gold_loss":0,"cards_upgraded":["Crippling Poison"]},{"damage_healed":0,"gold_gain":0,"player_choice":"Ignored","damage_taken":0,"max_hp_gain":0,"max_hp_loss":0,"event_name":"Beggar","floor":24,"gold_loss":0},{"damage_healed":0,"gold_gain":0,"player_choice":"Opened","damage_taken":0,"relics_obtained":["Vajra"],"max_hp_gain":0,"max_hp_loss":0,"event_name":"The Mausoleum","floor":25,"gold_loss":0,"cards_obtained":["Writhe"]}],"is_beta":false,"boss_relics":[{"not_picked":["Calling Bell","Velvet Choker"],"picked":"Sozu"}],"items_purged_floors":[3,22],"is_endless":false,"potions_floor_spawned":[2,12,13,16,18,27],"killed_by":"Collector","ascension_level":16}