{"gold_per_floor":[99,99,99,99,99,99,99,99,99,99,99,99,99,99,99,99,99,99,27,27,27,0,0,0,0,0,0,0,0,0,0,0,0,0,0,0,0,0,0,0,0,0,0,0],"floor_reached":44,"playtime":2760,"items_purged":[],"score":862,"play_id":"ff1c6622-97be-4894-ab77-5d6addf8b800","local_time":"20190623205819","is_ascension_mode":true,"campfire_choices":[{"floor":7.0,"key":"REST"},{"floor":15.0,"key":"REST"},{"data":"Noxious Fumes","floor":23.0,"key":"SMITH"},{"floor":30.0,"key":"REST"},{"floor":32.0,"key":"REST"},{"floor":41,"key":"REST"}],"neow_cost":"NONE","seed_source_timestamp":0,"circlet_count":0,"master_deck":["AscendersBane","Defend_G","Defend_G","Defend_G","Defend_G","Defend_G","Strike_G","Strike_G","Strike_G","Survivor","Neutralize","Flechettes","Bane","Noxious Fumes+1","Choke","Well Laid Plans","Endless Agony","PiercingWail","Blade Dance","Envenom","Quick Slash+1","Footwork","Cloak And Dagger","Neutralize","PiercingWail","Dash","Deadly Poison","Normality","Die Die Die","Dagger Throw","Acrobatics+1","Glass Knife","A Thousand Cuts","Poisoned Stab","Calculated Gamble+1"],"special_seed":0,"relics":["Ectoplasm","Dead Branch","Bottled Flame","Tiny Chest","Mummified Hand","Bronze Scales","Cursed Key","Dodecahedron","Darkstone Periapt","Empty Cage","Potion Belt"],"potions_floor_usage":[40,42],"damage_taken":[{"damage":0.0,"enemies":"Cultist","floor":1.0,"turns":5.0},{"damage":0.0,"enemies":"2 Louse","floor":2.0,"turns":3.0},{"damage":11.0,"enemies":"Jaw Worm","floor":5.0,"turns":4.0},{"damage":22.0,"enemies":"3 Sentries","floor":6.0,"turns":7.0},{"damage":12.0,"enemies":"Lagavulin","floor":8.0,"turns":7.0},{"damage":0.0,"enemies":"Large Slime","floor":10.0,"turns":5.0},{"damage":12.0,"enemies":"Gremlin Nob","floor":12.0,"turns":3.0},{"damage":5.0,"enemies":"Gremlin Gang","floor":14.0,"turns":3.0},{"damage":25.0,"enemies":"The Guardian","floor":16.0,"turns":10.0},{"damage":0.0,"enemies":"Chosen","floor":18.0,"turns":4.0},{"damage":9.0,"enemies":"2 Thieves","floor":22.0,"turns":3.0},{"damage":12.0,"enemies":"Snake Plant","floor":24.0,"turns":4.0},{"damage":0.0,"enemies":"Centurion and Healer","floor":25.0,"turns":6.0},{"damage":16.0,"enemies":"Gremlin Leader","floor":27.0,"turns":8.0},{"damage":0.0,"enemies":"Cultist and Chosen","floor":29.0,"turns":4.0},{"damage":6.0,"enemies":"Sentry and Sphere","floor":31.0,"turns":5.0},{"damage":21.0,"enemies":"Collector","floor":33.0,"turns":9.0},{"damage":27,"enemies":"3 Darklings","floor":35,"turns":5},{"damage":0,"enemies":"Orb Walker","floor":38,"turns":1},{"damage":20,"enemies":"Nemesis","floor":40,"turns":7},{"damage":31,"enemies":"3 Darklings","floor":42,"turns":5},{"damage":16,"enemies":"Jaw Worm Horde","floor":44,"turns":1}],"seed_played":"-8711606166713999489","potions_obtained":[{"floor":1.0,"key":"FearPotion"},{"floor":8.0,"key":"Swift Potion"},{"floor":10.0,"key":"GhostInAJar"},{"floor":12.0,"key":"Dexterity Potion"},{"floor":24.0,"key":"GamblersBrew"},{"floor":31.0,"key":"Regen Potion"},{"floor":33.0,"key":"SteroidPotion"}],"is_trial":false,"path_per_floor":["M","M","?","T","M","E","R","E","T","M","$","E","?","M","R","B",null,"M","$","?","?","M","R","M","M","T","E","T","M","R","M","R","B",null,"M","$","?","M","?","E","R","M","T","M"],"character_chosen":"THE_SILENT","items_purchased":["Footwork"],"campfire_rested":5,"item_purchase_floors":[19],"current_hp_per_floor":[59,59,59,59,48,26,45,33,33,33,33,21,21,16,35,10,52,52,52,52,52,43,43,31,31,31,15,15,15,34,28,47,41,60,33,33,33,33,33,13,32,1,1,0],"gold":0,"neow_bonus":"BOSS_RELIC","is_prod":false,"is_daily":false,"chose_seed":false,"campfire_upgraded":1,"win_rate":0,"timestamp":1561319899,"path_taken":["M","?","?","?","M","E","R","E","T","M","$","E","?","?","R","BOSS","M","?","?","?","M","R","?","M","T","E","?","M","R","M","R","BOSS","M","$","?","M","?","E","R","M","T","M"],"build_version":"2019-01-23","purchased_purges":0,"victory":false,"max_hp_per_floor":[66,66,66,66,66,66,66,66,66,66,66,66,66,66,66,66,66,66,66,66,66,66,66,66,66,66,66,66,66,66,66,66,66,66,66,66,66,66,66,66,66,66,66,66],"card_choices":[{"not_picked":["Outmaneuver","Prepared"],"picked":"Flechettes","floor":1.0},{"not_picked":["Dagger Throw","Slice"],"picked":"Bane","floor":2.0},{"not_picked":["Accuracy","Prepared"],"picked":"Noxious Fumes","floor":5.0},{"not_picked":["Leg Sweep","Underhanded Strike"],"picked":"Choke","floor":6.0},{"not_picked":["Deflect","Slice"],"picked":"Well Laid Plans","floor":8.0},{"not_picked":["Escape Plan","Backflip"],"picked":"Endless Agony","floor":10.0},{"not_picked":["Poisoned Stab","Deadly Poison"],"picked":"PiercingWail","floor":12.0},{"not_picked":["Backflip","Expertise"],"picked":"Blade Dance","floor":14.0},{"not_picked":["Unload","Burst"],"picked":"Envenom","floor":16.0},{"not_picked":["Backstab","Dagger Throw"],"picked":"Quick Slash+1","floor":18.0},{"not_picked":["Backstab","Deflect"],"picked":"PiercingWail","floor":22.0},{"not_picked":["Dagger Spray","Heel Hook"],"picked":"Dash","floor":24.0},{"not_picked":["Sucker Punch","Setup"],"picked":"Deadly Poison","floor":25.0},{"not_picked":["Backstab","Poisoned Stab"],"picked":"Die Die Die","floor":27.0},{"not_picked":["Underhanded Strike","Deflect"],"picked":"Dagger Throw","floor":29.0},{"not_picked":["Bouncing Flask","PiercingWail"],"picked":"Acrobatics+1","floor":31.0},{"not_picked":["Grand Finale","Venomology"],"picked":"Glass Knife","floor":33.0},{"not_picked":["Slice","All Out Attack+1","Setup"],"picked":"SKIP","floor":35},{"not_picked":["Slice","Skewer","Masterful Stab"],"picked":"SKIP","floor":38},{"not_picked":["Outmaneuver","Dagger Throw"],"picked":"Poisoned Stab","floor":40},{"not_picked":["Dagger Spray","Quick Slash"],"picked":"Calculated Gamble+1","floor":42}],"player_experience":1100148,"relics_obtained":[{"floor":4.0,"key":"Dead Branch"},{"floor":6.0,"key":"Bottled Flame"},{"floor":8.0,"key":"Tiny Chest"},{"floor":9.0,"key":"Mummified Hand"},{"floor":12.0,"key":"Bronze Scales"},{"floor":26.0,"key":"Dodecahedron"},{"floor":27.0,"key":"Darkstone Periapt"},{"floor":40,"key":"Potion Belt"}],"event_choices":[{"damage_healed":0.0,"max_hp_gain":0.0,"max_hp_loss":0.0,"gold_gain":0.0,"event_name":"Liars Game","player_choice":"Ignored","floor":3.0,"gold_loss":0.0,"damage_taken":0.0},{"damage_healed":0.0,"max_hp_gain":0.0,"max_hp_loss":0.0,"gold_gain":0.0,"event_name":"Lab","player_choice":"Got Potions","floor":13.0,"gold_loss":0.0,"damage_taken":0.0},{"damage_healed":0.0,"max_hp_gain":0.0,"max_hp_loss":0.0,"gold_gain":0.0,"event_name":"Ghosts","player_choice":"Ignored","floor":20.0,"gold_loss":0.0,"damage_taken":0.0},{"damage_healed":0.0,"max_hp_gain":0.0,"max_hp_loss":0.0,"gold_gain":0.0,"event_name":"Match and Keep!","player_choice":"2 cards matched","floor":21.0,"gold_loss":0.0,"damage_taken":0.0,"cards_obtained":["Cloak And Dagger","Neutralize"]},{"damage_healed":0,"gold_gain":0,"player_choice":"Ignored","damage_taken":0,"max_hp_gain":0,"max_hp_loss":0,"event_name":"Mysterious Sphere","floor":37,"gold_loss":0},{"damage_healed":0,"gold_gain":0,"player_choice":"1 cards matched","damage_taken":0,"max_hp_gain":0,"max_hp_loss":0,"event_name":"Match and Keep!","floor":39,"gold_loss":0,"cards_obtained":["A Thousand Cuts"]}],"is_beta":false,"boss_relics":[{"not_picked":["Runic Dome","Orrery"],"picked":"Cursed Key"},{"not_picked":["WristBlade","Velvet Choker"],"picked":"Empty Cage"}],"items_purged_floors":[],"is_endless":false,"potions_floor_spawned":[1,8,10,12,24,31,33],"killed_by":"Jaw Worm Horde","ascension_level":15}