{"gold_per_floor":[113,25,25,25,43,43,53,88,88,88,34,51,51,16,16,114,114,128,38,53,53,64,64,78,3,3,29,29,40,40,40,40,40],"floor_reached":33,"playtime":1416,"items_purged":["Strike_G"],"score":355,"play_id":"0fd837ca-08db-4d2a-9dee-3096ce8219ba","local_time":"20190927033555","is_ascension_mode":true,"campfire_choices":[{"data":"Neutralize","floor":6.0,"key":"SMITH"},{"data":"Noxious Fumes","floor":10.0,"key":"SMITH"},{"floor":15.0,"key":"REST"},{"data":"Dagger Spray","floor":23,"key":"SMITH"},{"data":"Burst","floor":28,"key":"SMITH"},{"floor":32,"key":"REST"}],"neow_cost":"NONE","seed_source_timestamp":752952047661990,"circlet_count":0,"master_deck":["Strike_G","Defend_G","Defend_G","Defend_G","Defend_G","Defend_G","Survivor","Neutralize+1","Dagger Spray+1","Caltrops","Dash+1","Noxious Fumes+1","Backflip","Well Laid Plans","Burst+1","Backflip","Bouncing Flask","Backstab+1","Decay","Footwork"],"special_seed":0,"relics":["Ring of the Snake","Shovel","Snake Skull","Calipers","Sozu","Bottled Flame","Torii"],"potions_floor_usage":[33],"damage_taken":[{"damage":0.0,"enemies":"2 Louse","floor":1.0,"turns":4.0},{"damage":2.0,"enemies":"Jaw Worm","floor":5.0,"turns":5.0},{"damage":1.0,"enemies":"Small Slimes","floor":7.0,"turns":3.0},{"damage":30.0,"enemies":"Lagavulin","floor":8.0,"turns":10.0},{"damage":0.0,"enemies":"Looter","floor":12.0,"turns":4.0},{"damage":36.0,"enemies":"Slime Boss","floor":16.0,"turns":10.0},{"damage":7.0,"enemies":"Chosen","floor":18.0,"turns":5.0},{"damage":7,"enemies":"3 Byrds","floor":20,"turns":6},{"damage":7,"enemies":"3 Cultists","floor":22,"turns":6},{"damage":7,"enemies":"Cultist and Chosen","floor":24,"turns":7},{"damage":11,"enemies":"Book of Stabbing","floor":27,"turns":4},{"damage":7,"enemies":"Centurion and Healer","floor":29,"turns":4},{"damage":36,"enemies":"Champ","floor":33,"turns":10}],"seed_played":"4844631904656632501","potions_obtained":[{"floor":12.0,"key":"Block Potion"},{"floor":16.0,"key":"GamblersBrew"}],"is_trial":false,"path_per_floor":["M","$","?","?","M","R","M","E","T","R","$","M","?","$","R","B",null,"M","?","M","?","M","R","M","$","T","E","R","M","?","?","R","B"],"character_chosen":"THE_SILENT","items_purchased":["Dagger Spray","Caltrops","Backflip","Well Laid Plans"],"campfire_rested":2,"item_purchase_floors":[2,2,11,14],"current_hp_per_floor":[63,63,63,51,49,49,48,18,18,18,18,18,18,18,39,3,53,46,46,39,39,32,32,25,25,25,14,14,7,7,7,28,0],"gold":40,"neow_bonus":"REMOVE_CARD","is_prod":false,"is_daily":false,"chose_seed":false,"campfire_upgraded":4,"win_rate":0,"timestamp":1569580555,"path_taken":["M","$","?","?","M","R","M","E","T","R","?","M","?","?","R","BOSS","M","?","?","?","M","R","M","$","T","E","R","M","?","?","R","BOSS"],"build_version":"2019-07-17","purchased_purges":1,"victory":false,"max_hp_per_floor":[70,70,70,70,70,70,70,70,70,70,70,70,70,70,70,70,70,70,70,70,70,70,70,70,70,70,70,70,70,70,70,70,70],"card_choices":[{"not_picked":["Slice","Dagger Throw","Skewer"],"picked":"SKIP","floor":5.0},{"not_picked":["Blade Dance","Outmaneuver"],"picked":"Dash","floor":7.0},{"not_picked":["Backstab","Backflip"],"picked":"Noxious Fumes","floor":8.0},{"not_picked":["Blade Dance","Dagger Throw","Poisoned Stab"],"picked":"SKIP","floor":12.0},{"not_picked":["A Thousand Cuts","Corpse Explosion"],"picked":"Burst","floor":16.0},{"not_picked":["Riddle With Holes","Dagger Spray","Bane"],"picked":"SKIP","floor":18},{"not_picked":["Distraction","Outmaneuver"],"picked":"Backflip","floor":20},{"not_picked":["Flechettes","Well Laid Plans+1","Finisher"],"picked":"SKIP","floor":22},{"not_picked":["Acrobatics","Predator"],"picked":"Bouncing Flask","floor":24},{"not_picked":["Envenom","Masterful Stab","Prepared"],"picked":"SKIP","floor":27},{"not_picked":["Deflect","PiercingWail+1"],"picked":"Backstab+1","floor":29}],"player_experience":255531,"relics_obtained":[{"floor":8.0,"key":"Snake Skull"},{"floor":9.0,"key":"Calipers"},{"floor":26,"key":"Bottled Flame"},{"floor":27,"key":"Torii"}],"event_choices":[{"damage_healed":0.0,"max_hp_gain":0.0,"max_hp_loss":0.0,"gold_gain":0.0,"event_name":"Shining Light","player_choice":"Ignored","floor":3.0,"gold_loss":0.0,"damage_taken":0.0},{"damage_healed":0.0,"max_hp_gain":0.0,"max_hp_loss":0.0,"gold_gain":0.0,"event_name":"Scrap Ooze","player_choice":"Success","floor":4.0,"gold_loss":0.0,"damage_taken":12.0,"relics_obtained":["Shovel"]},{"damage_healed":0.0,"max_hp_gain":0.0,"max_hp_loss":0.0,"gold_gain":0.0,"event_name":"Liars Game","player_choice":"Ignored","floor":13.0,"gold_loss":0.0,"damage_taken":0.0},{"cards_removed":["Strike_G"],"damage_healed":0,"gold_gain":0,"player_choice":"Upgrade and Remove","damage_taken":0,"max_hp_gain":0,"max_hp_loss":0,"event_name":"Designer","floor":19,"gold_loss":90,"cards_upgraded":["Dash"]},{"cards_removed":["Strike_G"],"damage_healed":0,"gold_gain":0,"player_choice":"Elegance","damage_taken":0,"max_hp_gain":0,"max_hp_loss":0,"event_name":"Back to Basics","floor":21,"gold_loss":0},{"damage_healed":0,"gold_gain":0,"player_choice":"Smashed Altar","damage_taken":0,"max_hp_gain":0,"max_hp_loss":0,"event_name":"Forgotten Altar","floor":30,"gold_loss":0,"cards_obtained":["Decay"]},{"damage_healed":0,"gold_gain":0,"player_choice":"Read","damage_taken":0,"max_hp_gain":0,"max_hp_loss":0,"event_name":"The Library","floor":31,"gold_loss":0,"cards_obtained":["Footwork"]}],"is_beta":false,"boss_relics":[{"not_picked":["Cursed Key","Runic Pyramid"],"picked":"Sozu"}],"items_purged_floors":[25],"is_endless":false,"potions_floor_spawned":[12,16,24,27,29],"killed_by":"Champ","ascension_level":7}