{"gold_per_floor":[109,259,276,290,305,305,336,355,380,380,399,418,430,430,430,501,501,514,525,525,542,542],"floor_reached":22,"playtime":810,"items_purged":[],"score":336,"play_id":"439e58f4-f88e-43c6-a472-98c4683d1460","local_time":"20190515201406","is_ascension_mode":true,"campfire_choices":[{"data":"Zap","floor":6,"key":"SMITH"},{"floor":10,"key":"REST"},{"data":"Fission","floor":15,"key":"SMITH"}],"neow_cost":"PERCENT_DAMAGE","seed_source_timestamp":161841201155200,"circlet_count":0,"master_deck":["AscendersBane","Strike_B+1","Strike_B+1","Strike_B+1","Strike_B+1","Defend_B+1","Defend_B+1","Defend_B+1","Defend_B+1","Zap+1","Dualcast","Conserve Battery","Doubt","Hologram","Ball Lightning","Cold Snap","Defragment","Biased Cognition","Conserve Battery","Fission+1","Coolheaded","Echo Form","Leap","Go for the Eyes","Defragment"],"relics":["Cracked Core","Vajra","Boot","GremlinMask","Inserter"],"potions_floor_usage":[7,11,16,22],"damage_taken":[{"damage":9,"enemies":"Jaw Worm","floor":1,"turns":4},{"damage":4,"enemies":"Small Slimes","floor":3,"turns":5},{"damage":0,"enemies":"Cultist","floor":4,"turns":4},{"damage":4,"enemies":"Looter","floor":5,"turns":3},{"damage":25,"enemies":"Gremlin Nob","floor":7,"turns":5},{"damage":6,"enemies":"2 Fungi Beasts","floor":8,"turns":3},{"damage":8,"enemies":"Exordium Wildlife","floor":11,"turns":3},{"damage":6,"enemies":"Looter","floor":12,"turns":3},{"damage":1,"enemies":"Blue Slaver","floor":13,"turns":3},{"damage":21,"enemies":"The Guardian","floor":16,"turns":11},{"damage":24,"enemies":"2 Thieves","floor":18,"turns":4},{"damage":12,"enemies":"Spheric Guardian","floor":19,"turns":4},{"damage":12,"enemies":"Chosen and Byrds","floor":21,"turns":6},{"damage":27,"enemies":"Colosseum Slavers","floor":22,"turns":1}],"seed_played":"1739253445577444527","potions_obtained":[{"floor":4,"key":"Block Potion"},{"floor":5,"key":"Weak Potion"},{"floor":8,"key":"FocusPotion"},{"floor":16,"key":"PowerPotion"}],"is_trial":false,"path_per_floor":["M","?","M","M","M","R","E","M","T","R","M","M","M","?","R","B",null,"M","M","?","M","?"],"character_chosen":"DEFECT","items_purchased":[],"campfire_rested":1,"item_purchase_floors":[],"current_hp_per_floor":[51,51,47,47,43,43,18,12,12,37,29,23,22,22,22,1,64,40,28,28,16,0],"gold":542,"neow_bonus":"TWENTY_PERCENT_HP_BONUS","is_prod":false,"is_daily":false,"chose_seed":false,"campfire_upgraded":2,"win_rate":0,"timestamp":1557944046,"path_taken":["M","?","M","M","M","R","E","M","T","R","M","M","M","?","R","BOSS","M","?","?","M","?"],"build_version":"2019-01-23","purchased_purges":0,"victory":false,"max_hp_per_floor":[85,85,85,85,85,85,85,85,85,85,85,85,85,85,85,85,85,85,85,85,85,85],"card_choices":[{"not_picked":["Go for the Eyes","Stack"],"picked":"Conserve Battery","floor":1},{"not_picked":["Rebound","Gash"],"picked":"Hologram","floor":3},{"not_picked":["Gash","Turbo"],"picked":"Ball Lightning","floor":4},{"not_picked":["FTL","Compile Driver"],"picked":"Cold Snap","floor":5},{"not_picked":["Coolheaded","Streamline"],"picked":"Defragment","floor":7},{"not_picked":["Coolheaded","Compile Driver"],"picked":"Biased Cognition","floor":8},{"not_picked":["Stack","Streamline"],"picked":"Conserve Battery","floor":11},{"not_picked":["Cold Snap","Redo"],"picked":"Fission","floor":12},{"not_picked":["Static Discharge","Ball Lightning"],"picked":"Coolheaded","floor":13},{"not_picked":["Creative AI","Biased Cognition"],"picked":"Echo Form","floor":16},{"not_picked":["Streamline","Compile Driver"],"picked":"Leap","floor":18},{"not_picked":["Rebound","Ball Lightning"],"picked":"Go for the Eyes","floor":19},{"not_picked":["Rip and Tear","Steam"],"picked":"Defragment","floor":21}],"player_experience":1097962,"relics_obtained":[{"floor":7,"key":"Vajra"},{"floor":9,"key":"Boot"}],"event_choices":[{"damage_healed":0,"gold_gain":150,"player_choice":"AGREE","damage_taken":0,"max_hp_gain":0,"max_hp_loss":0,"event_name":"Liars Game","floor":2,"gold_loss":0,"cards_obtained":["Doubt"]},{"damage_healed":0,"gold_gain":0,"player_choice":"Trade","damage_taken":0,"relics_obtained":["GremlinMask"],"max_hp_gain":0,"max_hp_loss":0,"event_name":"FaceTrader","floor":14,"gold_loss":0},{"damage_healed":0,"gold_gain":0,"player_choice":"Simplicity","damage_taken":0,"max_hp_gain":0,"max_hp_loss":0,"event_name":"Back to Basics","floor":20,"gold_loss":0,"cards_upgraded":["Strike_B","Strike_B","Strike_B","Strike_B","Defend_B","Defend_B","Defend_B","Defend_B"]},{"damage_healed":0,"gold_gain":0,"player_choice":"Fight","damage_taken":0,"max_hp_gain":0,"max_hp_loss":0,"event_name":"Colosseum","floor":22,"gold_loss":0}],"is_beta":false,"boss_relics":[{"not_picked":["Tiny House","Fusion Hammer"],"picked":"Inserter"}],"items_purged_floors":[],"is_endless":false,"potions_floor_spawned":[4,5,8,16],"killed_by":"Colosseum Slavers","ascension_level":15}