{"gold_per_floor":[110,130,143,158,171,171,185,195,195,195],"floor_reached":10,"playtime":791,"items_purged":[],"score":118,"play_id":"0e4e373d-91c4-42c7-855c-c27626f57343","local_time":"20190706152601","is_ascension_mode":true,"campfire_choices":[{"data":"Zap","floor":6,"key":"SMITH"}],"neow_cost":"NONE","seed_source_timestamp":21207179012200,"circlet_count":0,"master_deck":["AscendersBane","Strike_B","Strike_B","Strike_B","Strike_B","Defend_B","Defend_B","Defend_B","Defend_B","Zap+1","Dualcast","Darkness","Go for the Eyes","Conserve Battery","White Noise","Compile Driver","Loop","Steam Power"],"relics":["Cracked Core","Happy Flower","Cables"],"potions_floor_usage":[4],"damage_taken":[{"damage":2,"enemies":"Jaw Worm","floor":1,"turns":3},{"damage":1,"enemies":"Cultist","floor":2,"turns":3},{"damage":8,"enemies":"Small Slimes","floor":3,"turns":3},{"damage":1,"enemies":"3 Louse","floor":4,"turns":2},{"damage":24,"enemies":"Lots of Slimes","floor":5,"turns":5},{"damage":7,"enemies":"Exordium Wildlife","floor":7,"turns":4},{"damage":9,"enemies":"Blue Slaver","floor":8,"turns":4},{"damage":18,"enemies":"Lagavulin","floor":10,"turns":3}],"seed_played":"9059922626653057447","potions_obtained":[{"floor":2,"key":"Energy Potion"},{"floor":3,"key":"AttackPotion"},{"floor":7,"key":"LiquidBronze"}],"is_trial":false,"path_per_floor":["M","M","M","M","M","R","M","M","T","E"],"character_chosen":"DEFECT","items_purchased":[],"campfire_rested":0,"item_purchase_floors":[],"current_hp_per_floor":[62,61,53,52,28,28,21,12,12,0],"gold":195,"neow_bonus":"RANDOM_COMMON_RELIC","is_prod":false,"is_daily":false,"chose_seed":false,"campfire_upgraded":1,"win_rate":0,"timestamp":1562419561,"path_taken":["M","M","M","M","M","R","M","M","T","E"],"build_version":"2019-07-05","purchased_purges":0,"victory":false,"max_hp_per_floor":[71,71,71,71,71,71,71,71,71,71],"card_choices":[{"not_picked":["Beam Cell","Heatsinks"],"picked":"Darkness","floor":1},{"not_picked":["Storm","Gash"],"picked":"Go for the Eyes","floor":2},{"not_picked":["Barrage","Consume"],"picked":"Conserve Battery","floor":3},{"not_picked":["Gash","Genetic Algorithm"],"picked":"White Noise","floor":4},{"not_picked":["Redo","Blizzard"],"picked":"Compile Driver","floor":5},{"not_picked":["Turbo","Compile Driver"],"picked":"Loop","floor":7},{"not_picked":["Streamline","Thunder Strike"],"picked":"Steam Power","floor":8}],"player_experience":1621349,"relics_obtained":[{"floor":9,"key":"Cables"}],"event_choices":[],"is_beta":false,"boss_relics":[],"items_purged_floors":[],"is_endless":false,"potions_floor_spawned":[2,3,7],"killed_by":"Lagavulin","ascension_level":17}