{"gold_per_floor":[113,133,144,144,165,165,185,185,185,185,198,198,198,216,216,216],"floor_reached":16,"playtime":479,"items_purged":[],"score":169,"play_id":"afc16c59-3b8a-4195-b99c-896907f9b732","local_time":"20190624121929","is_ascension_mode":true,"campfire_choices":[{"data":"Zap","floor":6,"key":"SMITH"},{"data":"Leap","floor":8,"key":"SMITH"},{"data":"Ball Lightning","floor":10,"key":"SMITH"},{"data":"Loop","floor":13,"key":"SMITH"},{"data":"Conserve Battery","floor":15,"key":"SMITH"}],"neow_cost":"NONE","seed_source_timestamp":562195726046800,"circlet_count":0,"master_deck":["AscendersBane","Strike_B","Strike_B","Strike_B","Strike_B","Defend_B","Defend_B","Defend_B","Defend_B","Zap+1","Dualcast","Deep Breath","Leap+1","Sweeping Beam","Steam","Hologram","Ball Lightning+1","Loop+1","Conserve Battery+1"],"relics":["Cracked Core","Golden Idol","Strawberry"],"potions_floor_usage":[11],"damage_taken":[{"damage":7,"enemies":"2 Louse","floor":1,"turns":3},{"damage":7,"enemies":"Jaw Worm","floor":2,"turns":3},{"damage":0,"enemies":"Cultist","floor":3,"turns":4},{"damage":8,"enemies":"Lots of Slimes","floor":5,"turns":2},{"damage":7,"enemies":"2 Fungi Beasts","floor":7,"turns":3},{"damage":11,"enemies":"Exordium Thugs","floor":11,"turns":4},{"damage":18,"enemies":"Gremlin Gang","floor":14,"turns":4},{"damage":17,"enemies":"Hexaghost","floor":16,"turns":7}],"seed_played":"-992905167829871360","potions_obtained":[{"floor":2,"key":"Energy Potion"},{"floor":5,"key":"GamblersBrew"}],"is_trial":false,"path_per_floor":["M","M","M","?","M","R","M","R","T","R","M","?","R","M","R","B"],"character_chosen":"DEFECT","items_purchased":[],"campfire_rested":0,"item_purchase_floors":[],"current_hp_per_floor":[57,50,50,50,42,42,35,35,42,42,31,31,31,13,13,0],"gold":216,"neow_bonus":"RANDOM_COLORLESS","is_prod":false,"is_daily":false,"chose_seed":false,"campfire_upgraded":5,"win_rate":0,"timestamp":1561371569,"path_taken":["M","M","M","?","M","R","M","R","T","R","M","?","R","M","R","BOSS"],"build_version":"2019-01-23","purchased_purges":0,"victory":false,"max_hp_per_floor":[71,71,71,71,71,71,71,71,78,78,78,78,78,78,78,78],"card_choices":[{"not_picked":["Streamline","Cold Snap"],"picked":"Leap","floor":1},{"not_picked":["Turbo","Streamline"],"picked":"Sweeping Beam","floor":2},{"not_picked":["Turbo","Streamline"],"picked":"Steam","floor":3},{"not_picked":["Aggregate","Stack"],"picked":"Hologram","floor":5},{"not_picked":["Compile Driver","Streamline"],"picked":"Ball Lightning","floor":7},{"not_picked":["Coolheaded","Leap"],"picked":"Loop","floor":11},{"not_picked":["Reboot","Stack"],"picked":"Conserve Battery","floor":14}],"player_experience":1465836,"relics_obtained":[{"floor":9,"key":"Strawberry"}],"event_choices":[{"damage_healed":0,"gold_gain":0,"player_choice":"Take Wound","damage_taken":0,"relics_obtained":["Golden Idol"],"max_hp_gain":0,"max_hp_loss":0,"event_name":"Golden Idol","floor":4,"gold_loss":0,"cards_obtained":["Injury"]},{"cards_removed":["Injury"],"damage_healed":0,"gold_gain":0,"player_choice":"Purged","damage_taken":0,"max_hp_gain":0,"max_hp_loss":0,"event_name":"Purifier","floor":12,"gold_loss":0}],"is_beta":false,"boss_relics":[],"items_purged_floors":[],"is_endless":false,"potions_floor_spawned":[2,5],"killed_by":"Hexaghost","ascension_level":16}