{"path_per_floor":["M","?","M","$","?","R","M","R","T","R","M","$","M","E","R","B",null,"M","M","$","M","M","R","?","M","T","$","?","M","R","M","R"],"character_chosen":"IRONCLAD","items_purchased":["Spot Weakness","Apotheosis"],"gold_per_floor":[212,212,230,74,74,74,97,97,97,97,112,112,125,163,163,294,294,319,342,37,62,87,87,12,26,101,101,101,116,116,127,127],"floor_reached":33,"campfire_rested":2,"playtime":2133,"current_hp_per_floor":[69,49,50,50,50,50,49,49,49,49,46,46,38,18,18,9,62,56,43,43,14,12,39,39,38,38,38,38,12,39,50,50],"items_purged":["Strike_R","Combust"],"gold":127,"play_id":"26f8803e-f01e-4c2f-bca0-17a1085bd4a4","is_prod":false,"is_daily":false,"is_ascension_mode":true,"campfire_upgraded":5,"path_taken":["M","?","M","$","?","R","M","R","T","R","M","?","M","E","R","BOSS","M","M","$","M","M","R","?","M","T","$","?","M","R","M","R","BOSS"],"build_version":"2018-02-01-PROD3","purchased_purges":2,"victory":false,"master_deck":["Bash","Pommel Strike+1","Seeing Red+1","Spot Weakness+1","Pommel Strike","Inflame","Shrug It Off+1","Feed","Warcry","Clothesline","Heavy Blade","Anger","Iron Wave","Dual Wield","Shrug It Off+1","Apotheosis+1","Thunderclap"],"max_hp_per_floor":[80,80,80,80,80,80,80,80,80,80,80,80,80,80,80,80,80,80,83,83,87,90,90,90,90,90,90,90,90,90,90,90],"relics":["Burning Blood","Bloody Idol","Frozen Eye","Ginger","Pandora\u0027s Box","Frozen Egg 2"],"card_choices":[{"not_picked":["Infernal Blade","Cleave"],"picked":"Pommel Strike"},{"not_picked":["Armaments","Feel No Pain"],"picked":"Seeing Red"},{"not_picked":["Flame Barrier","Sword Boomerang"],"picked":"Pommel Strike"},{"not_picked":["Anger","Havoc"],"picked":"Inflame"},{"not_picked":["Bludgeon","Entrench"],"picked":"Shrug It Off"},{"not_picked":["Immolate","Exhume"],"picked":"Feed"},{"not_picked":["Inflame","Heavy Blade"],"picked":"Shrug It Off"},{"not_picked":["Twin Strike","Battle Trance"],"picked":"Thunderclap"}],"player_experience":176154,"potions_floor_usage":[16,16,22,22],"damage_taken":[{"damage":17,"enemies":"Blue Slaver","floor":1,"turns":5},{"damage":5,"enemies":"Small Slimes","floor":3,"turns":4},{"damage":7,"enemies":"Jaw Worm","floor":7,"turns":2},{"damage":9,"enemies":"2 Fungi Beasts","floor":11,"turns":3},{"damage":14,"enemies":"Exordium Thugs","floor":13,"turns":4},{"damage":26,"enemies":"3 Sentries","floor":14,"turns":8},{"damage":15,"enemies":"Slime Boss","floor":16,"turns":8},{"damage":12,"enemies":"Chosen","floor":18,"turns":3},{"damage":22,"enemies":"2 Thieves","floor":19,"turns":4},{"damage":39,"enemies":"3 Cultists","floor":21,"turns":5},{"damage":11,"enemies":"Snake Plant","floor":22,"turns":4},{"damage":7,"enemies":"Cultist and Chosen","floor":25,"turns":4},{"damage":37,"enemies":"Slaver and Parasite","floor":29,"turns":5},{"damage":0,"enemies":"Snecko","floor":31,"turns":3},{"damage":54,"enemies":"Champ","floor":33,"turns":6}],"event_choices":[{"event_name":"Golden Idol","player_choice":"Take Damage","floor":2,"damage_taken":0},{"event_name":"Liars Game","player_choice":"disagreed","floor":5,"damage_taken":0},{"event_name":"Beggar","player_choice":"Gave Gold","floor":24,"damage_taken":0},{"event_name":"Forgotten Altar","player_choice":"Gave Idol","floor":28,"damage_taken":0}],"boss_relics":[{"not_picked":["Runic Cube","Velvet Choker"],"picked":"Pandora\u0027s Box"}],"potions_floor_spawned":[1,13,14,18,22,29,31],"seed_played":"7770691911340424220","killed_by":"Champ","ascension_level":5,"is_trial":false}