{"gold_per_floor":[111,111,56,76,96,155,155,182,182,193,193,193,193,223,223,298,298,313,313],"floor_reached":19,"playtime":767,"items_purged":[],"score":333,"play_id":"05e086c5-b720-4c7b-92f8-c12599e78df9","local_time":"20190605195214","is_ascension_mode":true,"campfire_choices":[{"floor":7,"key":"REST"},{"floor":11,"key":"REST"},{"data":"Streamline","floor":13,"key":"SMITH"},{"data":"Creative AI","floor":15,"key":"SMITH"}],"neow_cost":"NONE","seed_source_timestamp":64634125730118,"circlet_count":0,"master_deck":["AscendersBane","Strike_B","Strike_B","Strike_B","Strike_B","Defend_B","Defend_B","Defend_B","Defend_B","Zap","Dualcast","Gash","Storm","Sweeping Beam","Gash","Streamline+1","Creative AI+1","Gash","Conserve Battery","Cold Snap","Biased Cognition","Storm"],"relics":["Cracked Core","Strawberry","Tiny Chest","Ginger","Shuriken","Pear","Odd Mushroom","Nuclear Battery"],"potions_floor_usage":[6,14,18],"damage_taken":[{"damage":7,"enemies":"2 Louse","floor":1,"turns":2},{"damage":1,"enemies":"Cultist","floor":4,"turns":3},{"damage":7,"enemies":"Jaw Worm","floor":5,"turns":3},{"damage":23,"enemies":"Lagavulin","floor":6,"turns":6},{"damage":32,"enemies":"Gremlin Nob","floor":8,"turns":4},{"damage":7,"enemies":"Looter","floor":10,"turns":3},{"damage":1,"enemies":"The Mushroom Lair","floor":14,"turns":2},{"damage":47,"enemies":"Slime Boss","floor":16,"turns":8},{"damage":44,"enemies":"3 Byrds","floor":18,"turns":5},{"damage":44,"enemies":"Masked Bandits","floor":19,"turns":3}],"seed_played":"4463979946962867026","potions_obtained":[{"floor":1,"key":"Block Potion"},{"floor":10,"key":"PowerPotion"},{"floor":16,"key":"Regen Potion"}],"is_trial":false,"path_per_floor":["M","?","$","M","M","E","R","E","T","M","R","T","R","?","R","B",null,"M","?"],"character_chosen":"DEFECT","items_purchased":["Sweeping Beam"],"campfire_rested":2,"item_purchase_floors":[3],"current_hp_per_floor":[64,64,64,63,56,33,56,24,24,17,40,50,50,49,49,2,67,37,0],"gold":313,"neow_bonus":"RANDOM_COMMON_RELIC","is_prod":false,"is_daily":false,"chose_seed":false,"campfire_upgraded":2,"win_rate":0,"timestamp":1559760734,"path_taken":["M","?","?","M","?","E","R","E","T","M","R","?","R","?","R","BOSS","M","?"],"build_version":"2019-01-23","purchased_purges":0,"victory":false,"max_hp_per_floor":[78,78,78,78,78,78,78,78,78,78,78,88,88,88,88,88,88,88,88],"card_choices":[{"not_picked":["Blizzard","Stack"],"picked":"Gash","floor":1},{"not_picked":["Aggregate","Leap"],"picked":"Gash","floor":4},{"not_picked":["Hologram","Darkness"],"picked":"Streamline","floor":5},{"not_picked":["Redo","Steam"],"picked":"Creative AI","floor":6},{"not_picked":["Chaos","Turbo"],"picked":"Gash","floor":8},{"not_picked":["Self Repair","Coolheaded"],"picked":"Conserve Battery","floor":10},{"not_picked":["Barrage","Coolheaded"],"picked":"Cold Snap","floor":14},{"not_picked":["Hyperbeam","Rainbow"],"picked":"Biased Cognition","floor":16},{"not_picked":["Melter+1","Turbo+1"],"picked":"Storm","floor":18}],"player_experience":1069640,"relics_obtained":[{"floor":6,"key":"Tiny Chest"},{"floor":8,"key":"Ginger"},{"floor":9,"key":"Shuriken"},{"floor":12,"key":"Pear"},{"floor":14,"key":"Odd Mushroom"}],"event_choices":[{"damage_healed":0,"gold_gain":0,"player_choice":"1 cards matched","damage_taken":0,"max_hp_gain":0,"max_hp_loss":0,"event_name":"Match and Keep!","floor":2,"gold_loss":0,"cards_obtained":["Storm"]},{"damage_healed":0,"gold_gain":0,"player_choice":"Fought Mushrooms","damage_taken":0,"max_hp_gain":0,"max_hp_loss":0,"event_name":"Mushrooms","floor":14,"gold_loss":0},{"damage_healed":0,"gold_gain":0,"player_choice":"Fought Bandits","damage_taken":0,"max_hp_gain":0,"max_hp_loss":0,"event_name":"Masked Bandits","floor":19,"gold_loss":0}],"is_beta":false,"boss_relics":[{"not_picked":["Orrery","Eternal Feather"],"picked":"Nuclear Battery"}],"items_purged_floors":[],"is_endless":false,"potions_floor_spawned":[1,10,16],"killed_by":"Masked Bandits","ascension_level":18}