{"gold_per_floor":[361,361,361,286,302,302,322,322,348,348,348,382,392,409,409,409],"floor_reached":16,"playtime":456,"items_purged":["Strike_R"],"score":100,"play_id":"f8350049-da11-4e99-b60d-347b4594aabc","local_time":"20190920001528","is_ascension_mode":false,"campfire_choices":[{"data":"Whirlwind","floor":6.0,"key":"SMITH"},{"data":"Bash","floor":8.0,"key":"SMITH"},{"data":"Defend_R","floor":10.0,"key":"SMITH"},{"data":"Shockwave","floor":15.0,"key":"SMITH"}],"neow_cost":"TEN_PERCENT_HP_LOSS","seed_source_timestamp":0,"circlet_count":0,"master_deck":["Strike_R","Strike_R","Strike_R","Defend_R+1","Defend_R","Defend_R+1","Defend_R+1","Bash+1","Whirlwind+1","Whirlwind","Shockwave+1"],"special_seed":0,"relics":["Burning Blood","Boot","War Paint"],"potions_floor_usage":[16],"damage_taken":[{"damage":7.0,"enemies":"2 Louse","floor":1.0,"turns":3.0},{"damage":0.0,"enemies":"Small Slimes","floor":5.0,"turns":5.0},{"damage":1.0,"enemies":"Cultist","floor":7.0,"turns":4.0},{"damage":28.0,"enemies":"Gremlin Nob","floor":12.0,"turns":4.0},{"damage":4.0,"enemies":"Large Slime","floor":13.0,"turns":6.0},{"damage":0.0,"enemies":"3 Louse","floor":14.0,"turns":1.0},{"damage":22,"enemies":"Hexaghost","floor":16,"turns":9}],"seed_played":"7439801009139698057","potions_obtained":[{"floor":5.0,"key":"HeartOfIron"},{"floor":7.0,"key":"Dexterity Potion"},{"floor":11.0,"key":"Ancient Potion"},{"floor":11.0,"key":"DuplicationPotion"},{"floor":12.0,"key":"Strength Potion"}],"is_trial":false,"path_per_floor":["M","?","?","$","M","R","M","R","T","R","?","E","M","M","R","B"],"character_chosen":"IRONCLAD","items_purchased":[],"campfire_rested":0,"item_purchase_floors":[],"current_hp_per_floor":[71,64,69,69,75,75,77,77,77,77,77,55,57,63,63,41],"gold":409,"neow_bonus":"TWO_FIFTY_GOLD","is_prod":false,"is_daily":false,"chose_seed":false,"campfire_upgraded":4,"win_rate":0,"timestamp":1568960128,"path_taken":["M","?","?","$","M","R","M","R","T","R","?","E","M","?","R","BOSS"],"build_version":"2019-09-19","purchased_purges":1,"victory":false,"max_hp_per_floor":[72,72,77,77,77,77,77,77,77,77,77,77,77,77,77,77],"card_choices":[{"not_picked":["Anger","Heavy Blade"],"picked":"Whirlwind","floor":1.0},{"not_picked":["Thunderclap","Infernal Blade","Perfected Strike"],"picked":"SKIP","floor":5.0},{"not_picked":["Pommel Strike","Sword Boomerang","Heavy Blade"],"picked":"SKIP","floor":7.0},{"not_picked":["Body Slam","Burning Pact","Rampage"],"picked":"SKIP","floor":12.0},{"not_picked":["Wild Strike","Juggernaut"],"picked":"Whirlwind","floor":13.0},{"not_picked":["Pommel Strike","Battle Trance"],"picked":"Shockwave","floor":14.0}],"player_experience":1545309,"relics_obtained":[{"floor":9.0,"key":"Boot"},{"floor":12.0,"key":"War Paint"}],"event_choices":[{"cards_removed":["Strike_R"],"damage_healed":0.0,"max_hp_gain":0.0,"max_hp_loss":0.0,"gold_gain":0.0,"event_name":"Golden Wing","player_choice":"Card Removal","floor":2.0,"gold_loss":0.0,"damage_taken":7.0},{"damage_healed":0.0,"max_hp_gain":5.0,"max_hp_loss":0.0,"gold_gain":0.0,"event_name":"Big Fish","player_choice":"Donut","floor":3.0,"gold_loss":0.0,"damage_taken":0.0},{"damage_healed":0.0,"max_hp_gain":0.0,"max_hp_loss":0.0,"gold_gain":0.0,"event_name":"Lab","player_choice":"Got Potions","floor":11.0,"gold_loss":0.0,"damage_taken":0.0}],"is_beta":true,"boss_relics":[],"items_purged_floors":[4],"is_endless":false,"potions_floor_spawned":[5,7,12],"killed_by":"Hexaghost","ascension_level":0}