{"gold_per_floor":[119,119,119,138,44,44,78,78,78,103,114,132,159,177,177,177],"floor_reached":16,"playtime":548,"items_purged":[],"score":276,"play_id":"54733863-c0bd-443b-82ab-5f81e52897f3","local_time":"20190814174354","is_ascension_mode":true,"campfire_choices":[{"data":"Bash","floor":6,"key":"SMITH"},{"data":"Flame Barrier","floor":8,"key":"SMITH"},{"data":"Feel No Pain","floor":15,"key":"SMITH"}],"neow_cost":"NONE","seed_source_timestamp":45684833917300,"circlet_count":0,"master_deck":["AscendersBane","Strike_R","Strike_R","Strike_R","Strike_R","Strike_R","Defend_R","Defend_R","Defend_R","Defend_R","Bash+1","Pommel Strike","Flame Barrier+1","Flex","Feed","Clothesline","Feel No Pain+1","Shockwave","Second Wind"],"relics":["Burning Blood","NeowsBlessing","Art of War","Bronze Scales","Orichalcum","Champion Belt","Pear","Bag of Marbles"],"potions_floor_usage":[10,13],"damage_taken":[{"damage":0,"enemies":"Jaw Worm","floor":1,"turns":1},{"damage":0,"enemies":"2 Louse","floor":4,"turns":1},{"damage":0,"enemies":"3 Sentries","floor":7,"turns":1},{"damage":25,"enemies":"Lagavulin","floor":10,"turns":6},{"damage":0,"enemies":"Cultist","floor":11,"turns":3},{"damage":3,"enemies":"Looter","floor":12,"turns":3},{"damage":5,"enemies":"3 Sentries","floor":13,"turns":11},{"damage":16,"enemies":"Large Slime","floor":14,"turns":6},{"damage":80,"enemies":"Slime Boss","floor":16,"turns":13}],"seed_played":"4382807077447390684","potions_obtained":[{"floor":4,"key":"LiquidBronze"},{"floor":10,"key":"EssenceOfSteel"},{"floor":14,"key":"Ancient Potion"}],"is_trial":false,"path_per_floor":["M","$","?","M","?","R","E","R","T","E","M","M","E","M","R","B"],"character_chosen":"IRONCLAD","items_purchased":[],"campfire_rested":0,"item_purchase_floors":[],"current_hp_per_floor":[74,74,63,69,69,69,75,75,75,66,72,78,79,72,72,0],"gold":177,"neow_bonus":"THREE_ENEMY_KILL","is_prod":false,"is_daily":false,"chose_seed":false,"campfire_upgraded":3,"win_rate":0,"timestamp":1565797434,"path_taken":["M","$","?","M","?","R","E","R","T","E","M","M","E","M","R","BOSS"],"build_version":"2019-07-17","purchased_purges":0,"victory":false,"max_hp_per_floor":[75,75,75,75,75,75,75,75,75,85,85,88,88,91,91,94],"card_choices":[{"not_picked":["Pummel","Clash"],"picked":"Pommel Strike","floor":1},{"not_picked":["Havoc","Battle Trance"],"picked":"Flame Barrier","floor":4},{"not_picked":["Headbutt","Heavy Blade"],"picked":"Flex","floor":7},{"not_picked":["Havoc","Berserk"],"picked":"Feed","floor":10},{"not_picked":["Fire Breathing","Blood for Blood"],"picked":"Clothesline","floor":11},{"not_picked":["Pommel Strike","Shockwave"],"picked":"Feel No Pain","floor":12},{"not_picked":["Flex","True Grit"],"picked":"Shockwave","floor":13},{"not_picked":["Shrug It Off","Havoc"],"picked":"Second Wind","floor":14}],"player_experience":1885648,"relics_obtained":[{"floor":7,"key":"Orichalcum"},{"floor":9,"key":"Champion Belt"},{"floor":10,"key":"Pear"},{"floor":13,"key":"Bag of Marbles"}],"event_choices":[{"damage_healed":0,"gold_gain":0,"player_choice":"Success","damage_taken":11,"relics_obtained":["Art of War"],"max_hp_gain":0,"max_hp_loss":0,"event_name":"Scrap Ooze","floor":3,"gold_loss":0},{"damage_healed":0,"gold_gain":0,"player_choice":"Paid Gold","damage_taken":0,"relics_obtained":["Bronze Scales"],"max_hp_gain":0,"max_hp_loss":0,"event_name":"WeMeetAgain","floor":5,"gold_loss":94}],"is_beta":false,"boss_relics":[],"items_purged_floors":[],"is_endless":false,"potions_floor_spawned":[4,10,14],"killed_by":"Slime Boss","ascension_level":18}