{"gold_per_floor":[116,136,61,61,73,73,87,87,87,103,103,118,118,118],"floor_reached":14,"playtime":390,"items_purged":[],"score":152,"play_id":"9db63437-4b94-4afa-b1de-0210d9eb7770","local_time":"20190731172253","is_ascension_mode":true,"campfire_choices":[{"data":"Zap","floor":6,"key":"SMITH"},{"data":"Coolheaded","floor":8,"key":"SMITH"},{"floor":13,"key":"REST"}],"neow_cost":"NONE","seed_source_timestamp":177578601571500,"circlet_count":0,"master_deck":["AscendersBane","Strike_B","Strike_B","Strike_B","Defend_B+1","Defend_B+1","Defend_B","Defend_B","Zap+1","Dualcast","Rebound","Capacitor","Decay","Melter","Coolheaded+1","Scrape","Gash"],"relics":["Cracked Core","Thread and Needle"],"potions_floor_usage":[12],"damage_taken":[{"damage":1,"enemies":"Small Slimes","floor":1,"turns":3},{"damage":7,"enemies":"Cultist","floor":2,"turns":4},{"damage":4,"enemies":"Jaw Worm","floor":5,"turns":3},{"damage":20,"enemies":"Large Slime","floor":7,"turns":6},{"damage":2,"enemies":"Blue Slaver","floor":10,"turns":5},{"damage":7,"enemies":"Looter","floor":12,"turns":3},{"damage":40,"enemies":"Gremlin Nob","floor":14,"turns":4}],"seed_played":"4447867387805888048","potions_obtained":[{"floor":7,"key":"Ancient Potion"},{"floor":10,"key":"SkillPotion"},{"floor":12,"key":"Dexterity Potion"}],"is_trial":false,"path_per_floor":["M","M","?","?","M","R","M","R","T","M","?","M","R","E"],"character_chosen":"DEFECT","items_purchased":[],"campfire_rested":1,"item_purchase_floors":[],"current_hp_per_floor":[70,63,63,63,59,59,39,39,39,37,14,7,30,0],"gold":118,"neow_bonus":"TEN_PERCENT_HP_BONUS","is_prod":false,"is_daily":false,"chose_seed":false,"campfire_upgraded":2,"win_rate":0,"timestamp":1564586573,"path_taken":["M","M","?","?","M","R","M","R","T","?","?","M","R","E"],"build_version":"2019-07-17","purchased_purges":0,"victory":false,"max_hp_per_floor":[78,78,78,78,78,78,78,78,78,78,78,78,78,78],"card_choices":[{"not_picked":["Streamline","Barrage"],"picked":"Rebound","floor":1},{"not_picked":["Self Repair","Stack"],"picked":"Capacitor","floor":2},{"not_picked":["Blizzard","Redo"],"picked":"Melter","floor":5},{"not_picked":["Barrage","Redo"],"picked":"Coolheaded","floor":7},{"not_picked":["Skim","Hyperbeam"],"picked":"Scrape","floor":10},{"not_picked":["Go for the Eyes","Stack"],"picked":"Gash","floor":12}],"player_experience":1771639,"relics_obtained":[{"floor":9,"key":"Thread and Needle"}],"event_choices":[{"cards_removed":["Strike_B"],"damage_healed":0,"gold_gain":0,"player_choice":"Card Removal","damage_taken":0,"max_hp_gain":0,"max_hp_loss":0,"event_name":"The Cleric","floor":3,"gold_loss":75},{"damage_healed":0,"gold_gain":0,"player_choice":"Cursed","damage_taken":0,"max_hp_gain":0,"max_hp_loss":0,"event_name":"Wheel of Change","floor":4,"gold_loss":0,"cards_obtained":["Decay"]},{"damage_healed":0,"gold_gain":0,"player_choice":"Entered Light","damage_taken":23,"max_hp_gain":0,"max_hp_loss":0,"event_name":"Shining Light","floor":11,"gold_loss":0,"cards_upgraded":["Defend_B","Defend_B"]}],"is_beta":false,"boss_relics":[],"items_purged_floors":[],"is_endless":false,"potions_floor_spawned":[7,10,12],"killed_by":"Gremlin Nob","ascension_level":17}