{"gold_per_floor":[110,185,47,63,81,109,109,140,220,2,35,35,53,64,64,136,136,146,162,162,241,259,259,289,24,24,34,34,54,54,25,25,104,104,124,124,178,198,18,18,29,62,135,135,135,235,235,248,248,248],"floor_reached":51,"playtime":2436,"items_purged":["Strike_R","Bash"],"score":1517,"play_id":"7bc5c69f-b798-4b21-98d3-6a23b9211477","local_time":"20181112215127","is_ascension_mode":true,"campfire_choices":[{"floor":7.0,"key":"REST"},{"floor":15,"key":"REST"},{"floor":23,"key":"REST"},{"data":"1","floor":28,"key":"LIFT"},{"data":"2","floor":30,"key":"LIFT"},{"data":"3","floor":32,"key":"LIFT"},{"floor":40,"key":"REST"},{"floor":44,"key":"REST"},{"floor":47,"key":"REST"},{"floor":49,"key":"REST"}],"neow_cost":"NONE","seed_source_timestamp":0,"circlet_count":0,"master_deck":["AscendersBane","Strike_R+1","Strike_R+1","Strike_R+1","Strike_R+1","Defend_R+1","Defend_R+1","Defend_R+1","Defend_R+1","Twin Strike","Immolate","Shrug It Off","Iron Wave","Shrug It Off","Intimidate","Shockwave","Uppercut","Ghostly Armor+1","Inflame+1","Flame Barrier","Feed","Twin Strike","Burning Pact+1","Shrug It Off+1","Metallicize+1","Panacea","Infernal Blade","Shrug It Off","Body Slam","Limit Break","Sword Boomerang","Iron Wave+1","Sword Boomerang+1","Metallicize+1","True Grit","Metallicize+1","Inflame+1","Decay","Disarm+1","Madness","Madness","Flex","Body Slam","Spot Weakness","Exhume"],"special_seed":0,"relics":["Fusion Hammer","WingedGreaves","Dream Catcher","Meat on the Bone","Tiny Chest","Self Forming Clay","Frozen Egg 2","Runic Pyramid","Pear","War Paint","Strawberry","Girya","Cursed Key","Magic Flower","Ornamental Fan","Gremlin Horn","Gambling Chip"],"potions_floor_usage":[13,18,50,50],"damage_taken":[{"damage":7.0,"enemies":"Small Slimes","floor":1.0,"turns":3.0},{"damage":2.0,"enemies":"Jaw Worm","floor":4.0,"turns":2.0},{"damage":0.0,"enemies":"Cultist","floor":5.0,"turns":2.0},{"damage":0.0,"enemies":"3 Sentries","floor":6.0,"turns":5.0},{"damage":30.0,"enemies":"Lagavulin","floor":8.0,"turns":6.0},{"damage":12.0,"enemies":"3 Sentries","floor":11.0,"turns":3.0},{"damage":7,"enemies":"Exordium Thugs","floor":13,"turns":3},{"damage":0,"enemies":"2 Fungi Beasts","floor":14,"turns":2},{"damage":10,"enemies":"Slime Boss","floor":16,"turns":7},{"damage":10,"enemies":"Spheric Guardian","floor":18,"turns":4},{"damage":7,"enemies":"Shell Parasite","floor":19,"turns":4},{"damage":10,"enemies":"Centurion and Healer","floor":22,"turns":5},{"damage":10,"enemies":"Book of Stabbing","floor":24,"turns":7},{"damage":12,"enemies":"Snake Plant","floor":27,"turns":4},{"damage":0,"enemies":"Chosen and Byrds","floor":29,"turns":5},{"damage":56,"enemies":"Champ","floor":33,"turns":12},{"damage":0,"enemies":"3 Shapes","floor":35,"turns":4},{"damage":31,"enemies":"2 Orb Walkers","floor":37,"turns":5},{"damage":25,"enemies":"3 Darklings","floor":38,"turns":7},{"damage":26,"enemies":"Spire Growth","floor":41,"turns":5},{"damage":20,"enemies":"Reptomancer","floor":42,"turns":6},{"damage":16,"enemies":"Mind Bloom Boss Battle","floor":46,"turns":6},{"damage":12,"enemies":"4 Shapes","floor":48,"turns":4},{"damage":40,"enemies":"Awakened One","floor":50,"turns":6}],"seed_played":"8295837429378873590","potions_obtained":[{"floor":4.0,"key":"Fire Potion"},{"floor":8.0,"key":"Poison Potion"},{"floor":16,"key":"Poison Potion"},{"floor":24,"key":"Poison Potion"},{"floor":29,"key":"Dexterity Potion"},{"floor":33,"key":"EntropicBrew"},{"floor":42,"key":"Regen Potion"}],"is_trial":false,"path_per_floor":["M","?","$","M","M","E","R","E","T","$","E","T","M","M","R","B",null,"M","M","?","T","M","R","E","$","T","M","R","M","R","$","R","B",null,"M","?","?","M","$","R","M","E","T","R","?","?","R","M","R","B",null],"character_chosen":"IRONCLAD","items_purchased":["Immolate","Shrug It Off","Tiny Chest","Strawberry","Panacea","Body Slam","Metallicize+1"],"campfire_rested":7,"item_purchase_floors":[3,3,10,25,25,31,39],"current_hp_per_floor":[61,50,50,48,48,48,70,40,40,40,40,40,45,45,67,57,71,64,60,60,70,63,91,84,91,91,82,82,85,85,85,85,44,96,99,99,71,64,64,99,78,76,76,112,90,79,116,109,128,101],"gold":248,"neow_bonus":"BOSS_RELIC","is_prod":false,"is_daily":false,"chose_seed":false,"campfire_upgraded":0,"win_rate":0,"timestamp":1542055887,"path_taken":["M","?","$","M","M","E","R","E","T","$","E","?","M","M","R","BOSS","M","M","?","?","M","R","E","$","T","?","R","M","R","?","R","BOSS","M","?","?","M","$","R","M","E","T","R","?","?","R","M","R","BOSS"],"build_version":"2018-11-08","purchased_purges":2,"victory":true,"max_hp_per_floor":[75,75,75,75,75,75,75,75,75,75,75,75,75,75,75,75,75,78,81,81,91,94,94,97,104,104,107,107,110,110,110,110,113,113,116,116,119,119,119,119,122,122,122,122,122,125,125,128,128,131],"card_choices":[{"not_picked":["Headbutt","Flex"],"picked":"Twin Strike","floor":1.0},{"not_picked":["Cleave","Power Through"],"picked":"Iron Wave","floor":4.0},{"not_picked":["Body Slam","Thunderclap"],"picked":"Shrug It Off","floor":5.0},{"not_picked":["Flex","Offering"],"picked":"Intimidate","floor":6.0},{"not_picked":["Sever Soul","Twin Strike"],"picked":"Shockwave","floor":8.0},{"not_picked":["Fire Breathing","Exhume"],"picked":"Uppercut","floor":11.0},{"not_picked":["Flex","Rupture+1"],"picked":"Ghostly Armor","floor":13},{"not_picked":["Flex","Corruption+1"],"picked":"Inflame+1","floor":14},{"not_picked":["Flex","Heavy Blade"],"picked":"Flame Barrier","floor":15},{"not_picked":["Exhume","Brutality+1"],"picked":"Feed","floor":16},{"not_picked":["Perfected Strike","Reckless Charge"],"picked":"Twin Strike","floor":18},{"not_picked":["Sentinel","Clash+1"],"picked":"Disarm","floor":19},{"not_picked":["Shockwave","Armaments"],"picked":"Burning Pact+1","floor":22},{"not_picked":["Perfected Strike","Clash+1"],"picked":"Shrug It Off","floor":23},{"not_picked":["Thunderclap","Cleave"],"picked":"Metallicize+1","floor":24},{"not_picked":["Rage","Thunderclap"],"picked":"Infernal Blade","floor":27},{"not_picked":["Infernal Blade","Battle Trance"],"picked":"Shrug It Off","floor":29},{"not_picked":["Impervious","Feed"],"picked":"Limit Break","floor":33},{"not_picked":["Armaments","Headbutt"],"picked":"Sword Boomerang","floor":35},{"not_picked":["Heavy Blade","Bloodletting"],"picked":"Iron Wave+1","floor":37},{"not_picked":["Body Slam+1","Iron Wave+1"],"picked":"Sword Boomerang+1","floor":38},{"not_picked":["Bloodletting","Perfected Strike"],"picked":"True Grit","floor":40},{"not_picked":["Anger+1","Shrug It Off"],"picked":"Metallicize+1","floor":41},{"not_picked":["Iron Wave","Burning Pact"],"picked":"Inflame+1","floor":42},{"not_picked":["Warcry","Shrug It Off+1"],"picked":"Disarm+1","floor":44},{"not_picked":["Anger","Wild Strike+1"],"picked":"Flex","floor":46},{"not_picked":["Searing Blow","Twin Strike"],"picked":"Body Slam","floor":47},{"not_picked":["Pommel Strike","Flex"],"picked":"Spot Weakness","floor":48},{"not_picked":["Cleave","Battle Trance"],"picked":"Exhume","floor":49}],"player_experience":488203,"relics_obtained":[{"floor":6.0,"key":"WingedGreaves"},{"floor":8.0,"key":"Dream Catcher"},{"floor":9.0,"key":"Meat on the Bone"},{"floor":11.0,"key":"Self Forming Clay"},{"floor":12.0,"key":"Frozen Egg 2"},{"floor":21,"key":"Pear"},{"floor":24,"key":"War Paint"},{"floor":26,"key":"Girya"},{"floor":37,"key":"Magic Flower"},{"floor":42,"key":"Ornamental Fan"},{"floor":43,"key":"Gremlin Horn"},{"floor":46,"key":"Gambling Chip"}],"event_choices":[{"damage_healed":0.0,"max_hp_gain":0.0,"max_hp_loss":0.0,"gold_gain":75.0,"event_name":"World of Goop","player_choice":"Gather Gold","floor":2.0,"gold_loss":0.0,"damage_taken":11.0},{"damage_healed":0,"gold_gain":0,"player_choice":"Simplicity","damage_taken":0,"max_hp_gain":0,"max_hp_loss":0,"event_name":"Back to Basics","floor":20,"gold_loss":0,"cards_upgraded":["Strike_R","Strike_R","Strike_R","Strike_R","Defend_R","Defend_R","Defend_R","Defend_R"]},{"cards_removed":["Disarm"],"damage_healed":0,"gold_gain":0,"player_choice":"Removed Skill","damage_taken":0,"max_hp_gain":0,"max_hp_loss":0,"event_name":"Falling","floor":36,"gold_loss":0},{"damage_healed":0,"gold_gain":0,"player_choice":"Fight","damage_taken":0,"max_hp_gain":0,"max_hp_loss":0,"event_name":"Mysterious Sphere","floor":37,"gold_loss":0},{"damage_healed":0,"gold_gain":0,"player_choice":"Embrace Madness","damage_taken":22,"max_hp_gain":0,"max_hp_loss":0,"event_name":"Winding Halls","floor":45,"gold_loss":0,"cards_obtained":["Madness","Madness"]},{"damage_healed":0,"gold_gain":0,"player_choice":"Fight","damage_taken":0,"max_hp_gain":0,"max_hp_loss":0,"event_name":"MindBloom","floor":46,"gold_loss":0}],"is_beta":false,"boss_relics":[{"not_picked":["Runic Dome","Coffee Dripper"],"picked":"Runic Pyramid"},{"not_picked":["Runic Cube","Empty Cage"],"picked":"Cursed Key"}],"items_purged_floors":[10,39],"is_endless":false,"potions_floor_spawned":[4,8,16,24,29,33,37,41,42,46,48],"ascension_level":19}