{"gold_per_floor":[119,135,135,145,145,145,160,160,215,231,231,261,261,293,293,368,368,385,401,401,420,42,42,69,83,164,50,50,79,79,97,97,174,174,186,201,211,21,21],"floor_reached":39,"playtime":1411,"items_purged":["Decay"],"score":785,"play_id":"b047af85-a123-4a40-bc9d-8998e4088124","local_time":"20190812201203","is_ascension_mode":true,"campfire_choices":[{"data":"Gash","floor":6,"key":"SMITH"},{"data":"Gash","floor":8,"key":"SMITH"},{"data":"Electrodynamics","floor":11,"key":"SMITH"},{"floor":15,"key":"REST"},{"data":"Buffer","floor":23,"key":"SMITH"},{"data":"Defragment","floor":28,"key":"SMITH"},{"floor":32,"key":"REST"}],"neow_cost":"NONE","seed_source_timestamp":874873323463500,"circlet_count":0,"master_deck":["AscendersBane","Defend_B","Defend_B","Defend_B","Defend_B","Zap+1","Dualcast","Hologram","Cold Snap","Gash+1","Gash+1","Electrodynamics+1","Genetic Algorithm","Loop","Buffer+1","Coolheaded","Stack","Bite","Bite","Bite","Bite","Bite","Gash","Defragment+1","Consume","Defragment","Redo","Stack","All For One","Hologram","Scrape","Leap","Apotheosis"],"relics":["Cracked Core","Tiny Chest","Girya","Busted Crown","Lee\u0027s Waffle","Centennial Puzzle","Bottled Lightning","Ice Cream","Nloth\u0027s Gift","Lizard Tail"],"potions_floor_usage":[10,16,21,25,33],"damage_taken":[{"damage":5,"enemies":"Small Slimes","floor":1,"turns":4},{"damage":3,"enemies":"Cultist","floor":2,"turns":4},{"damage":4,"enemies":"2 Louse","floor":4,"turns":3},{"damage":6,"enemies":"Blue Slaver","floor":7,"turns":3},{"damage":3,"enemies":"Large Slime","floor":10,"turns":4},{"damage":12,"enemies":"Gremlin Nob","floor":12,"turns":4},{"damage":29,"enemies":"Lagavulin","floor":14,"turns":5},{"damage":28,"enemies":"The Guardian","floor":16,"turns":9},{"damage":14,"enemies":"Spheric Guardian","floor":18,"turns":4},{"damage":32,"enemies":"Shell Parasite","floor":19,"turns":5},{"damage":15,"enemies":"Centurion and Healer","floor":21,"turns":7},{"damage":7,"enemies":"Sentry and Sphere","floor":25,"turns":5},{"damage":30,"enemies":"Gremlin Leader","floor":29,"turns":6},{"damage":27,"enemies":"Snake Plant","floor":31,"turns":4},{"damage":26,"enemies":"Automaton","floor":33,"turns":12},{"damage":5,"enemies":"Orb Walker","floor":35,"turns":5},{"damage":54,"enemies":"3 Darklings","floor":36,"turns":7},{"damage":52,"enemies":"Spire Growth","floor":37,"turns":6},{"damage":19,"enemies":"4 Shapes","floor":39,"turns":1}],"seed_played":"-2852593575975213949","potions_obtained":[{"floor":7,"key":"Poison Potion"},{"floor":10,"key":"LiquidBronze"},{"floor":16,"key":"FocusPotion"},{"floor":18,"key":"SkillPotion"},{"floor":29,"key":"Ancient Potion"},{"floor":35,"key":"SteroidPotion"}],"is_trial":false,"path_per_floor":["M","M","?","M","$","R","M","R","T","M","R","E","?","E","R","B",null,"M","M","?","M","$","R","T","M","T","$","R","E","?","M","R","B",null,"M","M","M","$","M"],"character_chosen":"DEFECT","items_purchased":["Lee\u0027s Waffle","Defragment","Defragment","Redo","Apotheosis"],"campfire_rested":2,"item_purchase_floors":[22,22,27,27,38],"current_hp_per_floor":[66,63,63,59,59,59,53,53,53,50,50,38,38,9,32,4,60,46,14,14,17,61,61,61,60,60,60,60,35,35,12,30,32,54,53,13,9,9,0],"gold":21,"neow_bonus":"TEN_PERCENT_HP_BONUS","is_prod":false,"is_daily":false,"chose_seed":false,"campfire_upgraded":5,"win_rate":0,"timestamp":1565633523,"path_taken":["M","M","?","?","?","R","M","R","T","M","R","E","?","E","R","BOSS","M","?","?","M","$","R","?","M","T","$","R","E","?","M","R","BOSS","M","M","M","$","M"],"build_version":"2019-07-17","purchased_purges":1,"victory":false,"max_hp_per_floor":[78,78,78,78,78,78,78,78,78,78,78,78,78,78,78,78,78,78,78,54,54,61,61,61,61,61,61,61,61,61,61,61,61,61,61,61,61,61,61],"card_choices":[{"not_picked":["Rebound","Stack"],"picked":"Hologram","floor":1},{"not_picked":["Reinforced Body","Scrape"],"picked":"Cold Snap","floor":2},{"not_picked":["Rebound","Steam"],"picked":"Gash","floor":4},{"not_picked":["Go for the Eyes","Beam Cell"],"picked":"Gash","floor":7},{"not_picked":["Double Energy","Stack"],"picked":"Electrodynamics","floor":10},{"not_picked":["Recycle","Gash"],"picked":"Genetic Algorithm","floor":12},{"not_picked":["Go for the Eyes","Aggregate"],"picked":"Loop","floor":14},{"not_picked":["Amplify","Electrodynamics"],"picked":"Buffer","floor":16},{"not_picked":[],"picked":"Coolheaded","floor":18},{"not_picked":[],"picked":"Stack","floor":19},{"not_picked":[],"picked":"Gash","floor":21},{"not_picked":[],"picked":"Consume","floor":25},{"not_picked":["Barrage"],"picked":"SKIP","floor":29},{"not_picked":[],"picked":"Stack","floor":31},{"not_picked":[],"picked":"All For One","floor":33},{"not_picked":[],"picked":"Hologram","floor":35},{"not_picked":[],"picked":"Scrape","floor":36},{"not_picked":[],"picked":"Leap","floor":37}],"player_experience":1842026,"relics_obtained":[{"floor":9,"key":"Tiny Chest"},{"floor":12,"key":"Whetstone"},{"floor":14,"key":"Girya"},{"floor":24,"key":"Centennial Puzzle"},{"floor":26,"key":"Bottled Lightning"},{"floor":29,"key":"Ice Cream"}],"event_choices":[{"damage_healed":0,"gold_gain":0,"player_choice":"Upgraded","damage_taken":0,"max_hp_gain":0,"max_hp_loss":0,"event_name":"Upgrade Shrine","floor":3,"gold_loss":0,"cards_upgraded":["Zap"]},{"damage_healed":0,"gold_gain":0,"player_choice":"Cursed","damage_taken":0,"max_hp_gain":0,"max_hp_loss":0,"event_name":"Wheel of Change","floor":13,"gold_loss":0,"cards_obtained":["Decay"]},{"damage_healed":0,"gold_gain":0,"player_choice":"Became a vampire","damage_taken":0,"max_hp_gain":0,"max_hp_loss":24,"event_name":"Vampires","floor":20,"gold_loss":0,"cards_obtained":["Bite","Bite","Bite","Bite","Bite"]},{"damage_healed":0,"gold_gain":0,"player_choice":"Traded Relic","damage_taken":0,"relics_obtained":["Nloth\u0027s Gift"],"max_hp_gain":0,"max_hp_loss":0,"event_name":"N\u0027loth","floor":30,"relics_lost":["Whetstone"],"gold_loss":0}],"is_beta":false,"boss_relics":[{"not_picked":["Calling Bell","Black Star"],"picked":"Busted Crown"},{"not_picked":["Pandora\u0027s Box","Cursed Key"],"picked":"Lizard Tail"}],"items_purged_floors":[22],"is_endless":false,"potions_floor_spawned":[7,10,16,18,19,29,35],"killed_by":"4 Shapes","ascension_level":17}