{"path_per_floor":["M","?","?","?","M","R","E","R","T","E","?","R","M","$","R","B",null,"M","M","?","M","M","R","M"],"character_chosen":"THE_SILENT","items_purchased":["Mercury Hourglass","Regen Potion"],"gold_per_floor":[111,111,211,211,224,224,265,265,288,329,329,329,343,28,28,153,153,167,183,283,308,321,321,344,344],"floor_reached":25,"campfire_rested":2,"playtime":2472,"current_hp_per_floor":[64,64,64,64,63,63,18,18,18,29,29,51,44,44,66,49,75,67,66,66,53,24,24,7,0],"items_purged":[],"gold":344,"score":253,"play_id":"239c1c64-fe35-4a54-b282-769946bb8660","local_time":"20180520195033","is_prod":false,"is_daily":false,"chose_seed":false,"is_ascension_mode":true,"campfire_upgraded":3,"timestamp":1526842233,"campfire_choices":[{"data":"Neutralize","floor":6,"key":"SMITH"},{"data":"Skewer","floor":8,"key":"SMITH"},{"floor":12,"key":"REST"},{"floor":15,"key":"REST"},{"data":"Tactician","floor":23,"key":"SMITH"}],"path_taken":["M","?","?","?","M","R","E","R","T","E","?","R","?","$","R","BOSS","M","?","?","M","M","R","M","M"],"build_version":"2018-05-17","seed_source_timestamp":262456962811056,"purchased_purges":0,"victory":false,"master_deck":["Defend_G","Defend_G","Defend_G","Defend_G","Defend_G","Strike_G","Strike_G","Strike_G","Strike_G","Survivor+1","Neutralize+1","Dagger Throw","Skewer+1","Tactician+1","Acrobatics","After Image","Clumsy","Dodge and Roll","Noxious Fumes+1","PiercingWail","Dagger Throw+1"],"max_hp_per_floor":[70,70,70,65,65,65,65,65,65,75,75,75,75,75,75,75,75,75,75,75,75,75,75,75,75],"relics":["Ring of the Snake","Golden Idol","Anchor","Omamori","Pear","Mercury Hourglass","Calling Bell","Happy Flower","Pantograph","Tingsha"],"card_choices":[{"not_picked":["Caltrops","Flying Knee","Footwork"],"picked":"SKIP","floor":1},{"not_picked":["All Out Attack","Eviscerate"],"picked":"Dagger Throw","floor":5},{"not_picked":["Acrobatics","Flying Knee"],"picked":"Skewer","floor":7},{"not_picked":["Slice","Endless Agony"],"picked":"Tactician","floor":10},{"not_picked":["Outmaneuver","Reflex"],"picked":"Acrobatics","floor":13},{"not_picked":["Night Terror","Doppelganger"],"picked":"After Image","floor":16},{"not_picked":["Acrobatics","Skewer"],"picked":"Dodge and Roll","floor":18},{"not_picked":["Dagger Spray","Catalyst+1","Skewer"],"picked":"SKIP","floor":19},{"not_picked":["Slice","Burst"],"picked":"Noxious Fumes+1","floor":21},{"not_picked":["Outmaneuver","Finisher"],"picked":"PiercingWail","floor":22},{"not_picked":["Quick Slash","Heel Hook+1"],"picked":"Dagger Throw+1","floor":24}],"player_experience":367345,"potions_floor_usage":[10,10,16,16,24,24,24],"damage_taken":[{"damage":6,"enemies":"2 Louse","floor":1,"turns":3},{"damage":1,"enemies":"Cultist","floor":5,"turns":4},{"damage":45,"enemies":"Gremlin Nob","floor":7,"turns":6},{"damage":14,"enemies":"3 Sentries","floor":10,"turns":10},{"damage":7,"enemies":"Jaw Worm","floor":13,"turns":3},{"damage":32,"enemies":"The Guardian","floor":16,"turns":14},{"damage":8,"enemies":"3 Byrds","floor":18,"turns":5},{"damage":1,"enemies":"Shell Parasite","floor":19,"turns":6},{"damage":13,"enemies":"Chosen and Byrds","floor":21,"turns":7},{"damage":29,"enemies":"Sentry and Sphere","floor":22,"turns":7},{"damage":22,"enemies":"Cultist and Chosen","floor":24,"turns":5},{"damage":12,"enemies":"Snake Plant","floor":25,"turns":2}],"relics_obtained":[{"floor":7,"key":"Anchor"},{"floor":9,"key":"Omamori"},{"floor":10,"key":"Pear"},{"floor":17,"key":"Happy Flower"},{"floor":17,"key":"Pantograph"},{"floor":17,"key":"Tingsha"}],"event_choices":[{"event_name":"Wheel of Change","player_choice":"Card Removal","floor":2,"damage_taken":0},{"event_name":"Golden Shrine","player_choice":"Pray","floor":3,"damage_taken":0},{"event_name":"Golden Idol","player_choice":"Lose Max HP","floor":4,"damage_taken":0},{"event_name":"Accursed Blacksmith","player_choice":"Forge","floor":11,"damage_taken":0},{"event_name":"Golden Shrine","player_choice":"Pray","floor":20,"damage_taken":0}],"boss_relics":[{"not_picked":["Ectoplasm","Lizard Tail"],"picked":"Calling Bell"}],"potions_floor_spawned":[1,7,13,16,18,21,22],"seed_played":"4042889108120663808","killed_by":"Snake Plant","ascension_level":4,"potions_obtained":[{"floor":1,"key":"Regen Potion"},{"floor":7,"key":"Dexterity Potion"},{"floor":13,"key":"Block Potion"},{"floor":16,"key":"Energy Potion"},{"floor":18,"key":"Regen Potion"},{"floor":21,"key":"Swift Potion"},{"floor":22,"key":"FearPotion"}],"is_trial":false}