{"gold_per_floor":[115,134,134,145,164,191,191,191],"floor_reached":8,"playtime":282,"items_purged":[],"score":102,"play_id":"8d2be9ae-4602-47bb-8e42-6089f2a1b8c7","local_time":"20190518001119","is_ascension_mode":true,"campfire_choices":[{"data":"Conserve Battery","floor":7,"key":"SMITH"}],"neow_cost":"NONE","seed_source_timestamp":349411738274400,"circlet_count":0,"master_deck":["AscendersBane","Strike_B","Strike_B","Strike_B","Strike_B","Defend_B","Defend_B","Defend_B","Defend_B","Zap+1","Dualcast","Go for the Eyes","Conserve Battery+1","Hologram","BootSequence","Ball Lightning"],"relics":["Cracked Core","NeowsBlessing","Centennial Puzzle"],"potions_floor_usage":[6,8],"damage_taken":[{"damage":0,"enemies":"Cultist","floor":1,"turns":1},{"damage":0,"enemies":"2 Louse","floor":2,"turns":1},{"damage":0,"enemies":"Small Slimes","floor":4,"turns":2},{"damage":7,"enemies":"2 Fungi Beasts","floor":5,"turns":4},{"damage":37,"enemies":"Gremlin Nob","floor":6,"turns":5},{"damage":20,"enemies":"3 Sentries","floor":8,"turns":5}],"seed_played":"-4018081185389452273","potions_obtained":[{"floor":1,"key":"Fire Potion"},{"floor":2,"key":"SteroidPotion"},{"floor":5,"key":"LiquidBronze"}],"is_trial":false,"path_per_floor":["M","M","?","M","M","E","R","E"],"character_chosen":"DEFECT","items_purchased":[],"campfire_rested":0,"item_purchase_floors":[],"current_hp_per_floor":[64,64,64,64,57,20,20,0],"gold":191,"neow_bonus":"THREE_ENEMY_KILL","is_prod":false,"is_daily":false,"chose_seed":false,"campfire_upgraded":1,"win_rate":0,"timestamp":1558131079,"path_taken":["M","M","?","?","?","E","R","E"],"build_version":"2019-01-23","purchased_purges":0,"victory":false,"max_hp_per_floor":[71,71,71,71,71,71,71,71],"card_choices":[{"not_picked":["Stack","Blizzard"],"picked":"Go for the Eyes","floor":1},{"not_picked":["Rebound","Go for the Eyes"],"picked":"Conserve Battery","floor":2},{"not_picked":["Streamline","Blizzard"],"picked":"Hologram","floor":4},{"not_picked":["Sweeping Beam","Heatsinks"],"picked":"BootSequence","floor":5},{"not_picked":["Consume","Recycle"],"picked":"Ball Lightning","floor":6}],"player_experience":1136825,"relics_obtained":[{"floor":6,"key":"Centennial Puzzle"}],"event_choices":[{"damage_healed":0,"gold_gain":0,"player_choice":"Upgraded","damage_taken":0,"max_hp_gain":0,"max_hp_loss":0,"event_name":"Upgrade Shrine","floor":3,"gold_loss":0,"cards_upgraded":["Zap"]}],"is_beta":false,"boss_relics":[],"items_purged_floors":[],"is_endless":false,"potions_floor_spawned":[1,2,5],"killed_by":"3 Sentries","ascension_level":15}