{"gold_per_floor":[111,128,128,141,154,182,182,214,214,214,243,243,269,72,72,176,176,196,196,295,325,3,3,69,69,69,109,109,109,144,160,160,259,259,278,297,348,348,378,324,350,2,2,42,55,55,80,96,96,96],"floor_reached":51,"playtime":2579,"items_purged":["Strike_R","Strike_R"],"score":821,"play_id":"cef9bf1d-70a7-4fec-90ce-1a193c17be5a","local_time":"20191006162025","is_ascension_mode":false,"campfire_choices":[{"data":"Bash","floor":7,"key":"SMITH"},{"data":"Pummel","floor":12,"key":"SMITH"},{"data":"Corruption","floor":15,"key":"SMITH"},{"data":"Immolate","floor":23,"key":"SMITH"},{"data":"Clothesline","floor":25,"key":"SMITH"},{"data":"Uppercut","floor":32,"key":"SMITH"},{"data":"Inflame","floor":46,"key":"SMITH"},{"data":"Inflame","floor":49,"key":"SMITH"}],"neow_cost":"NONE","seed_source_timestamp":155955664241482,"circlet_count":0,"master_deck":["Strike_R","Defend_R","Defend_R","Defend_R","Defend_R","Bash+1","Pummel+1","Corruption+1","Inflame+1","Exhume","Clothesline+1","True Grit+1","Apotheosis+1","Immolate+1","Anger","HandOfGreed","Inflame+1","Uppercut+1","Spot Weakness+1","Pommel Strike+1","Feed","True Grit+1","Shrug It Off+1","Shrug It Off+1","Anger+1","Headbutt+1"],"relics":["Burning Blood","Vajra","Orichalcum","Mummified Hand","Toxic Egg 2","Meat on the Bone","Omamori","Busted Crown","Red Mask","Smiling Mask","MealTicket","Ancient Tea Set","Cursed Key","CaptainsWheel","TungstenRod","Bottled Lightning","InkBottle"],"potions_floor_usage":[6,11,13,16,18,30,33,37,37,41,50,50,50],"damage_taken":[{"damage":0,"enemies":"Small Slimes","floor":1,"turns":3},{"damage":2,"enemies":"2 Louse","floor":2,"turns":3},{"damage":1,"enemies":"Jaw Worm","floor":4,"turns":3},{"damage":24,"enemies":"Blue Slaver","floor":5,"turns":4},{"damage":13,"enemies":"Lagavulin","floor":6,"turns":5},{"damage":16,"enemies":"Gremlin Nob","floor":8,"turns":4},{"damage":7,"enemies":"Lagavulin","floor":11,"turns":4},{"damage":0,"enemies":"3 Sentries","floor":13,"turns":8},{"damage":46,"enemies":"Slime Boss","floor":16,"turns":13},{"damage":8,"enemies":"3 Byrds","floor":18,"turns":4},{"damage":3,"enemies":"Masked Bandits","floor":21,"turns":3},{"damage":27,"enemies":"Slavers","floor":24,"turns":5},{"damage":4,"enemies":"Shell Parasite","floor":27,"turns":4},{"damage":12,"enemies":"Book of Stabbing","floor":30,"turns":4},{"damage":9,"enemies":"Snake Plant","floor":31,"turns":2},{"damage":44,"enemies":"Champ","floor":33,"turns":8},{"damage":27,"enemies":"3 Darklings","floor":35,"turns":4},{"damage":1,"enemies":"Orb Walker","floor":36,"turns":3},{"damage":16,"enemies":"2 Orb Walkers","floor":37,"turns":3},{"damage":12,"enemies":"Spire Growth","floor":39,"turns":3},{"damage":3,"enemies":"Reptomancer","floor":41,"turns":4},{"damage":4,"enemies":"4 Shapes","floor":44,"turns":3},{"damage":18,"enemies":"Maw","floor":45,"turns":6},{"damage":6,"enemies":"Nemesis","floor":47,"turns":5},{"damage":8,"enemies":"Writhing Mass","floor":48,"turns":4},{"damage":68,"enemies":"Awakened One","floor":50,"turns":10}],"seed_played":"-652215830440887611","potions_obtained":[{"floor":4,"key":"PowerPotion"},{"floor":5,"key":"SteroidPotion"},{"floor":6,"key":"SpeedPotion"},{"floor":8,"key":"HeartOfIron"},{"floor":16,"key":"Fire Potion"},{"floor":21,"key":"Weak Potion"},{"floor":27,"key":"SteroidPotion"},{"floor":31,"key":"DuplicationPotion"},{"floor":35,"key":"DuplicationPotion"},{"floor":36,"key":"FearPotion"},{"floor":37,"key":"Fruit Juice"},{"floor":44,"key":"EssenceOfSteel"},{"floor":47,"key":"LiquidBronze"}],"is_trial":false,"path_per_floor":["M","M","?","M","M","E","R","E","T","?","E","R","E","$","R","B",null,"M","?","?","?","$","R","E","R","T","M","?","?","E","M","R","B",null,"M","M","?","$","M","$","E","$","T","M","M","R","E","M","R","B",null],"character_chosen":"IRONCLAD","items_purchased":["Apotheosis+1","HandOfGreed","Inflame","True Grit+1","Shrug It Off+1","Bottled Lightning"],"campfire_rested":0,"item_purchase_floors":[14,22,22,40,42,42],"current_hp_per_floor":[80,80,80,80,62,55,55,45,45,45,44,44,50,50,50,22,80,78,78,78,80,80,80,59,59,59,61,61,61,55,52,52,26,80,59,64,59,74,68,83,85,85,85,89,81,81,81,79,79,33],"gold":96,"neow_bonus":"RANDOM_COMMON_RELIC","is_prod":false,"is_daily":false,"chose_seed":false,"campfire_upgraded":8,"win_rate":0,"timestamp":1570393225,"path_taken":["M","M","?","M","M","E","R","E","T","?","E","R","E","$","R","BOSS","M","?","?","?","$","R","E","R","T","M","?","?","E","M","R","BOSS","M","M","?","$","M","$","E","$","T","M","M","R","E","M","R","BOSS"],"build_version":"2019-10-04","purchased_purges":2,"victory":true,"max_hp_per_floor":[80,80,80,80,80,80,80,80,80,80,80,80,80,80,80,80,80,80,80,80,80,80,80,80,80,80,80,80,80,80,80,80,80,80,80,80,85,85,85,85,85,85,85,89,93,93,93,93,93,97],"card_choices":[{"not_picked":["Wild Strike","True Grit"],"picked":"Pummel","floor":1},{"not_picked":["Seeing Red","Clash","Flex"],"picked":"SKIP","floor":2},{"not_picked":["Headbutt","Clash"],"picked":"Corruption","floor":4},{"not_picked":["Thunderclap","Second Wind"],"picked":"Inflame","floor":5},{"not_picked":["Sword Boomerang","Evolve"],"picked":"Exhume","floor":6},{"not_picked":["Flex","Second Wind"],"picked":"Clothesline","floor":8},{"not_picked":["Metallicize","Sever Soul"],"picked":"True Grit+1","floor":11},{"not_picked":["Wild Strike","Corruption","Berserk"],"picked":"SKIP","floor":13},{"not_picked":["Dark Embrace","Offering+1"],"picked":"Immolate","floor":16},{"not_picked":["Hemokinesis+1"],"picked":"SKIP","floor":18},{"not_picked":[],"picked":"Anger","floor":21},{"not_picked":["Sword Boomerang"],"picked":"SKIP","floor":24},{"not_picked":[],"picked":"Uppercut","floor":27},{"not_picked":["Clothesline+1"],"picked":"SKIP","floor":30},{"not_picked":[],"picked":"Pommel Strike+1","floor":31},{"not_picked":[],"picked":"Feed","floor":33},{"not_picked":["Sword Boomerang+1"],"picked":"SKIP","floor":35},{"not_picked":["Pommel Strike"],"picked":"SKIP","floor":36},{"not_picked":["Whirlwind"],"picked":"SKIP","floor":39},{"not_picked":["Flex+1"],"picked":"SKIP","floor":41},{"not_picked":["Flex+1"],"picked":"SKIP","floor":44},{"not_picked":[],"picked":"Shrug It Off+1","floor":45},{"not_picked":[],"picked":"Anger+1","floor":47},{"not_picked":[],"picked":"Headbutt+1","floor":48}],"player_experience":468699,"relics_obtained":[{"floor":6,"key":"Orichalcum"},{"floor":8,"key":"Mummified Hand"},{"floor":9,"key":"Toxic Egg 2"},{"floor":11,"key":"Meat on the Bone"},{"floor":13,"key":"Omamori"},{"floor":21,"key":"Red Mask"},{"floor":24,"key":"Smiling Mask"},{"floor":26,"key":"MealTicket"},{"floor":30,"key":"Ancient Tea Set"},{"floor":37,"key":"CaptainsWheel"},{"floor":41,"key":"TungstenRod"},{"floor":47,"key":"InkBottle"}],"event_choices":[{"damage_healed":0,"gold_gain":0,"player_choice":"Ignored","damage_taken":0,"max_hp_gain":0,"max_hp_loss":0,"event_name":"Golden Idol","floor":3,"gold_loss":0},{"cards_removed":["Strike_R"],"damage_healed":0,"gold_gain":0,"player_choice":"Forget","damage_taken":0,"max_hp_gain":0,"max_hp_loss":0,"event_name":"Living Wall","floor":10,"gold_loss":0},{"damage_healed":0,"gold_gain":0,"player_choice":"Ignored","damage_taken":0,"max_hp_gain":0,"max_hp_loss":0,"event_name":"Ghosts","floor":19,"gold_loss":0},{"damage_healed":0,"gold_gain":99,"player_choice":"Stole From Cult","damage_taken":0,"max_hp_gain":0,"max_hp_loss":0,"event_name":"Nest","floor":20,"gold_loss":0},{"damage_healed":0,"gold_gain":0,"player_choice":"Fought Bandits","damage_taken":0,"max_hp_gain":0,"max_hp_loss":0,"event_name":"Masked Bandits","floor":21,"gold_loss":0},{"damage_healed":0,"gold_gain":0,"player_choice":"Read","damage_taken":0,"max_hp_gain":0,"max_hp_loss":0,"event_name":"The Library","floor":28,"gold_loss":0,"cards_obtained":["Spot Weakness"]},{"cards_removed":["Strike_R"],"damage_healed":0,"gold_gain":0,"player_choice":"Offered Basic","damage_taken":0,"max_hp_gain":0,"max_hp_loss":0,"event_name":"Bonfire Elementals","floor":29,"gold_loss":0},{"damage_healed":0,"gold_gain":0,"player_choice":"Fight","damage_taken":0,"max_hp_gain":0,"max_hp_loss":0,"event_name":"Mysterious Sphere","floor":37,"gold_loss":0}],"is_beta":true,"boss_relics":[{"not_picked":["Runic Cube","Black Blood"],"picked":"Busted Crown"},{"not_picked":["SlaversCollar","Astrolabe"],"picked":"Cursed Key"}],"items_purged_floors":[22,42],"is_endless":false,"potions_floor_spawned":[4,5,6,8,16,21,27,31,35,36,37,44,47],"ascension_level":0}