{"gold_per_floor":[111,111,111,131,73,102,102,177,177,201,201,216,66,84,84,161,161,181,231,244,244,44,44,75,75,75,32,52,69,69,69,69,146,146,161,171,171,187,203,203,203,203,203,217,250,250,266,290,290,290,290],"floor_reached":51,"playtime":2177,"items_purged":["Strike_R","Strike_R"],"score":1411,"play_id":"da45d16a-edd1-4b90-9664-554bd2c57fb5","local_time":"20190217235428","is_ascension_mode":true,"campfire_choices":[{"data":"Hemokinesis","floor":7.0,"key":"SMITH"},{"data":"Rampage","floor":15.0,"key":"SMITH"},{"data":"Demon Form","floor":23.0,"key":"SMITH"},{"floor":25.0,"key":"REST"},{"data":"Clothesline","floor":30.0,"key":"SMITH"},{"floor":32.0,"key":"REST"},{"floor":40.0,"key":"REST"},{"floor":42.0,"key":"REST"},{"floor":46.0,"key":"REST"},{"floor":49.0,"key":"RECALL"}],"neow_cost":"NONE","seed_source_timestamp":127446756579717,"circlet_count":0,"master_deck":["AscendersBane","Strike_R","Strike_R","Defend_R","Defend_R","Defend_R","Defend_R","Bash+1","Purity","Hemokinesis+1","Wild Strike","Iron Wave","Hemokinesis+1","Rampage+1","Corruption","Iron Wave","Demon Form+1","Clothesline","Sword Boomerang","Armaments+1","Clothesline","Feel No Pain+1","Evolve","Metallicize","Clothesline+1","Reaper","True Grit+1","Mayhem","Shockwave+1","Infernal Blade+1","Writhe","Clothesline","Pommel Strike","Shrug It Off+1","Normality"],"special_seed":0,"relics":["Burning Blood","Pen Nib","Toxic Egg 2","Bronze Scales","Snecko Eye","Lantern","Cursed Key","Bottled Lightning","Pocketwatch","Strawberry"],"potions_floor_usage":[50,50],"damage_taken":[{"damage":10.0,"enemies":"Small Slimes","floor":1.0,"turns":3.0},{"damage":8.0,"enemies":"Cultist","floor":4.0,"turns":3.0},{"damage":29.0,"enemies":"Gremlin Nob","floor":6.0,"turns":4.0},{"damage":4.0,"enemies":"Jaw Worm","floor":12.0,"turns":2.0},{"damage":10.0,"enemies":"Blue Slaver","floor":14.0,"turns":3.0},{"damage":13.0,"enemies":"Slime Boss","floor":16.0,"turns":7.0},{"damage":11.0,"enemies":"Chosen","floor":18.0,"turns":3.0},{"damage":6.0,"enemies":"2 Thieves","floor":20.0,"turns":3.0},{"damage":25.0,"enemies":"Book of Stabbing","floor":24.0,"turns":4.0},{"damage":19.0,"enemies":"Shelled Parasite and Fungi","floor":28.0,"turns":5.0},{"damage":8.0,"enemies":"Snecko","floor":29.0,"turns":4.0},{"damage":50.0,"enemies":"Collector","floor":33.0,"turns":8.0},{"damage":0.0,"enemies":"Orb Walker","floor":35.0,"turns":2.0},{"damage":61.0,"enemies":"3 Darklings","floor":36.0,"turns":5.0},{"damage":7.0,"enemies":"Writhing Mass","floor":38.0,"turns":6.0},{"damage":25.0,"enemies":"Maw","floor":39.0,"turns":7.0},{"damage":50.0,"enemies":"Spire Growth","floor":44.0,"turns":4.0},{"damage":24.0,"enemies":"Giant Head","floor":45.0,"turns":6.0},{"damage":13.0,"enemies":"Jaw Worm Horde","floor":47.0,"turns":5.0},{"damage":80,"enemies":"Awakened One","floor":50,"turns":9},{"damage":31,"enemies":"Donu and Deca","floor":51,"turns":2}],"seed_played":"-2262810665196617173","potions_obtained":[{"floor":4.0,"key":"Block Potion"},{"floor":12.0,"key":"Fire Potion"},{"floor":16.0,"key":"Weak Potion"},{"floor":20.0,"key":"EssenceOfSteel"},{"floor":24.0,"key":"EssenceOfSteel"}],"is_trial":false,"path_per_floor":["M","?","?","M","$","E","R","?","T","T","?","M","$","M","R","B",null,"M","?","M","?","$","R","E","R","T","$","M","M","R","?","R","B",null,"M","M","?","M","M","R","?","R","T","M","E","R","M","T","R","B","B"],"character_chosen":"IRONCLAD","items_purchased":["Iron Wave","Corruption","Armaments+1","Clothesline","Evolve"],"campfire_rested":5,"item_purchase_floors":[5,13,22,22,27],"current_hp_per_floor":[64,64,64,62,62,39,39,28,28,28,75,75,75,71,71,64,72,67,67,67,67,67,67,48,70,70,70,57,55,55,34,58,14,64,70,48,48,47,28,52,52,76,76,32,38,62,55,62,62,27,0],"gold":290,"neow_bonus":"RANDOM_COLORLESS","is_prod":false,"is_daily":false,"chose_seed":false,"campfire_upgraded":4,"win_rate":0,"timestamp":1550444068,"path_taken":["M","?","?","?","?","E","R","?","T","?","?","M","$","M","R","BOSS","M","?","?","?","$","R","E","R","T","$","?","M","R","?","R","BOSS","M","M","?","M","M","R","?","R","T","M","E","R","?","?","R","BOSS","BOSS"],"build_version":"2019-01-23","purchased_purges":2,"victory":false,"max_hp_per_floor":[75,75,75,75,75,75,75,75,75,75,75,75,75,75,75,75,75,75,75,75,75,75,75,75,75,75,75,75,75,75,80,80,80,80,80,80,80,80,80,80,80,80,80,80,80,80,80,87,87,87,87],"card_choices":[{"not_picked":["Body Slam","Burning Pact"],"picked":"Hemokinesis","floor":1.0},{"not_picked":["Sword Boomerang","Warcry"],"picked":"Wild Strike","floor":4.0},{"not_picked":["Disarm","Corruption"],"picked":"Hemokinesis","floor":6.0},{"not_picked":["Cleave","Thunderclap"],"picked":"Rampage","floor":12.0},{"not_picked":["Havoc+1","Combust"],"picked":"Iron Wave","floor":14.0},{"not_picked":["Berserk","Reaper"],"picked":"Demon Form","floor":16.0},{"not_picked":["Sword Boomerang","Fire Breathing"],"picked":"Clothesline","floor":18.0},{"not_picked":["Anger","Havoc+1"],"picked":"Sword Boomerang","floor":20.0},{"not_picked":["Entrench+1","Fire Breathing"],"picked":"Feel No Pain+1","floor":24.0},{"not_picked":["Bloodletting+1","Flex+1"],"picked":"Metallicize","floor":28.0},{"not_picked":["Warcry+1","Burning Pact+1"],"picked":"Clothesline","floor":29.0},{"not_picked":["Double Tap+1","Dark Embrace"],"picked":"Reaper","floor":33.0},{"not_picked":["Reckless Charge","Clash","Anger"],"picked":"SKIP","floor":35.0},{"not_picked":["Havoc+1","Twin Strike"],"picked":"True Grit+1","floor":36.0},{"not_picked":["Jack Of All Trades+1","Mind Blast"],"picked":"Mayhem","floor":37.0},{"not_picked":["Body Slam","Dual Wield+1"],"picked":"Shockwave+1","floor":38.0},{"not_picked":["Intimidate+1","Flex+1"],"picked":"Infernal Blade+1","floor":39.0},{"not_picked":["Anger","Havoc+1"],"picked":"Clothesline","floor":44.0},{"not_picked":["Evolve","Fiend Fire"],"picked":"Pommel Strike","floor":45.0},{"not_picked":["Heavy Blade","Armaments+1"],"picked":"Shrug It Off+1","floor":47.0}],"player_experience":642157,"relics_obtained":[{"floor":6.0,"key":"Pen Nib"},{"floor":9.0,"key":"Toxic Egg 2"},{"floor":10.0,"key":"Bronze Scales"},{"floor":24.0,"key":"Lantern"},{"floor":43.0,"key":"Bottled Lightning"},{"floor":45.0,"key":"Pocketwatch"},{"floor":48.0,"key":"Strawberry"}],"event_choices":[{"damage_healed":0.0,"max_hp_gain":0.0,"max_hp_loss":0.0,"gold_gain":0.0,"event_name":"Living Wall","player_choice":"Grow","floor":2.0,"gold_loss":0.0,"damage_taken":0.0,"cards_upgraded":["Hemokinesis"]},{"damage_healed":0.0,"max_hp_gain":0.0,"max_hp_loss":0.0,"gold_gain":0.0,"event_name":"Accursed Blacksmith","player_choice":"Forge","floor":3.0,"gold_loss":0.0,"damage_taken":0.0,"cards_upgraded":["Bash"]},{"damage_healed":0.0,"max_hp_gain":0.0,"max_hp_loss":0.0,"gold_gain":75.0,"event_name":"World of Goop","player_choice":"Gather Gold","floor":8.0,"gold_loss":0.0,"damage_taken":11.0},{"damage_healed":47.0,"max_hp_gain":0.0,"max_hp_loss":0.0,"gold_gain":0.0,"event_name":"Wheel of Change","player_choice":"Full Heal","floor":11.0,"gold_loss":0.0,"damage_taken":0.0},{"damage_healed":0.0,"max_hp_gain":0.0,"max_hp_loss":0.0,"gold_gain":100.0,"event_name":"The Joust","player_choice":"Bet on Murderer","floor":19.0,"gold_loss":50.0,"damage_taken":0.0},{"cards_removed":["Strike_R"],"damage_healed":0.0,"max_hp_gain":0.0,"max_hp_loss":0.0,"gold_gain":0.0,"event_name":"Purifier","player_choice":"Purged","floor":21.0,"gold_loss":0.0,"damage_taken":0.0},{"damage_healed":0.0,"max_hp_gain":5.0,"max_hp_loss":0.0,"gold_gain":0.0,"event_name":"Forgotten Altar","player_choice":"Shed Blood","floor":31.0,"gold_loss":0.0,"damage_taken":26.0},{"damage_healed":0.0,"max_hp_gain":0.0,"max_hp_loss":0.0,"gold_gain":0.0,"event_name":"SensoryStone","player_choice":"Memory 1","floor":37.0,"gold_loss":0.0,"damage_taken":0.0},{"damage_healed":0.0,"max_hp_gain":0.0,"max_hp_loss":0.0,"gold_gain":0.0,"event_name":"Match and Keep!","player_choice":"0 cards matched","floor":41.0,"gold_loss":0.0,"damage_taken":0.0,"cards_obtained":[]}],"is_beta":false,"boss_relics":[{"not_picked":["Runic Cube","Velvet Choker"],"picked":"Snecko Eye"},{"not_picked":["Empty Cage","Black Star"],"picked":"Cursed Key"}],"items_purged_floors":[13,22],"is_endless":false,"potions_floor_spawned":[4,12,16,20,24,33,36,39,45,47],"killed_by":"Donu and Deca","ascension_level":20}