{"gold_per_floor":[116,116,130,140,1,27,27,40,40,56,87,87,87],"floor_reached":13,"playtime":314,"items_purged":[],"score":190,"play_id":"d041c7f2-48a8-4685-b5e4-38971fafc71a","local_time":"20190610164832","is_ascension_mode":true,"campfire_choices":[{"floor":7,"key":"REST"},{"floor":12,"key":"REST"}],"neow_cost":"NONE","seed_source_timestamp":511666025134183,"circlet_count":0,"master_deck":["AscendersBane","Strike_B","Strike_B","Strike_B","Strike_B","Defend_B","Defend_B","Defend_B","Defend_B","Zap","Dualcast","Melter","Loop","Streamline","Ball Lightning","Hello World","Steam","Gash","Compile Driver","Beam Cell"],"relics":["Cracked Core","NeowsBlessing","Ornamental Fan","Darkstone Periapt","Matryoshka","StoneCalendar"],"potions_floor_usage":[8],"damage_taken":[{"damage":0,"enemies":"Small Slimes","floor":1,"turns":1},{"damage":0,"enemies":"Cultist","floor":3,"turns":1},{"damage":0,"enemies":"Jaw Worm","floor":4,"turns":1},{"damage":32,"enemies":"Gremlin Nob","floor":6,"turns":4},{"damage":6,"enemies":"Lots of Slimes","floor":8,"turns":3},{"damage":8,"enemies":"Large Slime","floor":10,"turns":4},{"damage":20,"enemies":"Lagavulin","floor":11,"turns":5},{"damage":41,"enemies":"3 Sentries","floor":13,"turns":5}],"seed_played":"1634001389068680716","potions_obtained":[{"floor":3,"key":"Fire Potion"},{"floor":11,"key":"LiquidBronze"}],"is_trial":false,"path_per_floor":["M","?","M","M","$","E","R","M","T","M","E","R","E"],"character_chosen":"DEFECT","items_purchased":["Ball Lightning","Hello World"],"campfire_rested":2,"item_purchase_floors":[5,5],"current_hp_per_floor":[64,64,64,64,64,32,53,47,47,39,19,40,0],"gold":87,"neow_bonus":"THREE_ENEMY_KILL","is_prod":false,"is_daily":false,"chose_seed":false,"campfire_upgraded":0,"win_rate":0,"timestamp":1560178112,"path_taken":["M","?","M","M","?","E","R","?","T","?","E","R","E"],"build_version":"2019-01-23","purchased_purges":0,"victory":false,"max_hp_per_floor":[71,71,71,71,71,71,71,71,71,71,71,71,71],"card_choices":[{"not_picked":["Streamline","Hologram"],"picked":"Melter","floor":1},{"not_picked":["Force Field","Steam"],"picked":"Loop","floor":3},{"not_picked":["Steam Power","Blizzard"],"picked":"Streamline","floor":4},{"not_picked":["Barrage","Hologram"],"picked":"Steam","floor":6},{"not_picked":["Consume","Turbo"],"picked":"Gash","floor":8},{"not_picked":["Reprogram","Genetic Algorithm"],"picked":"Compile Driver","floor":10},{"not_picked":["Hologram","Meteor Strike"],"picked":"Beam Cell","floor":11}],"player_experience":830262,"relics_obtained":[{"floor":2,"key":"Ornamental Fan"},{"floor":6,"key":"Darkstone Periapt"},{"floor":9,"key":"Matryoshka"},{"floor":11,"key":"StoneCalendar"}],"event_choices":[{"damage_healed":0,"gold_gain":0,"player_choice":"Relic","damage_taken":0,"max_hp_gain":0,"max_hp_loss":0,"event_name":"Wheel of Change","floor":2,"gold_loss":0}],"is_beta":false,"boss_relics":[],"items_purged_floors":[],"is_endless":false,"potions_floor_spawned":[3,11],"killed_by":"3 Sentries","ascension_level":20}