{"gold_per_floor":[117,97,116,132,132,132,57,86,86,98,114,114,114,143,143,143],"floor_reached":16,"playtime":466,"items_purged":[],"score":198,"play_id":"9e9037a8-1976-4d4f-9ad0-aff1584942e0","local_time":"20190611232820","is_ascension_mode":true,"campfire_choices":[{"data":"Zap","floor":6,"key":"SMITH"},{"floor":13,"key":"REST"},{"data":"Rainbow","floor":15,"key":"SMITH"}],"neow_cost":"NONE","seed_source_timestamp":21022868930100,"circlet_count":0,"master_deck":["AscendersBane","Strike_B","Strike_B","Defend_B","Defend_B","Defend_B","Defend_B","Zap+1","Dualcast","Coolheaded","Chill","Loop","Leap","Gash","Heatsinks","Steam Power","Rainbow+1"],"relics":["Cracked Core","NeowsBlessing","StoneCalendar","Bird Faced Urn","Pen Nib"],"potions_floor_usage":[8,8,10,16],"damage_taken":[{"damage":0,"enemies":"Small Slimes","floor":1,"turns":1},{"damage":0,"enemies":"Cultist","floor":3,"turns":1},{"damage":0,"enemies":"Jaw Worm","floor":4,"turns":1},{"damage":56,"enemies":"Gremlin Nob","floor":8,"turns":7},{"damage":0,"enemies":"Large Slime","floor":10,"turns":6},{"damage":11,"enemies":"Exordium Thugs","floor":11,"turns":5},{"damage":10,"enemies":"Lagavulin","floor":14,"turns":7},{"damage":26,"enemies":"Slime Boss","floor":16,"turns":3}],"seed_played":"-4292491522137012571","potions_obtained":[{"floor":2,"key":"SpeedPotion"},{"floor":4,"key":"Fire Potion"},{"floor":8,"key":"Ancient Potion"},{"floor":14,"key":"LiquidBronze"}],"is_trial":false,"path_per_floor":["M","?","M","M","$","R","?","E","T","M","M","?","R","E","R","B"],"character_chosen":"DEFECT","items_purchased":[],"campfire_rested":1,"item_purchase_floors":[],"current_hp_per_floor":[64,64,64,64,64,64,64,8,8,10,1,1,22,16,16,0],"gold":143,"neow_bonus":"THREE_ENEMY_KILL","is_prod":false,"is_daily":false,"chose_seed":false,"campfire_upgraded":2,"win_rate":0,"timestamp":1560288500,"path_taken":["M","?","?","?","$","R","?","E","T","M","M","?","R","E","R","BOSS"],"build_version":"2019-01-23","purchased_purges":0,"victory":false,"max_hp_per_floor":[71,71,71,71,71,71,71,71,71,71,71,71,71,71,71,71],"card_choices":[{"not_picked":["Turbo","Hologram"],"picked":"Coolheaded","floor":1},{"not_picked":["Leap","Go for the Eyes"],"picked":"Chill","floor":3},{"not_picked":["Double Energy","Barrage"],"picked":"Loop","floor":4},{"not_picked":["Redo","Auto Shields"],"picked":"Leap","floor":8},{"not_picked":["Leap","Steam Power"],"picked":"Gash","floor":10},{"not_picked":["Turbo","Coolheaded"],"picked":"Heatsinks","floor":11},{"not_picked":["Force Field","Ball Lightning"],"picked":"Rainbow","floor":14}],"player_experience":1305046,"relics_obtained":[{"floor":8,"key":"StoneCalendar"},{"floor":9,"key":"Bird Faced Urn"},{"floor":14,"key":"Pen Nib"}],"event_choices":[{"damage_healed":0,"gold_gain":0,"player_choice":"Bought 1 Potion","damage_taken":0,"max_hp_gain":0,"max_hp_loss":0,"event_name":"The Woman in Blue","floor":2,"gold_loss":0},{"cards_removed":["Strike_B"],"damage_healed":0,"gold_gain":0,"player_choice":"Card Removal","damage_taken":0,"max_hp_gain":0,"max_hp_loss":0,"event_name":"The Cleric","floor":7,"gold_loss":75},{"damage_healed":0,"gold_gain":0,"cards_transformed":["Strike_B"],"player_choice":"Transformed","damage_taken":0,"max_hp_gain":0,"max_hp_loss":0,"event_name":"Transmorgrifier","floor":12,"gold_loss":0,"cards_obtained":["Steam Power"]}],"is_beta":false,"boss_relics":[],"items_purged_floors":[],"is_endless":false,"potions_floor_spawned":[4,8,14],"killed_by":"Slime Boss","ascension_level":16}