{"gold_per_floor":[110,110,127,141,74,74,109,109,109,109,109],"floor_reached":11,"playtime":534,"items_purged":[],"score":107,"play_id":"6780d95b-49c0-4aa7-ad5b-0bb110a90b23","local_time":"20190420211436","is_ascension_mode":true,"campfire_choices":[{"data":"Capacitor","floor":6.0,"key":"SMITH"},{"data":"Go for the Eyes","floor":8.0,"key":"SMITH"},{"data":"Dualcast","floor":10,"key":"SMITH"}],"neow_cost":"NONE","seed_source_timestamp":0,"circlet_count":0,"master_deck":["AscendersBane","Strike_B","Strike_B","Strike_B","Defend_B","Defend_B","Defend_B","Defend_B","Zap","Dualcast+1","Glacier","Go for the Eyes+1","Capacitor+1","Barrage"],"special_seed":0,"relics":["Black Star","Darkstone Periapt","Kunai","Potion Belt"],"potions_floor_usage":[11],"damage_taken":[{"damage":9.0,"enemies":"Jaw Worm","floor":1.0,"turns":6.0},{"damage":4.0,"enemies":"Small Slimes","floor":3.0,"turns":4.0},{"damage":3.0,"enemies":"2 Louse","floor":4.0,"turns":4.0},{"damage":11.0,"enemies":"Lagavulin","floor":7.0,"turns":11.0},{"damage":45,"enemies":"Gremlin Gang","floor":11,"turns":4}],"seed_played":"-1181898593848242209","potions_obtained":[{"floor":1.0,"key":"Swift Potion"},{"floor":7.0,"key":"FocusPotion"}],"is_trial":false,"path_per_floor":["M","?","M","M","$","R","E","R","T","R","M"],"character_chosen":"DEFECT","items_purchased":["Capacitor"],"campfire_rested":0,"item_purchase_floors":[5],"current_hp_per_floor":[59,59,55,52,52,52,41,41,41,41,0],"gold":109,"neow_bonus":"BOSS_RELIC","is_prod":false,"is_daily":false,"chose_seed":false,"campfire_upgraded":3,"win_rate":0,"timestamp":1555820076,"path_taken":["M","?","M","M","$","R","E","R","T","R","M"],"build_version":"2019-01-23","purchased_purges":0,"victory":false,"max_hp_per_floor":[75,75,75,75,75,75,75,75,75,75,75],"card_choices":[{"not_picked":["Consume","Lockon"],"picked":"Glacier","floor":1.0},{"not_picked":["Conserve Battery","Rebound","White Noise"],"picked":"SKIP","floor":3.0},{"not_picked":["Steam","Auto Shields"],"picked":"Go for the Eyes","floor":4.0},{"not_picked":["Tempest","Cold Snap"],"picked":"Barrage","floor":7.0}],"player_experience":110226,"relics_obtained":[{"floor":7.0,"key":"Darkstone Periapt"},{"floor":7.0,"key":"Kunai"},{"floor":9.0,"key":"Potion Belt"}],"event_choices":[{"cards_removed":["Strike_B"],"damage_healed":0.0,"max_hp_gain":0.0,"max_hp_loss":0.0,"gold_gain":0.0,"event_name":"Living Wall","player_choice":"Forget","floor":2.0,"gold_loss":0.0,"damage_taken":0.0}],"is_beta":false,"boss_relics":[],"items_purged_floors":[],"is_endless":false,"potions_floor_spawned":[1,7],"killed_by":"Gremlin Gang","ascension_level":10}