{"gold_per_floor":[114,127,144,158,123,156,156,167,191,216,366,366],"floor_reached":12,"playtime":264,"items_purged":[],"score":180,"play_id":"5b72761d-2a9f-4344-b88a-66ac16ee262a","local_time":"20190518121317","is_ascension_mode":true,"campfire_choices":[{"floor":7,"key":"REST"}],"neow_cost":"NONE","seed_source_timestamp":60558552413341,"circlet_count":0,"master_deck":["AscendersBane","Strike_R","Strike_R","Strike_R","Strike_R","Strike_R","Defend_R","Defend_R","Defend_R","Defend_R","Bash","Perfected Strike","Dropkick","Shrug It Off","Iron Wave","Battle Trance","Doubt"],"special_seed":0,"relics":["Black Star","Question Card","Blood Vial","Vajra","Unceasing Top"],"potions_floor_usage":[6,10],"damage_taken":[{"damage":14.0,"enemies":"Jaw Worm","floor":1.0,"turns":3.0},{"damage":6.0,"enemies":"2 Louse","floor":2.0,"turns":3.0},{"damage":4.0,"enemies":"Small Slimes","floor":3.0,"turns":4.0},{"damage":12.0,"enemies":"Looter","floor":4.0,"turns":3.0},{"damage":35,"enemies":"Lagavulin","floor":6,"turns":6},{"damage":11,"enemies":"2 Fungi Beasts","floor":8,"turns":4},{"damage":19,"enemies":"Gremlin Nob","floor":10,"turns":4},{"damage":22,"enemies":"3 Sentries","floor":12,"turns":2}],"seed_played":"557100673768443196","potions_obtained":[{"floor":1.0,"key":"Ancient Potion"},{"floor":4.0,"key":"SteroidPotion"}],"is_trial":false,"path_per_floor":["M","M","M","M","?","E","R","M","T","E","?","E"],"character_chosen":"IRONCLAD","items_purchased":[],"campfire_rested":1,"item_purchase_floors":[],"current_hp_per_floor":[54,48,44,32,50,15,37,28,28,11,11,0],"gold":366,"neow_bonus":"BOSS_RELIC","is_prod":false,"is_daily":false,"chose_seed":false,"campfire_upgraded":0,"win_rate":0,"timestamp":1558174397,"path_taken":["M","M","M","M","?","E","R","M","T","E","?","E"],"build_version":"2019-01-23","purchased_purges":0,"victory":false,"max_hp_per_floor":[75,75,75,75,75,75,75,75,75,75,75,75],"card_choices":[{"not_picked":["Carnage","Body Slam"],"picked":"Perfected Strike","floor":1.0},{"not_picked":["Headbutt","Heavy Blade","Intimidate"],"picked":"SKIP","floor":2.0},{"not_picked":["Thunderclap","Flex","Seeing Red"],"picked":"SKIP","floor":3.0},{"not_picked":["Cleave","Clash"],"picked":"Dropkick","floor":4.0},{"not_picked":["Seeing Red","Second Wind"],"picked":"Shrug It Off","floor":6},{"not_picked":["Wild Strike","Corruption","Pommel Strike"],"picked":"Iron Wave","floor":8},{"not_picked":["Double Tap","True Grit","Rupture"],"picked":"Battle Trance","floor":10}],"player_experience":792530,"relics_obtained":[{"floor":6,"key":"Question Card"},{"floor":6,"key":"Blood Vial"},{"floor":10,"key":"Vajra"},{"floor":10,"key":"Unceasing Top"}],"event_choices":[{"damage_healed":18.0,"max_hp_gain":0.0,"max_hp_loss":0.0,"gold_gain":0.0,"event_name":"The Cleric","player_choice":"Healed","floor":5.0,"gold_loss":35.0,"damage_taken":0.0},{"damage_healed":0,"gold_gain":150,"player_choice":"AGREE","damage_taken":0,"max_hp_gain":0,"max_hp_loss":0,"event_name":"Liars Game","floor":11,"gold_loss":0,"cards_obtained":["Doubt"]}],"is_beta":false,"boss_relics":[],"items_purged_floors":[],"is_endless":false,"potions_floor_spawned":[1,4],"killed_by":"3 Sentries","ascension_level":20}