{"gold_per_floor":[114,114,138,162,162,196,161,161,161,161,161,184,184],"floor_reached":13,"playtime":358,"items_purged":[],"score":149,"play_id":"6f399fca-d44d-4103-a0d7-a3c898cf1670","local_time":"20190616070345","is_ascension_mode":true,"campfire_choices":[{"data":"Neutralize","floor":8,"key":"SMITH"},{"data":"Sucker Punch","floor":10,"key":"SMITH"}],"neow_cost":"NONE","seed_source_timestamp":370094322789500,"circlet_count":0,"master_deck":["AscendersBane","Defend_G","Defend_G","Defend_G","Defend_G","Defend_G","Strike_G","Strike_G","Strike_G","Strike_G","Survivor","Neutralize+1","Blind","Sucker Punch+1","Flying Knee","Well Laid Plans","Calculated Gamble","Corpse Explosion","Deflect"],"relics":["Ring of the Snake","Golden Idol","WingedGreaves","Unceasing Top"],"potions_floor_usage":[6],"damage_taken":[{"damage":0,"enemies":"2 Louse","floor":1,"turns":3},{"damage":0,"enemies":"Jaw Worm","floor":3,"turns":5},{"damage":10,"enemies":"Small Slimes","floor":4,"turns":4},{"damage":21,"enemies":"Lagavulin","floor":6,"turns":12},{"damage":2,"enemies":"2 Fungi Beasts","floor":12,"turns":2},{"damage":42,"enemies":"Gremlin Nob","floor":13,"turns":4}],"seed_played":"3835064276996353002","potions_obtained":[{"floor":3,"key":"Dexterity Potion"}],"is_trial":false,"path_per_floor":["M","?","M","M","?","E","?","R","T","R","?","M","E"],"character_chosen":"THE_SILENT","items_purchased":[],"campfire_rested":0,"item_purchase_floors":[],"current_hp_per_floor":[59,59,59,49,42,21,37,37,37,37,37,35,0],"gold":184,"neow_bonus":"RANDOM_COLORLESS","is_prod":false,"is_daily":false,"chose_seed":false,"campfire_upgraded":2,"win_rate":0,"timestamp":1560661425,"path_taken":["M","?","M","M","?","E","?","R","T","R","?","M","E"],"build_version":"2019-01-23","purchased_purges":0,"victory":false,"max_hp_per_floor":[66,66,66,66,66,66,66,66,66,66,66,66,66],"card_choices":[{"not_picked":["Reflex","Accuracy"],"picked":"Sucker Punch","floor":1},{"not_picked":["Deadly Poison","Accuracy"],"picked":"Flying Knee","floor":3},{"not_picked":["Prepared","Bane"],"picked":"Well Laid Plans","floor":4},{"not_picked":["Acrobatics","Quick Slash"],"picked":"Calculated Gamble","floor":6},{"not_picked":["Acrobatics","Cloak And Dagger"],"picked":"Deflect","floor":12}],"player_experience":1368354,"relics_obtained":[{"floor":6,"key":"WingedGreaves"},{"floor":9,"key":"Unceasing Top"}],"event_choices":[{"damage_healed":0,"gold_gain":0,"player_choice":"Take Wound","damage_taken":0,"relics_obtained":["Golden Idol"],"max_hp_gain":0,"max_hp_loss":0,"event_name":"Golden Idol","floor":2,"gold_loss":0,"cards_obtained":["Injury"]},{"cards_removed":["Injury"],"damage_healed":0,"gold_gain":0,"player_choice":"Card Removal","damage_taken":7,"max_hp_gain":0,"max_hp_loss":0,"event_name":"Golden Wing","floor":5,"gold_loss":0},{"damage_healed":16,"gold_gain":0,"player_choice":"Healed","damage_taken":0,"max_hp_gain":0,"max_hp_loss":0,"event_name":"The Cleric","floor":7,"gold_loss":35},{"damage_healed":0,"gold_gain":0,"cards_transformed":["Strike_G"],"player_choice":"Change","damage_taken":0,"max_hp_gain":0,"max_hp_loss":0,"event_name":"Living Wall","floor":11,"gold_loss":0,"cards_obtained":["Corpse Explosion"]}],"is_beta":false,"boss_relics":[],"items_purged_floors":[],"is_endless":false,"potions_floor_spawned":[3],"killed_by":"Gremlin Nob","ascension_level":16}