{"gold_per_floor":[113,126,146,146,146,146,174,174,201,212,16,16,34,47,47,118,118,128,128,128,141,32,32,58,58,134,134,161,22,0,18,18,96,96,114,114],"floor_reached":36,"playtime":1432,"items_purged":["Strike_B","Defend_B"],"score":740,"play_id":"bfb290b6-93a0-4647-b61a-b1518923d7fa","local_time":"20190730174558","is_ascension_mode":true,"campfire_choices":[{"data":"Zap","floor":6,"key":"SMITH"},{"floor":8,"key":"REST"},{"data":"Capacitor","floor":12,"key":"SMITH"},{"floor":15,"key":"REST"},{"floor":23,"key":"REST"},{"data":"Buffer","floor":25,"key":"SMITH"},{"data":"White Noise","floor":27,"key":"SMITH"},{"floor":32,"key":"REST"}],"neow_cost":"PERCENT_DAMAGE","seed_source_timestamp":91511714405700,"circlet_count":0,"master_deck":["AscendersBane","Defend_B","Zap+1","Dualcast","Cold Snap","Stack","Conserve Battery","Gash+1","Capacitor+1","Ball Lightning+1","Finesse","Sweeping Beam+1","Leap","Buffer+1","Leap","Auto Shields","Hyperbeam+1","Beam Cell+1","Melter+1","Coolheaded","White Noise+1","Redo","Self Repair","BootSequence","Electrodynamics"],"relics":["FrozenCore","Letter Opener","Molten Egg 2","Art of War","Busted Crown","Bag of Marbles","Pantograph","Smiling Mask"],"potions_floor_usage":[3,13,24,33,33,35],"damage_taken":[{"damage":0,"enemies":"Cultist","floor":1,"turns":3},{"damage":2,"enemies":"Small Slimes","floor":2,"turns":3},{"damage":6,"enemies":"Jaw Worm","floor":3,"turns":4},{"damage":17,"enemies":"3 Sentries","floor":7,"turns":8},{"damage":0,"enemies":"Exordium Wildlife","floor":10,"turns":2},{"damage":12,"enemies":"3 Louse","floor":13,"turns":3},{"damage":1,"enemies":"Blue Slaver","floor":14,"turns":3},{"damage":9,"enemies":"The Guardian","floor":16,"turns":10},{"damage":1,"enemies":"3 Byrds","floor":18,"turns":4},{"damage":11,"enemies":"Shell Parasite","floor":21,"turns":6},{"damage":7,"enemies":"Slavers","floor":24,"turns":5},{"damage":35,"enemies":"Book of Stabbing","floor":28,"turns":7},{"damage":8,"enemies":"Centurion and Healer","floor":31,"turns":7},{"damage":16,"enemies":"Automaton","floor":33,"turns":11},{"damage":4,"enemies":"3 Shapes","floor":35,"turns":5},{"damage":78,"enemies":"2 Orb Walkers","floor":36,"turns":4}],"seed_played":"-8398814589404948006","potions_obtained":[{"floor":1,"key":"Energy Potion"},{"floor":7,"key":"FearPotion"},{"floor":21,"key":"AttackPotion"},{"floor":28,"key":"SkillPotion"},{"floor":31,"key":"Block Potion"},{"floor":35,"key":"Fruit Juice"}],"is_trial":false,"path_per_floor":["M","M","M","T","?","R","E","R","T","M","$","R","M","M","R","B",null,"M","?","?","M","$","R","E","R","T","R","E","$","?","M","R","B",null,"M","?"],"character_chosen":"DEFECT","items_purchased":["Ball Lightning+1","Finesse","Melter+1","Coolheaded","Self Repair"],"campfire_rested":4,"item_purchase_floors":[11,11,22,22,29],"current_hp_per_floor":[46,44,38,38,38,38,21,42,42,42,42,42,30,29,50,41,64,63,63,63,52,52,71,64,64,64,64,29,29,29,28,49,55,67,75,0],"gold":114,"neow_bonus":"REMOVE_TWO","is_prod":false,"is_daily":false,"chose_seed":false,"campfire_upgraded":4,"win_rate":0,"timestamp":1564501558,"path_taken":["M","M","M","?","?","R","E","R","T","?","$","R","M","M","R","BOSS","M","?","?","M","?","R","E","R","T","R","E","$","?","M","R","BOSS","M","?"],"build_version":"2019-07-17","purchased_purges":2,"victory":false,"max_hp_per_floor":[71,71,71,71,71,71,71,71,71,71,71,71,71,71,71,71,71,71,71,71,71,71,71,71,71,71,71,71,71,71,71,71,71,71,76,76],"card_choices":[{"not_picked":["Lockon","Redo"],"picked":"Cold Snap","floor":1},{"not_picked":["Streamline","Consume"],"picked":"Stack","floor":2},{"not_picked":["Stack","Rebound"],"picked":"Conserve Battery","floor":3},{"not_picked":["Conserve Battery","Barrage"],"picked":"Gash","floor":7},{"not_picked":["Cold Snap+1","Fission"],"picked":"Capacitor","floor":10},{"not_picked":["Undo","Barrage+1"],"picked":"Sweeping Beam+1","floor":13},{"not_picked":["Auto Shields","Barrage+1"],"picked":"Leap","floor":14},{"not_picked":["Biased Cognition","Electrodynamics"],"picked":"Buffer","floor":16},{"not_picked":[],"picked":"Leap","floor":18},{"not_picked":[],"picked":"Beam Cell+1","floor":21},{"not_picked":[],"picked":"White Noise","floor":24},{"not_picked":[],"picked":"Redo","floor":28},{"not_picked":[],"picked":"BootSequence","floor":31},{"not_picked":[],"picked":"Electrodynamics","floor":33},{"not_picked":["Cold Snap+1"],"picked":"SKIP","floor":35}],"player_experience":1761613,"relics_obtained":[{"floor":4,"key":"Letter Opener"},{"floor":7,"key":"Molten Egg 2"},{"floor":9,"key":"Art of War"},{"floor":24,"key":"Bag of Marbles"},{"floor":26,"key":"Pantograph"},{"floor":28,"key":"Smiling Mask"}],"event_choices":[{"cards_removed":["Strike_B"],"damage_healed":0,"gold_gain":0,"player_choice":"Purged","damage_taken":0,"max_hp_gain":0,"max_hp_loss":0,"event_name":"Purifier","floor":5,"gold_loss":0},{"damage_healed":0,"gold_gain":0,"cards_transformed":["Strike_B","Defend_B"],"player_choice":"Became Test Subject","damage_taken":0,"max_hp_gain":0,"max_hp_loss":0,"event_name":"Drug Dealer","floor":19,"gold_loss":0,"cards_obtained":["Auto Shields","Hyperbeam"]},{"damage_healed":0,"gold_gain":0,"player_choice":"Ignored","damage_taken":0,"max_hp_gain":0,"max_hp_loss":0,"event_name":"Vampires","floor":20,"gold_loss":0},{"damage_healed":0,"gold_gain":0,"player_choice":"Paid Fearfully","damage_taken":0,"max_hp_gain":0,"max_hp_loss":0,"event_name":"Masked Bandits","floor":30,"gold_loss":22},{"damage_healed":0,"gold_gain":0,"player_choice":"Fight","damage_taken":0,"max_hp_gain":0,"max_hp_loss":0,"event_name":"Mysterious Sphere","floor":36,"gold_loss":0}],"is_beta":false,"boss_relics":[{"not_picked":["Runic Dome","Calling Bell"],"picked":"Busted Crown"},{"not_picked":["Eternal Feather","Tiny House"],"picked":"FrozenCore"}],"items_purged_floors":[11,29],"is_endless":false,"potions_floor_spawned":[1,7,21,28,31,35],"killed_by":"2 Orb Walkers","ascension_level":17}