{"gold_per_floor":[110,110,130,130,143,172,172,192,192,208,208],"floor_reached":11,"playtime":512,"items_purged":[],"score":150,"play_id":"00cd2438-08f8-4fe4-9609-6193ed2fca03","local_time":"20190106202253","is_ascension_mode":true,"campfire_choices":[{"floor":7.0,"key":"REST"}],"neow_cost":"NONE","seed_source_timestamp":354998456671818,"circlet_count":0,"master_deck":["AscendersBane","Strike_B","Strike_B","Strike_B","Strike_B","Defend_B","Defend_B","Defend_B","Defend_B","Zap","Dualcast","Finesse","Double Energy","Steam","Go for the Eyes","Electrodynamics","Conserve Battery"],"special_seed":0,"relics":["Cracked Core","Bag of Marbles","Girya"],"potions_floor_usage":[11],"damage_taken":[{"damage":1.0,"enemies":"2 Louse","floor":1.0,"turns":2.0},{"damage":1.0,"enemies":"Cultist","floor":3.0,"turns":3.0},{"damage":15.0,"enemies":"Small Slimes","floor":5.0,"turns":4.0},{"damage":29.0,"enemies":"3 Sentries","floor":6.0,"turns":8.0},{"damage":1.0,"enemies":"Blue Slaver","floor":8.0,"turns":4.0},{"damage":7,"enemies":"2 Fungi Beasts","floor":10,"turns":4},{"damage":21,"enemies":"Lagavulin","floor":11,"turns":5}],"seed_played":"6396968728986911891","potions_obtained":[{"floor":5.0,"key":"Swift Potion"},{"floor":8.0,"key":"LiquidBronze"},{"floor":10,"key":"FearPotion"}],"is_trial":false,"path_per_floor":["M","?","M","?","M","E","R","M","T","M","E"],"character_chosen":"DEFECT","items_purchased":[],"campfire_rested":1,"item_purchase_floors":[],"current_hp_per_floor":[63,58,57,47,32,3,24,23,23,16,0],"gold":208,"neow_bonus":"RANDOM_COLORLESS","is_prod":false,"is_daily":false,"chose_seed":false,"campfire_upgraded":0,"win_rate":0,"timestamp":1546802573,"path_taken":["M","?","M","?","M","E","R","?","T","M","E"],"build_version":"2019-01-03v4","purchased_purges":0,"victory":false,"max_hp_per_floor":[71,71,71,71,71,71,71,71,71,71,71],"card_choices":[{"not_picked":["Rebound","Hello World"],"picked":"Double Energy","floor":1.0},{"not_picked":["Hello World","Stack"],"picked":"Steam","floor":3.0},{"not_picked":["Sweeping Beam","Chaos"],"picked":"Go for the Eyes","floor":5.0},{"not_picked":["Beam Cell","Blizzard"],"picked":"Electrodynamics","floor":6.0},{"not_picked":["White Noise","Turbo"],"picked":"Conserve Battery","floor":8.0},{"not_picked":["Rebound","Redo","Heatsinks"],"picked":"SKIP","floor":10}],"player_experience":578873,"relics_obtained":[{"floor":6.0,"key":"Girya"}],"event_choices":[{"damage_healed":0.0,"max_hp_gain":0.0,"max_hp_loss":0.0,"gold_gain":0.0,"event_name":"Scrap Ooze","player_choice":"Success","floor":2.0,"gold_loss":0.0,"damage_taken":5.0,"relics_obtained":["Bag of Marbles"]},{"damage_healed":0.0,"max_hp_gain":0.0,"max_hp_loss":0.0,"gold_gain":0.0,"event_name":"Wheel of Change","player_choice":"Damaged","floor":4.0,"gold_loss":0.0,"damage_taken":10.0}],"is_beta":false,"boss_relics":[],"items_purged_floors":[],"is_endless":false,"potions_floor_spawned":[5,8,10],"killed_by":"Lagavulin","ascension_level":20}