{"gold_per_floor":[117,117,117,117,131,131,166,166,166,1,27,43,62,2,2,77,77,91,9,20,20,32,32,47,3,53,73,73,73,93,33,33,33],"floor_reached":33,"playtime":983,"items_purged":["Strike_G"],"score":504,"play_id":"f589f1da-6ceb-4403-baec-aef4c15ae890","local_time":"20190622063539","is_ascension_mode":true,"campfire_choices":[{"data":"Storm of Steel","floor":6,"key":"SMITH"},{"data":"Bullet Time","floor":8,"key":"SMITH"},{"data":"Dash","floor":15,"key":"SMITH"},{"floor":23,"key":"REST"},{"data":"Envenom","floor":28,"key":"SMITH"},{"floor":32,"key":"REST"}],"neow_cost":"NONE","seed_source_timestamp":368254632230900,"circlet_count":0,"master_deck":["AscendersBane","Defend_G","Defend_G+1","Defend_G","Defend_G","Defend_G","Strike_G","Strike_G","Strike_G","Survivor","Neutralize","Dash+1","Storm of Steel+1","Blur","Bullet Time+1","All Out Attack","Endless Agony","Prepared+1","Dodge and Roll","Envenom+1","Poisoned Stab","Footwork","Poisoned Stab","Dagger Spray+1","PiercingWail+1","Blade Dance","Blur","Crippling Poison","Footwork"],"relics":["Ring of the Snake","Happy Flower","The Courier","Vajra","Blood Vial","WristBlade","War Paint","Nloth\u0027s Gift"],"potions_floor_usage":[7,12,16,22,33,33],"damage_taken":[{"damage":0,"enemies":"2 Louse","floor":1,"turns":1},{"damage":0,"enemies":"Cultist","floor":5,"turns":1},{"damage":0,"enemies":"Lagavulin","floor":7,"turns":1},{"damage":13,"enemies":"Gremlin Nob","floor":11,"turns":4},{"damage":0,"enemies":"Jaw Worm","floor":12,"turns":1},{"damage":0,"enemies":"Red Slaver","floor":13,"turns":2},{"damage":27,"enemies":"Slime Boss","floor":16,"turns":12},{"damage":13,"enemies":"Chosen","floor":18,"turns":6},{"damage":8,"enemies":"Spheric Guardian","floor":20,"turns":4},{"damage":13,"enemies":"Centurion and Healer","floor":22,"turns":4},{"damage":21,"enemies":"3 Cultists","floor":24,"turns":5},{"damage":0,"enemies":"Snecko","floor":27,"turns":5},{"damage":0,"enemies":"Sentry and Sphere","floor":30,"turns":3},{"damage":46,"enemies":"Automaton","floor":33,"turns":6}],"seed_played":"-8195613018427160811","potions_obtained":[{"floor":2,"key":"Poison Potion"},{"floor":2,"key":"Block Potion"},{"floor":5,"key":"SkillPotion"},{"floor":12,"key":"SpeedPotion"},{"floor":13,"key":"AttackPotion"},{"floor":20,"key":"SkillPotion"},{"floor":24,"key":"PowerPotion"}],"is_trial":false,"path_per_floor":["M","?","$","?","M","R","E","R","T","$","E","M","M","$","R","B",null,"M","$","M","?","M","R","M","$","T","M","R","?","M","$","R","B"],"character_chosen":"THE_SILENT","items_purchased":["Vajra","All Out Attack","Footwork","Poisoned Stab","Strength Potion","Footwork"],"campfire_rested":2,"item_purchase_floors":[10,10,19,19,25,31],"current_hp_per_floor":[59,59,59,59,59,59,59,59,59,59,46,48,50,50,50,25,56,45,45,39,21,10,31,12,12,12,14,14,14,16,16,37,0],"gold":33,"neow_bonus":"THREE_ENEMY_KILL","is_prod":false,"is_daily":false,"chose_seed":false,"campfire_upgraded":4,"win_rate":0,"timestamp":1561178139,"path_taken":["M","?","?","?","?","R","E","R","T","$","E","M","M","?","R","BOSS","M","$","M","?","M","R","M","$","T","M","R","?","?","?","R","BOSS"],"build_version":"2019-01-23","purchased_purges":1,"victory":false,"max_hp_per_floor":[66,66,66,66,66,66,66,66,66,66,66,66,66,66,66,66,66,66,66,66,71,71,71,71,71,71,71,71,71,71,71,71,71],"card_choices":[{"not_picked":["Dodge and Roll","Blade Dance"],"picked":"Dash","floor":1},{"not_picked":["Deadly Poison","Backflip"],"picked":"Blur","floor":5},{"not_picked":["Noxious Fumes","Slice"],"picked":"Bullet Time","floor":7},{"not_picked":["Terror","Deflect"],"picked":"Endless Agony","floor":11},{"not_picked":["Acrobatics","Cloak And Dagger"],"picked":"Prepared","floor":12},{"not_picked":["Unload","Cloak And Dagger"],"picked":"Dodge and Roll","floor":13},{"not_picked":["Corpse Explosion","Grand Finale"],"picked":"Envenom","floor":16},{"not_picked":["Bane","Dagger Throw"],"picked":"Poisoned Stab","floor":18},{"not_picked":["Cloak And Dagger","Reflex"],"picked":"Dagger Spray+1","floor":20},{"not_picked":["Calculated Gamble","Expertise"],"picked":"PiercingWail+1","floor":22},{"not_picked":["Bane","Sucker Punch+1"],"picked":"Blade Dance","floor":24},{"not_picked":["Underhanded Strike","Sucker Punch"],"picked":"Blur","floor":27},{"not_picked":["Blur","Underhanded Strike"],"picked":"Crippling Poison","floor":30}],"player_experience":1427407,"relics_obtained":[{"floor":7,"key":"Happy Flower"},{"floor":9,"key":"The Courier"},{"floor":11,"key":"Blood Vial"},{"floor":26,"key":"War Paint"}],"event_choices":[{"damage_healed":0,"gold_gain":0,"player_choice":"Got Potions","damage_taken":0,"max_hp_gain":0,"max_hp_loss":0,"event_name":"Lab","floor":2,"gold_loss":0},{"damage_healed":0,"gold_gain":0,"cards_transformed":["Strike_G"],"player_choice":"Change","damage_taken":0,"max_hp_gain":0,"max_hp_loss":0,"event_name":"Living Wall","floor":4,"gold_loss":0,"cards_obtained":["Storm of Steel"]},{"damage_healed":0,"gold_gain":0,"player_choice":"Shed Blood","damage_taken":23,"max_hp_gain":5,"max_hp_loss":0,"event_name":"Forgotten Altar","floor":21,"gold_loss":0},{"damage_healed":0,"gold_gain":0,"player_choice":"Traded Relic","damage_taken":0,"relics_obtained":["Nloth\u0027s Gift"],"max_hp_gain":0,"max_hp_loss":0,"event_name":"N\u0027loth","floor":29,"relics_lost":["NeowsBlessing"],"gold_loss":0}],"is_beta":false,"boss_relics":[{"not_picked":["Cursed Key","Runic Dome"],"picked":"WristBlade"}],"items_purged_floors":[14],"is_endless":false,"potions_floor_spawned":[5,12,13,20,24],"killed_by":"Automaton","ascension_level":16}