{"gold_per_floor":[114,126,144,155,171,171,198,198,198,227,240,275,200,222,222,300,300,318,330,245,89,89,89,89,89,162,196,196,208,221,232,232,309,309,319,334,334,334],"floor_reached":38,"playtime":1338,"items_purged":["Strike_B"],"score":832,"play_id":"abde6a03-3466-4589-86f0-cc17ecdfb953","local_time":"20190302141939","is_ascension_mode":true,"campfire_choices":[{"floor":6.0,"key":"REST"},{"floor":8.0,"key":"REST"},{"data":"Loop","floor":15.0,"key":"SMITH"},{"data":"Static Discharge","floor":23.0,"key":"SMITH"},{"data":"Loop","floor":25.0,"key":"SMITH"},{"data":"1","floor":28,"key":"LIFT"},{"data":"2","floor":32,"key":"LIFT"}],"neow_cost":"NONE","seed_source_timestamp":1213964327220034,"circlet_count":0,"master_deck":["AscendersBane","Defend_B","Defend_B","Defend_B","Defend_B","Zap","Dualcast","Self Repair","Loop+1","Conserve Battery","Loop+1","Ball Lightning","Ball Lightning","Coolheaded","Conserve Battery","Hello World","Conserve Battery","Coolheaded","Thunder Strike","Cold Snap","Redo+1","Static Discharge+1","Go for the Eyes","Barrage","Core Surge","Skim","Glacier","Redo+1","Electrodynamics","Coolheaded","Writhe"],"special_seed":0,"relics":["Cracked Core","Mercury Hourglass","Bronze Scales","Pantograph","Odd Mushroom","Eternal Feather","Du-Vu Doll","Letter Opener","Girya","Fusion Hammer"],"potions_floor_usage":[27,33],"damage_taken":[{"damage":7.0,"enemies":"Cultist","floor":1.0,"turns":4.0},{"damage":4.0,"enemies":"Small Slimes","floor":2.0,"turns":4.0},{"damage":9.0,"enemies":"Jaw Worm","floor":3.0,"turns":5.0},{"damage":36.0,"enemies":"Exordium Thugs","floor":4.0,"turns":5.0},{"damage":14.0,"enemies":"Blue Slaver","floor":5.0,"turns":4.0},{"damage":37.0,"enemies":"Lagavulin","floor":7.0,"turns":6.0},{"damage":15.0,"enemies":"3 Sentries","floor":10.0,"turns":4.0},{"damage":6.0,"enemies":"Looter","floor":11.0,"turns":2.0},{"damage":8.0,"enemies":"Gremlin Nob","floor":12.0,"turns":3.0},{"damage":9.0,"enemies":"The Mushroom Lair","floor":14.0,"turns":3.0},{"damage":24.0,"enemies":"Slime Boss","floor":16.0,"turns":6.0},{"damage":0.0,"enemies":"Chosen","floor":18.0,"turns":5.0},{"damage":38.0,"enemies":"2 Thieves","floor":19.0,"turns":4.0},{"damage":44,"enemies":"Book of Stabbing","floor":27,"turns":5},{"damage":30,"enemies":"Cultist and Chosen","floor":29,"turns":5},{"damage":12,"enemies":"Snake Plant","floor":30,"turns":3},{"damage":4,"enemies":"Snecko","floor":31,"turns":5},{"damage":54,"enemies":"Automaton","floor":33,"turns":8},{"damage":6,"enemies":"Orb Walker","floor":35,"turns":3},{"damage":12,"enemies":"3 Shapes","floor":36,"turns":4},{"damage":67,"enemies":"Spire Growth","floor":38,"turns":5}],"seed_played":"3742708418360316036","potions_obtained":[{"floor":1.0,"key":"LiquidBronze"},{"floor":5.0,"key":"PowerPotion"},{"floor":7.0,"key":"PowerPotion"},{"floor":10.0,"key":"FocusPotion"},{"floor":16.0,"key":"GamblersBrew"},{"floor":19.0,"key":"Poison Potion"},{"floor":24.0,"key":"FearPotion"},{"floor":24.0,"key":"Regen Potion"},{"floor":31,"key":"PowerPotion"},{"floor":33,"key":"Explosive Potion"},{"floor":35,"key":"Strength Potion"}],"is_trial":false,"path_per_floor":["M","M","M","M","M","R","E","R","T","E","M","E","?","?","R","B",null,"M","M","?","$","?","R","?","R","T","E","R","M","M","M","R","B",null,"M","M","?","M"],"character_chosen":"DEFECT","items_purchased":["Static Discharge"],"campfire_rested":2,"item_purchase_floors":[21],"current_hp_per_floor":[64,67,65,36,29,50,20,41,41,33,34,26,26,24,24,32,61,68,37,37,37,37,49,49,61,61,38,53,23,18,21,36,14,57,58,53,67,0],"gold":334,"neow_bonus":"THREE_CARDS","is_prod":false,"is_daily":false,"chose_seed":false,"campfire_upgraded":3,"win_rate":0,"timestamp":1551532779,"path_taken":["M","M","M","M","M","R","E","R","T","E","?","E","?","?","R","BOSS","M","M","?","$","?","R","?","R","T","E","R","M","M","?","R","BOSS","M","M","?","M"],"build_version":"2019-01-23","purchased_purges":1,"victory":false,"max_hp_per_floor":[71,71,71,71,71,71,71,71,71,71,71,71,71,71,71,71,71,71,71,71,71,71,71,71,71,71,71,71,71,71,71,71,71,71,71,71,71,71],"card_choices":[{"not_picked":["Turbo","Leap"],"picked":"Self Repair","floor":0.0},{"not_picked":["Steam Power","Sweeping Beam"],"picked":"Loop","floor":1.0},{"not_picked":["Leap","Compile Driver"],"picked":"Conserve Battery","floor":2.0},{"not_picked":["FTL","Rebound"],"picked":"Loop","floor":3.0},{"not_picked":["Rebound","Conserve Battery"],"picked":"Ball Lightning","floor":4.0},{"not_picked":["Hologram","Hyperbeam"],"picked":"Ball Lightning","floor":5.0},{"not_picked":["Tempest","Conserve Battery"],"picked":"Coolheaded","floor":7.0},{"not_picked":["Stack","Barrage"],"picked":"Conserve Battery","floor":10.0},{"not_picked":["Hologram","Force Field"],"picked":"Hello World","floor":11.0},{"not_picked":["Streamline","Force Field"],"picked":"Conserve Battery","floor":12.0},{"not_picked":["Darkness","Reprogram"],"picked":"Coolheaded","floor":14.0},{"not_picked":["Rainbow","Core Surge"],"picked":"Thunder Strike","floor":16.0},{"not_picked":["Coolheaded","Leap+1"],"picked":"Cold Snap","floor":18.0},{"not_picked":["Aggregate+1","Barrage"],"picked":"Redo+1","floor":19.0},{"not_picked":["Stack","Streamline+1"],"picked":"Core Surge","floor":27},{"not_picked":["Gash","Fusion"],"picked":"Skim","floor":29},{"not_picked":["Ball Lightning+1","BootSequence"],"picked":"Glacier","floor":30},{"not_picked":["Doom and Gloom","Hologram"],"picked":"Redo+1","floor":31},{"not_picked":["Reboot","Thunder Strike"],"picked":"Electrodynamics","floor":33},{"not_picked":["Gash","Auto Shields+1"],"picked":"Coolheaded","floor":35},{"not_picked":["Stack","Chaos+1","Go for the Eyes"],"picked":"SKIP","floor":36}],"player_experience":679377,"relics_obtained":[{"floor":7.0,"key":"Mercury Hourglass"},{"floor":10.0,"key":"Bronze Scales"},{"floor":12.0,"key":"Pantograph"},{"floor":14.0,"key":"Odd Mushroom"},{"floor":26.0,"key":"Letter Opener"},{"floor":27,"key":"Girya"}],"event_choices":[{"cards_removed":["Strike_B"],"damage_healed":0.0,"max_hp_gain":0.0,"max_hp_loss":0.0,"gold_gain":0.0,"event_name":"The Cleric","player_choice":"Card Removal","floor":13.0,"gold_loss":75.0,"damage_taken":0.0},{"damage_healed":0.0,"max_hp_gain":0.0,"max_hp_loss":0.0,"gold_gain":0.0,"event_name":"Mushrooms","player_choice":"Fought Mushrooms","floor":14.0,"gold_loss":0.0,"damage_taken":0.0},{"damage_healed":0.0,"max_hp_gain":0.0,"max_hp_loss":0.0,"gold_gain":0.0,"event_name":"Addict","player_choice":"Obtained Relic","floor":20.0,"gold_loss":85.0,"damage_taken":0.0,"relics_obtained":["Du-Vu Doll"]},{"damage_healed":0.0,"max_hp_gain":0.0,"max_hp_loss":0.0,"gold_gain":0.0,"cards_transformed":["Strike_B","Strike_B"],"event_name":"Drug Dealer","player_choice":"Became Test Subject","floor":22.0,"gold_loss":0.0,"damage_taken":0.0,"cards_obtained":["Go for the Eyes","Barrage"]},{"damage_healed":0.0,"max_hp_gain":0.0,"max_hp_loss":0.0,"gold_gain":0.0,"event_name":"Lab","player_choice":"Got Potions","floor":24.0,"gold_loss":0.0,"damage_taken":0.0},{"damage_healed":14,"gold_gain":0,"player_choice":"Writhe","damage_taken":0,"max_hp_gain":0,"max_hp_loss":0,"event_name":"Winding Halls","floor":37,"gold_loss":0,"cards_obtained":["Writhe"]}],"is_beta":false,"boss_relics":[{"not_picked":["Philosopher\u0027s Stone","White Beast Statue"],"picked":"Eternal Feather"},{"not_picked":["Lizard Tail","Velvet Choker"],"picked":"Fusion Hammer"}],"items_purged_floors":[21],"is_endless":false,"potions_floor_spawned":[1,5,7,10,16,19,31,33,35],"killed_by":"Spire Growth","ascension_level":20}