{"gold_per_floor":[113,113,123,123,123,156,177,204,204,215,215,97,121,121,121,199,199,150,169,169],"floor_reached":20,"playtime":656,"items_purged":["Strike_B"],"score":379,"play_id":"67bbea97-ab1a-4308-b759-8852ed538f0e","local_time":"20190812222201","is_ascension_mode":true,"campfire_choices":[{"data":"Zap","floor":11,"key":"SMITH"},{"data":"Echo Form","floor":15,"key":"SMITH"}],"neow_cost":"NONE","seed_source_timestamp":883428825764500,"circlet_count":0,"master_deck":["AscendersBane","Strike_B","Strike_B","Defend_B","Defend_B","Defend_B","Defend_B","Zap+1","Dualcast","Melter","Leap","Echo Form+1","Hologram","Coolheaded","Gash","Conserve Battery","Self Repair","Ball Lightning","Biased Cognition","Gash","White Noise+1"],"relics":["Cracked Core","NeowsBlessing","Ginger","Odd Mushroom","Oddly Smooth Stone","Peace Pipe","Anchor","Eternal Feather"],"potions_floor_usage":[7,8,16,16,19],"damage_taken":[{"damage":0,"enemies":"Jaw Worm","floor":1,"turns":1},{"damage":0,"enemies":"Cultist","floor":3,"turns":1},{"damage":0,"enemies":"Gremlin Nob","floor":6,"turns":1},{"damage":6,"enemies":"The Mushroom Lair","floor":7,"turns":3},{"damage":20,"enemies":"Lagavulin","floor":8,"turns":8},{"damage":6,"enemies":"Small Slimes","floor":10,"turns":3},{"damage":12,"enemies":"Hexaghost","floor":16,"turns":9},{"damage":36,"enemies":"2 Thieves","floor":18,"turns":5},{"damage":26,"enemies":"Shell Parasite","floor":19,"turns":5},{"damage":25,"enemies":"Snake Plant","floor":20,"turns":5}],"seed_played":"-685720985195257860","potions_obtained":[{"floor":1,"key":"AttackPotion"},{"floor":7,"key":"Fire Potion"},{"floor":8,"key":"SkillPotion"},{"floor":10,"key":"LiquidBronze"},{"floor":18,"key":"Block Potion"}],"is_trial":false,"path_per_floor":["M","$","M","?","$","E","?","E","T","M","R","$","T","?","R","B",null,"M","M","M"],"character_chosen":"DEFECT","items_purchased":["Self Repair"],"campfire_rested":0,"item_purchase_floors":[12],"current_hp_per_floor":[64,64,64,64,64,64,58,38,38,32,32,32,32,32,32,34,62,33,21,0],"gold":169,"neow_bonus":"THREE_ENEMY_KILL","is_prod":false,"is_daily":false,"chose_seed":false,"campfire_upgraded":2,"win_rate":0,"timestamp":1565641321,"path_taken":["M","$","M","?","?","E","?","E","T","M","R","$","?","?","R","BOSS","M","?","M"],"build_version":"2019-07-17","purchased_purges":1,"victory":false,"max_hp_per_floor":[71,71,71,71,71,71,71,71,71,71,71,71,71,71,71,71,71,71,71,71],"card_choices":[{"not_picked":["Hologram","Streamline"],"picked":"Melter","floor":1},{"not_picked":["Skim","Undo"],"picked":"Leap","floor":3},{"not_picked":["Sweeping Beam","Turbo"],"picked":"Hologram","floor":6},{"not_picked":["BootSequence","Compile Driver"],"picked":"Coolheaded","floor":7},{"not_picked":["Static Discharge","Sweeping Beam"],"picked":"Gash","floor":8},{"not_picked":["Barrage","BootSequence"],"picked":"Conserve Battery","floor":10},{"not_picked":["Thunder Strike","Seek"],"picked":"Biased Cognition","floor":16},{"not_picked":["Reinforced Body","Loop"],"picked":"Gash","floor":18},{"not_picked":["Consume","Recycle"],"picked":"White Noise+1","floor":19}],"player_experience":1850095,"relics_obtained":[{"floor":6,"key":"Ginger"},{"floor":7,"key":"Odd Mushroom"},{"floor":8,"key":"Oddly Smooth Stone"},{"floor":9,"key":"Peace Pipe"},{"floor":13,"key":"Anchor"}],"event_choices":[{"damage_healed":0,"gold_gain":0,"player_choice":"1 cards matched","damage_taken":0,"max_hp_gain":0,"max_hp_loss":0,"event_name":"Match and Keep!","floor":4,"gold_loss":0,"cards_obtained":["Echo Form"]},{"damage_healed":0,"gold_gain":0,"player_choice":"Fought Mushrooms","damage_taken":0,"max_hp_gain":0,"max_hp_loss":0,"event_name":"Mushrooms","floor":7,"gold_loss":0},{"damage_healed":0,"gold_gain":0,"cards_transformed":["Strike_B"],"player_choice":"Transformed","damage_taken":0,"max_hp_gain":0,"max_hp_loss":0,"event_name":"Transmorgrifier","floor":14,"gold_loss":0,"cards_obtained":["Ball Lightning"]}],"is_beta":false,"boss_relics":[{"not_picked":["Velvet Choker","Fusion Hammer"],"picked":"Eternal Feather"}],"items_purged_floors":[12],"is_endless":false,"potions_floor_spawned":[1,7,8,10,18],"killed_by":"Snake Plant","ascension_level":17}