{"gold_per_floor":[115,130,20,20,30,30,30,60,85,40],"floor_reached":10,"playtime":284,"items_purged":["Strike_R"],"score":112,"play_id":"d25f0e80-0fd9-4b5d-b7e3-dee4a133c0b7","local_time":"20190330163329","is_ascension_mode":true,"campfire_choices":[{"data":"Bash","floor":6,"key":"SMITH"}],"neow_cost":"PERCENT_DAMAGE","seed_source_timestamp":382547396403100,"circlet_count":0,"master_deck":["AscendersBane","Strike_R","Strike_R","Strike_R","Defend_R","Defend_R","Defend_R","Defend_R","Bash+1","Flex","Flame Barrier","Metallicize","Shrug It Off","Demon Form"],"relics":["Burning Blood","Thread and Needle","Anchor","Dream Catcher"],"potions_floor_usage":[2],"damage_taken":[{"damage":8,"enemies":"Small Slimes","floor":1,"turns":4},{"damage":0,"enemies":"Jaw Worm","floor":2,"turns":3},{"damage":2,"enemies":"2 Louse","floor":5,"turns":4},{"damage":49,"enemies":"Gremlin Nob","floor":8,"turns":7},{"damage":13,"enemies":"Exordium Thugs","floor":10,"turns":3}],"seed_played":"-7033024741323236208","potions_obtained":[{"floor":1,"key":"Energy Potion"},{"floor":5,"key":"Strength Potion"},{"floor":8,"key":"Ancient Potion"}],"is_trial":false,"path_per_floor":["M","M","$","?","M","R","?","E","T","M"],"character_chosen":"IRONCLAD","items_purchased":["Metallicize"],"campfire_rested":0,"item_purchase_floors":[3],"current_hp_per_floor":[48,54,54,59,63,63,56,13,13,0],"gold":40,"neow_bonus":"ONE_RARE_RELIC","is_prod":false,"is_daily":false,"chose_seed":false,"campfire_upgraded":1,"win_rate":0,"timestamp":1553960009,"path_taken":["M","M","$","?","M","R","?","E","T","M"],"build_version":"2019-01-23","purchased_purges":1,"victory":false,"max_hp_per_floor":[75,75,75,80,80,80,80,80,80,80],"card_choices":[{"not_picked":["Rupture","Disarm"],"picked":"Flex","floor":1},{"not_picked":["Clash","Flex"],"picked":"Flame Barrier","floor":2},{"not_picked":["Flex","Heavy Blade"],"picked":"Shrug It Off","floor":5},{"not_picked":["Dropkick","Searing Blow"],"picked":"Demon Form","floor":8}],"player_experience":1009428,"relics_obtained":[{"floor":8,"key":"Anchor"},{"floor":9,"key":"Dream Catcher"}],"event_choices":[{"damage_healed":0,"gold_gain":0,"player_choice":"Donut","damage_taken":0,"max_hp_gain":5,"max_hp_loss":0,"event_name":"Big Fish","floor":4,"gold_loss":0},{"cards_removed":["Strike_R"],"damage_healed":0,"gold_gain":0,"player_choice":"Card Removal","damage_taken":7,"max_hp_gain":0,"max_hp_loss":0,"event_name":"Golden Wing","floor":7,"gold_loss":0}],"is_beta":false,"boss_relics":[],"items_purged_floors":[3],"is_endless":false,"potions_floor_spawned":[1,5,8],"killed_by":"Exordium Thugs","ascension_level":14}