{"gold_per_floor":[118,137,35,49,49,49,62,95,95,95,113,138,38,111,111,212,212,227,497,5,19,19,19,19,19,43,61,61,73,3,3,3,106,106,126,136,136,136,148,158,171,6,6,6,6,35,35,67,67,67],"floor_reached":51,"playtime":2057,"items_purged":["Pain","Pain","Clumsy"],"score":763,"play_id":"0f789909-e02e-4632-b43a-9f8698a22774","local_time":"20181118010446","is_ascension_mode":false,"campfire_choices":[{"data":"Hemokinesis","floor":6.0,"key":"SMITH"},{"data":"Blood for Blood","floor":10.0,"key":"SMITH"},{"floor":15.0,"key":"REST"},{"floor":23.0,"key":"REST"},{"data":"Juggernaut","floor":25.0,"key":"SMITH"},{"data":"Inflame","floor":28.0,"key":"SMITH"},{"data":"Armaments","floor":32.0,"key":"SMITH"},{"floor":45,"key":"REST"},{"floor":47,"key":"REST"},{"floor":49,"key":"REST"}],"neow_cost":"NONE","seed_source_timestamp":0,"circlet_count":0,"master_deck":["Strike_R","Strike_R+1","Strike_R","Strike_R","Strike_R","Defend_R","Defend_R","Defend_R","Defend_R","Bash","Blood for Blood+1","Pommel Strike","Pommel Strike","Hemokinesis+1","Armaments+1","Evolve+1","Inflame+1","Bludgeon","Pommel Strike+1","Impatience","Shrug It Off","Juggernaut+1","Wild Strike+1","True Grit+1","Corruption+1","Blood for Blood","Barricade","Evolve+1","Body Slam+1","Metamorphosis","Armaments+1","Power Through+1","Shrug It Off+1","Shrug It Off","Bandage Up","Wild Strike","Impervious","Armaments+1","Clothesline"],"special_seed":0,"relics":["Calling Bell","Blood Vial","Matryoshka","Thread and Needle","WingedGreaves","Vajra","Kunai","Orichalcum","Mark of Pain","Meat on the Bone","Whetstone","Omamori","Mercury Hourglass","Fusion Hammer","Sundial","Pocketwatch","Lantern"],"potions_floor_usage":[33,33,50,50],"damage_taken":[{"damage":9.0,"enemies":"Small Slimes","floor":1.0,"turns":5.0},{"damage":4.0,"enemies":"Cultist","floor":2.0,"turns":3.0},{"damage":6.0,"enemies":"Jaw Worm","floor":4.0,"turns":3.0},{"damage":5.0,"enemies":"Blue Slaver","floor":7.0,"turns":2.0},{"damage":6.0,"enemies":"Gremlin Nob","floor":8.0,"turns":4.0},{"damage":8.0,"enemies":"Lots of Slimes","floor":11.0,"turns":6.0},{"damage":29.0,"enemies":"Lagavulin","floor":12.0,"turns":4.0},{"damage":17.0,"enemies":"Slime Boss","floor":16.0,"turns":8.0},{"damage":2.0,"enemies":"Chosen","floor":18.0,"turns":3.0},{"damage":19.0,"enemies":"3 Byrds","floor":21.0,"turns":3.0},{"damage":3.0,"enemies":"Snecko","floor":27.0,"turns":4.0},{"damage":4.0,"enemies":"3 Cultists","floor":29.0,"turns":5.0},{"damage":49,"enemies":"Collector","floor":33,"turns":8},{"damage":5,"enemies":"3 Darklings","floor":35,"turns":6},{"damage":8,"enemies":"Orb Walker","floor":36,"turns":2},{"damage":6,"enemies":"Sphere and 2 Shapes","floor":39,"turns":5},{"damage":22,"enemies":"Spire Growth","floor":40,"turns":4},{"damage":22,"enemies":"Writhing Mass","floor":41,"turns":6},{"damage":4,"enemies":"Giant Head","floor":46,"turns":7},{"damage":18,"enemies":"Reptomancer","floor":48,"turns":7},{"damage":56,"enemies":"Awakened One","floor":50,"turns":10}],"seed_played":"6003059196016958696","potions_obtained":[{"floor":1.0,"key":"Block Potion"},{"floor":11.0,"key":"Strength Potion"},{"floor":12.0,"key":"PowerPotion"},{"floor":16.0,"key":"Dexterity Potion"},{"floor":29.0,"key":"Dexterity Potion"},{"floor":39,"key":"Weak Potion"},{"floor":40,"key":"Energy Potion"},{"floor":48,"key":"Explosive Potion"}],"is_trial":false,"path_per_floor":["M","M","$","M","$","R","M","E","T","R","M","E","$","?","R","B",null,"M","?","$","M","?","R","?","R","T","M","R","M","$","?","R","B",null,"M","M","?","?","M","M","M","$","T","?","R","E","R","E","R","B",null],"character_chosen":"IRONCLAD","items_purchased":["Pommel Strike","Meat on the Bone","Shrug It Off","Juggernaut","Blood for Blood","Shrug It Off","Bandage Up","Wild Strike"],"campfire_rested":5,"item_purchase_floors":[3,20,20,20,30,42,42,42],"current_hp_per_floor":[71,69,69,65,65,65,62,58,58,58,52,25,25,25,49,34,80,78,38,38,33,33,57,57,57,57,56,56,54,54,54,54,19,80,75,69,69,69,65,45,37,37,37,37,61,63,80,66,80,40],"gold":67,"neow_bonus":"BOSS_RELIC","is_prod":false,"is_daily":false,"chose_seed":false,"campfire_upgraded":5,"win_rate":0,"timestamp":1542499486,"path_taken":["M","M","$","M","$","R","M","E","T","R","M","E","$","?","R","BOSS","M","?","?","?","?","R","?","R","T","M","R","?","$","?","R","BOSS","M","M","?","?","?","M","M","$","T","?","R","E","R","E","R","BOSS"],"build_version":"2018-11-15","purchased_purges":3,"victory":true,"max_hp_per_floor":[80,80,80,80,80,80,80,80,80,80,80,80,80,80,80,80,80,80,80,80,80,80,80,80,80,80,80,80,80,80,80,80,80,80,80,80,80,80,80,80,80,80,80,80,80,80,80,80,80,80],"card_choices":[{"not_picked":["Disarm","Anger"],"picked":"Blood for Blood","floor":1.0},{"not_picked":["Warcry","Clothesline"],"picked":"Pommel Strike","floor":2.0},{"not_picked":["Impervious","Pommel Strike"],"picked":"Hemokinesis","floor":4.0},{"not_picked":["Clash","Dropkick"],"picked":"Armaments","floor":7.0},{"not_picked":["Searing Blow","Perfected Strike"],"picked":"Evolve","floor":8.0},{"not_picked":["Offering","Headbutt"],"picked":"Inflame","floor":11.0},{"not_picked":["Headbutt","Searing Blow","Combust"],"picked":"SKIP","floor":12.0},{"not_picked":["Berserk","Impervious"],"picked":"Bludgeon","floor":16.0},{"not_picked":["Heavy Blade","Twin Strike"],"picked":"Pommel Strike","floor":18.0},{"not_picked":["Dropkick","Cleave"],"picked":"Wild Strike+1","floor":21.0},{"not_picked":["Warcry","Ghostly Armor"],"picked":"True Grit+1","floor":27.0},{"not_picked":["Clash","Sentinel+1"],"picked":"Corruption+1","floor":29.0},{"not_picked":["Feed","Limit Break"],"picked":"Barricade","floor":33},{"not_picked":["Sword Boomerang","Perfected Strike"],"picked":"Evolve+1","floor":35},{"not_picked":["Heavy Blade","Clash"],"picked":"Body Slam+1","floor":36},{"not_picked":["Bandage Up","Purity"],"picked":"Metamorphosis","floor":37},{"not_picked":["Heavy Blade+1","Perfected Strike"],"picked":"Armaments+1","floor":39},{"not_picked":["Clothesline","Armaments"],"picked":"Power Through+1","floor":40},{"not_picked":["Heavy Blade","Clash"],"picked":"Shrug It Off+1","floor":41},{"not_picked":["Shrug It Off","Searing Blow"],"picked":"Armaments+1","floor":46},{"not_picked":["Corruption+1","Combust+1"],"picked":"Clothesline","floor":48}],"player_experience":496760,"relics_obtained":[{"floor":0.0,"key":"Blood Vial"},{"floor":0.0,"key":"Matryoshka"},{"floor":0.0,"key":"Thread and Needle"},{"floor":8.0,"key":"WingedGreaves"},{"floor":9.0,"key":"Vajra"},{"floor":9.0,"key":"Kunai"},{"floor":12.0,"key":"Orichalcum"},{"floor":26.0,"key":"Whetstone"},{"floor":26.0,"key":"Omamori"},{"floor":43,"key":"Sundial"},{"floor":46,"key":"Pocketwatch"},{"floor":48,"key":"Lantern"}],"event_choices":[{"damage_healed":0.0,"max_hp_gain":0.0,"max_hp_loss":0.0,"gold_gain":73.0,"event_name":"Golden Wing","player_choice":"Gained Gold","floor":14.0,"gold_loss":0.0,"damage_taken":0.0},{"damage_healed":0.0,"max_hp_gain":0.0,"max_hp_loss":0.0,"gold_gain":270.0,"event_name":"Knowing Skull","player_choice":"GOLD GOLD GOLD CARD ","floor":19.0,"potions_obtained":[],"gold_loss":0.0,"damage_taken":40.0,"cards_obtained":["Impatience"]},{"damage_healed":0.0,"max_hp_gain":0.0,"max_hp_loss":0.0,"gold_gain":0.0,"event_name":"Beggar","player_choice":"Ignored","floor":22.0,"gold_loss":0.0,"damage_taken":0.0},{"damage_healed":0.0,"max_hp_gain":0.0,"max_hp_loss":0.0,"gold_gain":0.0,"event_name":"Upgrade Shrine","player_choice":"Upgraded","floor":24.0,"gold_loss":0.0,"damage_taken":0.0,"cards_upgraded":["Evolve"]},{"damage_healed":0.0,"max_hp_gain":0.0,"max_hp_loss":0.0,"gold_gain":0.0,"event_name":"Addict","player_choice":"Stole Relic","floor":31.0,"gold_loss":0.0,"damage_taken":0.0,"relics_obtained":["Mercury Hourglass"],"cards_obtained":["Shame"]},{"damage_healed":0,"gold_gain":0,"player_choice":"Memory 1","damage_taken":0,"max_hp_gain":0,"max_hp_loss":0,"event_name":"SensoryStone","floor":37,"gold_loss":0},{"damage_healed":0,"gold_gain":0,"player_choice":"Ignored","damage_taken":0,"max_hp_gain":0,"max_hp_loss":0,"event_name":"Mysterious Sphere","floor":38,"gold_loss":0},{"damage_healed":0,"gold_gain":0,"player_choice":"1 cards matched","damage_taken":0,"max_hp_gain":0,"max_hp_loss":0,"event_name":"Match and Keep!","floor":44,"gold_loss":0,"cards_obtained":["Impervious"]}],"is_beta":false,"boss_relics":[{"not_picked":["Coffee Dripper","Pandora\u0027s Box"],"picked":"Mark of Pain"},{"not_picked":["Runic Dome","Philosopher\u0027s Stone"],"picked":"Fusion Hammer"}],"items_purged_floors":[3,13,20],"is_endless":false,"potions_floor_spawned":[1,11,12,16,29,39,40,48],"ascension_level":0}