{"gold_per_floor":[114,39,39,39,54,54,85,85,85,85,118,118,70,70,70,70],"floor_reached":16,"playtime":655,"items_purged":["Strike_R"],"score":129,"play_id":"6351e323-2e69-4b14-8403-cd28f05c4c3c","local_time":"20190605194253","is_ascension_mode":false,"campfire_choices":[{"data":"Flex","floor":6,"key":"SMITH"},{"floor":10,"key":"RECALL"},{"floor":12,"key":"REST"},{"floor":15,"key":"REST"}],"neow_cost":"NONE","seed_source_timestamp":1045669541821574,"circlet_count":0,"master_deck":["Strike_R","Strike_R","Strike_R","Defend_R+1","Defend_R","Defend_R","Defend_R","Bash+1","Flex+1","Flame Barrier+1","Shrug It Off"],"relics":["Burning Blood","NeowsBlessing","Self Forming Clay","Golden Idol","Kunai","Ginger"],"potions_floor_usage":[16],"damage_taken":[{"damage":0,"enemies":"2 Louse","floor":1,"turns":1},{"damage":0,"enemies":"Small Slimes","floor":5,"turns":1},{"damage":0,"enemies":"Gremlin Nob","floor":7,"turns":1},{"damage":33,"enemies":"Lagavulin","floor":11,"turns":8},{"damage":70,"enemies":"Hexaghost","floor":16,"turns":16}],"seed_played":"4547679457380715141","potions_obtained":[{"floor":11,"key":"SkillPotion"}],"is_trial":false,"path_per_floor":["M","$","?","?","M","R","E","?","T","R","E","R","$","?","R","B"],"character_chosen":"IRONCLAD","items_purchased":["Shrug It Off"],"campfire_rested":2,"item_purchase_floors":[13],"current_hp_per_floor":[80,80,73,57,63,63,69,49,49,49,22,46,46,46,70,0],"gold":70,"neow_bonus":"THREE_ENEMY_KILL","is_prod":false,"is_daily":false,"chose_seed":false,"campfire_upgraded":1,"win_rate":0,"timestamp":1559778173,"path_taken":["M","$","?","?","M","R","E","?","T","R","E","R","$","?","R","BOSS"],"build_version":"2019-01-23","purchased_purges":1,"victory":false,"max_hp_per_floor":[80,80,80,80,80,80,80,80,80,80,80,80,80,80,80,80],"card_choices":[{"not_picked":["Headbutt","Sword Boomerang"],"picked":"Flex","floor":1},{"not_picked":["Twin Strike","Dropkick","Sentinel"],"picked":"SKIP","floor":5},{"not_picked":["True Grit","Thunderclap","Cleave"],"picked":"SKIP","floor":7},{"not_picked":["Cleave","Clothesline"],"picked":"Flame Barrier","floor":11}],"player_experience":145531,"relics_obtained":[{"floor":7,"key":"Self Forming Clay"},{"floor":9,"key":"Kunai"},{"floor":11,"key":"Ginger"}],"event_choices":[{"cards_removed":["Strike_R"],"damage_healed":0,"gold_gain":0,"player_choice":"Card Removal","damage_taken":7,"max_hp_gain":0,"max_hp_loss":0,"event_name":"Golden Wing","floor":3,"gold_loss":0},{"damage_healed":0,"gold_gain":0,"player_choice":"Entered Light","damage_taken":16,"max_hp_gain":0,"max_hp_loss":0,"event_name":"Shining Light","floor":4,"gold_loss":0,"cards_upgraded":["Bash","Defend_R"]},{"damage_healed":0,"gold_gain":0,"player_choice":"Take Damage","damage_taken":20,"relics_obtained":["Golden Idol"],"max_hp_gain":0,"max_hp_loss":0,"event_name":"Golden Idol","floor":8,"gold_loss":0},{"damage_healed":0,"gold_gain":0,"player_choice":"Forge","damage_taken":0,"max_hp_gain":0,"max_hp_loss":0,"event_name":"Accursed Blacksmith","floor":14,"gold_loss":0,"cards_upgraded":["Flame Barrier"]}],"is_beta":false,"boss_relics":[],"items_purged_floors":[2],"is_endless":false,"potions_floor_spawned":[11],"killed_by":"Hexaghost","ascension_level":0}