{"gold_per_floor":[114,127,28,203,53,53,86,86,133,145,163,163,163,198,198,198],"floor_reached":16,"playtime":529,"items_purged":["Normality","Doubt"],"score":108,"play_id":"61e72432-6ff5-4c2d-a814-3fb719092e12","local_time":"20190625195413","is_ascension_mode":false,"campfire_choices":[{"data":"Zap","floor":6,"key":"SMITH"},{"data":"Dualcast","floor":15,"key":"SMITH"}],"neow_cost":"CURSE","seed_source_timestamp":1137850536418905,"circlet_count":0,"master_deck":["Strike_B","Strike_B","Defend_B","Defend_B","Defend_B","Defend_B","Zap+1","Dualcast+1","Sweeping Beam","Aggregate","Beam Cell","Beam Cell","Conserve Battery","Streamline","Go for the Eyes","Sweeping Beam","Cold Snap"],"relics":["Cracked Core","Oddly Smooth Stone","Juzu Bracelet","Omamori","The Courier","Pantograph"],"potions_floor_usage":[],"damage_taken":[{"damage":2,"enemies":"Small Slimes","floor":1,"turns":3},{"damage":2,"enemies":"2 Louse","floor":2,"turns":3},{"damage":28,"enemies":"Gremlin Nob","floor":7,"turns":4},{"damage":0,"enemies":"Jaw Worm","floor":10,"turns":2},{"damage":6,"enemies":"Blue Slaver","floor":11,"turns":3},{"damage":16,"enemies":"Lagavulin","floor":14,"turns":5},{"damage":53,"enemies":"Slime Boss","floor":16,"turns":10}],"seed_played":"-3573699947513050088","potions_obtained":[{"floor":10,"key":"Fire Potion"},{"floor":14,"key":"Strength Potion"}],"is_trial":false,"path_per_floor":["M","M","$","?","$","R","E","?","T","M","M","?","?","E","R","B"],"character_chosen":"DEFECT","items_purchased":["Conserve Battery","Streamline"],"campfire_rested":0,"item_purchase_floors":[3,5],"current_hp_per_floor":[73,71,71,71,71,71,43,48,48,48,42,39,39,23,23,0],"gold":198,"neow_bonus":"TRANSFORM_TWO_CARDS","is_prod":false,"is_daily":false,"chose_seed":false,"campfire_upgraded":2,"win_rate":0,"timestamp":1561506853,"path_taken":["M","M","$","?","$","R","E","?","T","M","M","?","?","E","R","BOSS"],"build_version":"2019-01-23","purchased_purges":2,"victory":false,"max_hp_per_floor":[75,75,75,75,75,75,75,80,80,80,80,80,80,80,80,80],"card_choices":[{"not_picked":["Rebound","Leap"],"picked":"Beam Cell","floor":1},{"not_picked":["Stack","Coolheaded"],"picked":"Beam Cell","floor":2},{"not_picked":["Sweeping Beam","Barrage"],"picked":"Go for the Eyes","floor":7},{"not_picked":["Reprogram","Ball Lightning"],"picked":"Sweeping Beam","floor":10},{"not_picked":["Sunder","Darkness","Rebound"],"picked":"SKIP","floor":11},{"not_picked":["Compile Driver","Capacitor"],"picked":"Cold Snap","floor":14}],"player_experience":247849,"relics_obtained":[{"floor":7,"key":"Oddly Smooth Stone"},{"floor":9,"key":"Juzu Bracelet"},{"floor":14,"key":"Pantograph"}],"event_choices":[{"damage_healed":0,"gold_gain":175,"player_choice":"AGREE","damage_taken":0,"max_hp_gain":0,"max_hp_loss":0,"event_name":"Liars Game","floor":4,"gold_loss":0,"cards_obtained":["Doubt"]},{"damage_healed":0,"gold_gain":0,"player_choice":"Donut","damage_taken":0,"max_hp_gain":5,"max_hp_loss":0,"event_name":"Big Fish","floor":8,"gold_loss":0},{"damage_healed":0,"gold_gain":0,"player_choice":"Success","damage_taken":3,"relics_obtained":["Omamori"],"max_hp_gain":0,"max_hp_loss":0,"event_name":"Scrap Ooze","floor":12,"gold_loss":0},{"damage_healed":0,"gold_gain":0,"player_choice":"Gave Potion","damage_taken":0,"relics_obtained":["The Courier"],"max_hp_gain":0,"max_hp_loss":0,"event_name":"WeMeetAgain","floor":13,"gold_loss":0}],"is_beta":false,"boss_relics":[],"items_purged_floors":[3,5],"is_endless":false,"potions_floor_spawned":[10,14],"killed_by":"Slime Boss","ascension_level":0}