{"gold_per_floor":[11,23,41,59,59,59,74,105,105,105],"floor_reached":10,"playtime":324,"items_purged":[],"score":130,"play_id":"076a0943-d1f8-4ead-8f3f-4530a0d19178","local_time":"20190720172150","is_ascension_mode":true,"campfire_choices":[{"data":"Zap","floor":6,"key":"SMITH"}],"neow_cost":"NO_GOLD","seed_source_timestamp":679421042304100,"circlet_count":0,"master_deck":["AscendersBane","Strike_B","Strike_B","Strike_B","Strike_B","Defend_B","Defend_B","Defend_B","Defend_B","Zap+1","Dualcast","Melter","White Noise","Fusion","Self Repair","Hologram","Redo"],"relics":["Cracked Core","Pen Nib","Centennial Puzzle"],"potions_floor_usage":[7,8,10],"damage_taken":[{"damage":1,"enemies":"Cultist","floor":1,"turns":3},{"damage":6,"enemies":"2 Louse","floor":2,"turns":2},{"damage":2,"enemies":"Jaw Worm","floor":3,"turns":3},{"damage":21,"enemies":"Blue Slaver","floor":4,"turns":3},{"damage":19,"enemies":"Large Slime","floor":7,"turns":5},{"damage":25,"enemies":"Lagavulin","floor":8,"turns":5},{"damage":12,"enemies":"Exordium Wildlife","floor":10,"turns":2}],"seed_played":"3887186080372042029","potions_obtained":[{"floor":2,"key":"Explosive Potion"},{"floor":7,"key":"SkillPotion"},{"floor":8,"key":"GamblersBrew"}],"is_trial":false,"path_per_floor":["M","M","M","M","$","R","M","E","T","M"],"character_chosen":"DEFECT","items_purchased":[],"campfire_rested":0,"item_purchase_floors":[],"current_hp_per_floor":[77,71,69,48,48,48,36,11,11,0],"gold":105,"neow_bonus":"TWENTY_PERCENT_HP_BONUS","is_prod":false,"is_daily":false,"chose_seed":false,"campfire_upgraded":1,"win_rate":0,"timestamp":1563636110,"path_taken":["M","?","M","M","?","R","M","E","T","M"],"build_version":"2019-07-17","purchased_purges":0,"victory":false,"max_hp_per_floor":[85,85,85,85,85,85,85,85,85,85],"card_choices":[{"not_picked":["Coolheaded","Barrage"],"picked":"Melter","floor":1},{"not_picked":["Steam","Hello World"],"picked":"White Noise","floor":2},{"not_picked":["Reinforced Body","Cold Snap"],"picked":"Fusion","floor":3},{"not_picked":["Blizzard","Compile Driver"],"picked":"Self Repair","floor":4},{"not_picked":["Steam Power","Rebound"],"picked":"Hologram","floor":7},{"not_picked":["Beam Cell","Chill"],"picked":"Redo","floor":8}],"player_experience":1712507,"relics_obtained":[{"floor":8,"key":"Pen Nib"},{"floor":9,"key":"Centennial Puzzle"}],"event_choices":[],"is_beta":false,"boss_relics":[],"items_purged_floors":[],"is_endless":false,"potions_floor_spawned":[2,7,8],"killed_by":"Exordium Wildlife","ascension_level":17}