{"gold_per_floor":[116,132,152,165,8,8,37,49,86,98,130,142,181,207,219,303,315,345,375,15,15,27,27,40,40,64,27,46,46,46,56,56,133,133,149,161,171,181,8,8],"floor_reached":40,"playtime":2610,"items_purged":["Strike_R","Anger"],"score":836,"play_id":"1d2867aa-73b1-4ca9-b3aa-ea9cc068669b","local_time":"20180910161902","is_ascension_mode":true,"campfire_choices":[{"data":"Armaments","floor":6,"key":"SMITH"},{"data":"Barricade","floor":8,"key":"SMITH"},{"data":"Bash","floor":12,"key":"SMITH"},{"floor":15,"key":"REST"},{"data":"True Grit","floor":23,"key":"SMITH"},{"data":"Havoc","floor":25,"key":"SMITH"},{"floor":32,"key":"REST"}],"neow_cost":"NONE","seed_source_timestamp":2004826246659421,"circlet_count":0,"master_deck":["Strike_R+1","Strike_R+1","Strike_R+1","Defend_R+1","Defend_R+1","Defend_R+1","Defend_R+1","Bash+1","AscendersBane","Barricade+1","Power Through","Clothesline+1","Pommel Strike+1","Entrench","Armaments+1","Flame Barrier+1","Battle Trance","Juggernaut","Body Slam","Dark Embrace","Body Slam","Headbutt","True Grit+1","Havoc+1","Feel No Pain","Spot Weakness","Reaper","Limit Break","Doubt","Shame","Doubt","Bludgeon","Body Slam","Disarm","Feel No Pain"],"relics":["Burning Blood","MawBank","Lantern","Red Skull","Cursed Key","Torii","Whetstone","MutagenicStrength","Calling Bell","Bag of Marbles","Paper Frog","StoneCalendar"],"potions_floor_usage":[4,33,37,38],"damage_taken":[{"damage":24,"enemies":"Jaw Worm","floor":1,"turns":5},{"damage":10,"enemies":"Cultist","floor":2,"turns":5},{"damage":0,"enemies":"2 Louse","floor":3,"turns":4},{"damage":10,"enemies":"2 Fungi Beasts","floor":4,"turns":3},{"damage":20,"enemies":"Lagavulin","floor":7,"turns":9},{"damage":4,"enemies":"Exordium Wildlife","floor":11,"turns":5},{"damage":17,"enemies":"3 Sentries","floor":13,"turns":13},{"damage":0,"enemies":"3 Louse","floor":14,"turns":3},{"damage":24,"enemies":"The Guardian","floor":16,"turns":14},{"damage":2,"enemies":"Chosen","floor":18,"turns":5},{"damage":5,"enemies":"Shell Parasite","floor":19,"turns":6},{"damage":17,"enemies":"Snecko","floor":22,"turns":5},{"damage":24,"enemies":"Snake Plant","floor":24,"turns":3},{"damage":17,"enemies":"Centurion and Healer","floor":28,"turns":6},{"damage":12,"enemies":"Shelled Parasite and Fungi","floor":31,"turns":4},{"damage":0,"enemies":"Champ","floor":33,"turns":10},{"damage":69,"enemies":"3 Darklings","floor":35,"turns":10},{"damage":0,"enemies":"Orb Walker","floor":36,"turns":4},{"damage":44,"enemies":"Transient","floor":37,"turns":5},{"damage":8,"enemies":"Maw","floor":38,"turns":7},{"damage":41,"enemies":"Giant Head","floor":40,"turns":6}],"seed_played":"-1190271546193964440","potions_obtained":[{"floor":2,"key":"AttackPotion"},{"floor":4,"key":"EssenceOfSteel"},{"floor":7,"key":"SpeedPotion"},{"floor":31,"key":"Block Potion"},{"floor":35,"key":"Dexterity Potion"},{"floor":37,"key":"PowerPotion"},{"floor":38,"key":"Explosive Potion"}],"is_trial":false,"path_per_floor":["M","M","M","M","$","R","E","R","T","?","M","R","E","M","R","B",null,"M","M","$","?","M","R","M","R","T","$","M","?","?","M","R","B",null,"M","M","M","M","$"],"character_chosen":"IRONCLAD","items_purchased":["Entrench","Anger","Armaments","Torii","Feel No Pain","Feel No Pain"],"campfire_rested":2,"item_purchase_floors":[5,5,5,20,27,39],"current_hp_per_floor":[50,46,52,51,51,51,37,37,37,37,39,39,28,34,57,39,68,72,73,73,73,62,62,44,44,44,44,33,33,33,27,50,56,73,15,38,17,32,32,0],"gold":8,"neow_bonus":"TRANSFORM_CARD","is_prod":false,"is_daily":false,"chose_seed":false,"campfire_upgraded":5,"win_rate":0,"timestamp":1536592742,"path_taken":["M","M","M","M","$","R","E","R","T","?","M","R","E","M","R","BOSS","M","M","$","?","M","R","M","R","T","$","M","?","?","M","R","BOSS","M","M","M","M","$","E"],"build_version":"2018-09-06","purchased_purges":2,"victory":false,"max_hp_per_floor":[75,75,75,78,78,78,78,78,78,78,78,78,78,78,78,78,78,78,78,78,78,78,78,78,78,78,78,78,78,78,78,78,78,78,78,78,78,78,78,78],"card_choices":[{"not_picked":["Iron Wave","Hemokinesis"],"picked":"Power Through","floor":1},{"not_picked":["Disarm","Cleave"],"picked":"Clothesline","floor":2},{"not_picked":["Sword Boomerang","Blood for Blood","Fire Breathing"],"picked":"SKIP","floor":3},{"not_picked":["Clash","Dropkick"],"picked":"Pommel Strike","floor":4},{"not_picked":["Rampage","Juggernaut"],"picked":"Flame Barrier","floor":7},{"not_picked":["Dual Wield","Iron Wave"],"picked":"Battle Trance","floor":11},{"not_picked":["Clash","Entrench"],"picked":"Juggernaut","floor":13},{"not_picked":["Rage","Spot Weakness"],"picked":"Body Slam","floor":14},{"not_picked":["Berserk","Fiend Fire"],"picked":"Dark Embrace","floor":16},{"not_picked":["Spot Weakness","Sword Boomerang"],"picked":"Body Slam","floor":18},{"not_picked":["Seeing Red","Perfected Strike"],"picked":"Headbutt","floor":19},{"not_picked":["Heavy Blade","Rupture"],"picked":"True Grit","floor":22},{"not_picked":["Shockwave","Searing Blow"],"picked":"Havoc","floor":24},{"not_picked":["Twin Strike","Iron Wave"],"picked":"Spot Weakness","floor":28},{"not_picked":["Perfected Strike","Headbutt"],"picked":"Reaper","floor":31},{"not_picked":["Exhume","Reaper"],"picked":"Limit Break","floor":33},{"not_picked":["Sever Soul","Anger","Wild Strike"],"picked":"SKIP","floor":35},{"not_picked":["Sword Boomerang","Warcry"],"picked":"Bludgeon","floor":36},{"not_picked":["Flame Barrier","Carnage"],"picked":"Body Slam","floor":37},{"not_picked":["Twin Strike","Carnage+1"],"picked":"Disarm","floor":38}],"player_experience":731728,"relics_obtained":[{"floor":7,"key":"MawBank"},{"floor":9,"key":"Lantern"},{"floor":13,"key":"Red Skull"},{"floor":26,"key":"Whetstone"},{"floor":34,"key":"Bag of Marbles"},{"floor":34,"key":"Paper Frog"},{"floor":34,"key":"StoneCalendar"}],"event_choices":[{"event_name":"Upgrade Shrine","player_choice":"Upgraded","floor":10,"damage_taken":0},{"event_name":"Back to Basics","player_choice":"Simplicity","floor":21,"damage_taken":0},{"event_name":"Drug Dealer","player_choice":"Inject Mutagens","floor":29,"damage_taken":0},{"event_name":"Purifier","player_choice":"One Purge","floor":30,"damage_taken":0}],"is_beta":false,"boss_relics":[{"not_picked":["Runic Pyramid","Busted Crown"],"picked":"Cursed Key"},{"not_picked":["Snecko Eye","Black Star"],"picked":"Calling Bell"}],"items_purged_floors":[20,39],"is_endless":false,"potions_floor_spawned":[2,4,7,14,16,18,19,31,35,37,38],"killed_by":"Giant Head","ascension_level":14}