{"gold_per_floor":[118,132,132,146,160,160,130,143,143,143,157,157,174,129],"floor_reached":14,"playtime":922,"items_purged":[],"score":151,"play_id":"7b4f7193-43b6-4166-9b23-280015003a62","local_time":"20190628165812","is_ascension_mode":true,"campfire_choices":[{"data":"Neutralize","floor":6,"key":"SMITH"},{"data":"Noxious Fumes","floor":10,"key":"SMITH"},{"data":"Noxious Fumes","floor":12,"key":"SMITH"}],"neow_cost":"NONE","seed_source_timestamp":924083900926000,"circlet_count":0,"master_deck":["AscendersBane","Defend_G","Defend_G","Defend_G","Defend_G","Defend_G","Strike_G","Strike_G","Strike_G","Strike_G","Strike_G","Survivor","Neutralize+1","Forethought","Well Laid Plans","PiercingWail","Noxious Fumes+1","Catalyst","Dodge and Roll","Noxious Fumes+1","Deadly Poison","Bouncing Flask","Wraith Form v2"],"relics":["Ring of the Snake","Boot"],"potions_floor_usage":[8],"damage_taken":[{"damage":2,"enemies":"Small Slimes","floor":1,"turns":4},{"damage":2,"enemies":"Cultist","floor":2,"turns":5},{"damage":0,"enemies":"Jaw Worm","floor":4,"turns":6},{"damage":2,"enemies":"Red Slaver","floor":5,"turns":6},{"damage":0,"enemies":"Looter","floor":7,"turns":4},{"damage":11,"enemies":"Exordium Wildlife","floor":8,"turns":7},{"damage":12,"enemies":"Gremlin Gang","floor":11,"turns":6},{"damage":23,"enemies":"Exordium Thugs","floor":13,"turns":4},{"damage":9,"enemies":"Looter","floor":14,"turns":3}],"seed_played":"1202222824126259116","potions_obtained":[{"floor":1,"key":"Poison Potion"},{"floor":2,"key":"Ancient Potion"}],"is_trial":false,"path_per_floor":["M","M","?","M","M","R","M","M","T","R","M","R","M","M"],"character_chosen":"THE_SILENT","items_purchased":[],"campfire_rested":0,"item_purchase_floors":[],"current_hp_per_floor":[57,55,55,55,53,53,53,42,42,42,30,30,7,0],"gold":129,"neow_bonus":"RANDOM_COLORLESS","is_prod":false,"is_daily":false,"chose_seed":false,"campfire_upgraded":3,"win_rate":0,"timestamp":1561733892,"path_taken":["M","M","?","M","M","R","?","M","T","R","M","R","M","M"],"build_version":"2019-01-23","purchased_purges":0,"victory":false,"max_hp_per_floor":[66,66,66,66,66,66,66,66,66,66,66,66,66,66],"card_choices":[{"not_picked":["Concentrate","Masterful Stab"],"picked":"Well Laid Plans","floor":1},{"not_picked":["Cloak And Dagger","Slice"],"picked":"PiercingWail","floor":2},{"not_picked":["Blade Dance","Setup"],"picked":"Catalyst","floor":4},{"not_picked":["Distraction","Cloak And Dagger"],"picked":"Dodge and Roll","floor":5},{"not_picked":["Bane","Outmaneuver"],"picked":"Noxious Fumes","floor":7},{"not_picked":["Bane","Dagger Spray"],"picked":"Deadly Poison","floor":8},{"not_picked":["Sucker Punch","Prepared"],"picked":"Bouncing Flask","floor":11},{"not_picked":["Riddle With Holes","Blade Dance"],"picked":"Wraith Form v2","floor":13}],"player_experience":1511039,"relics_obtained":[{"floor":9,"key":"Boot"}],"event_choices":[{"damage_healed":0,"gold_gain":0,"player_choice":"1 cards matched","damage_taken":0,"max_hp_gain":0,"max_hp_loss":0,"event_name":"Match and Keep!","floor":3,"gold_loss":0,"cards_obtained":["Noxious Fumes"]}],"is_beta":false,"boss_relics":[],"items_purged_floors":[],"is_endless":false,"potions_floor_spawned":[1,2],"killed_by":"Looter","ascension_level":16}