{"gold_per_floor":[112,187,112,59,209,244,244,271,271,284,106,106,122,151,151,224,224,224,224],"floor_reached":19,"playtime":594,"items_purged":["Doubt"],"score":466,"play_id":"7c0d3cb0-0bf6-4f32-bd19-9588461047c1","local_time":"20190512155054","is_ascension_mode":true,"campfire_choices":[{"data":"Immolate","floor":7.0,"key":"SMITH"},{"data":"Evolve","floor":12.0,"key":"SMITH"},{"floor":15,"key":"REST"}],"neow_cost":"NONE","seed_source_timestamp":2582131316420440,"circlet_count":0,"master_deck":["AscendersBane","Strike_R","Strike_R","Strike_R","Strike_R","Defend_R","Defend_R","Defend_R","Defend_R","Bash","Shrug It Off","Shrug It Off","Immolate+1","Evolve+1","Armaments","Purity","Shrug It Off","Fiend Fire","Disarm"],"special_seed":0,"relics":["Burning Blood","NeowsBlessing","Unceasing Top","Potion Belt","Paper Frog","Blue Candle","Ectoplasm"],"potions_floor_usage":[14,14,16,16,16,16,16],"damage_taken":[{"damage":0.0,"enemies":"Small Slimes","floor":1.0,"turns":1.0},{"damage":0.0,"enemies":"Gremlin Nob","floor":6.0,"turns":1.0},{"damage":0.0,"enemies":"3 Sentries","floor":8.0,"turns":1.0},{"damage":4.0,"enemies":"Jaw Worm","floor":10.0,"turns":2.0},{"damage":0.0,"enemies":"2 Louse","floor":13.0,"turns":2.0},{"damage":46,"enemies":"Gremlin Nob","floor":14,"turns":6},{"damage":54,"enemies":"The Guardian","floor":16,"turns":15},{"damage":22,"enemies":"Spheric Guardian","floor":18,"turns":4},{"damage":44,"enemies":"Colosseum Slavers","floor":19,"turns":4}],"seed_played":"-5536854552686472264","potions_obtained":[{"floor":1.0,"key":"EntropicBrew"},{"floor":6.0,"key":"Ancient Potion"},{"floor":10.0,"key":"Swift Potion"},{"floor":13.0,"key":"SpeedPotion"}],"is_trial":false,"path_per_floor":["M","?","?","$","?","E","R","E","T","M","$","R","M","E","R","B",null,"M","?"],"character_chosen":"IRONCLAD","items_purchased":["Shrug It Off","Purity"],"campfire_rested":1,"item_purchase_floors":[4,11],"current_hp_per_floor":[74,63,63,63,63,69,69,75,75,75,75,75,75,35,57,9,59,43,0],"gold":224,"neow_bonus":"THREE_ENEMY_KILL","is_prod":false,"is_daily":false,"chose_seed":false,"campfire_upgraded":2,"win_rate":0,"timestamp":1557669054,"path_taken":["M","?","?","$","?","E","R","E","T","M","$","R","M","E","R","BOSS","M","?"],"build_version":"2019-01-23","purchased_purges":1,"victory":false,"max_hp_per_floor":[75,75,75,75,75,75,75,75,75,75,75,75,75,75,75,75,75,75,75],"card_choices":[{"not_picked":["Uppercut","Body Slam"],"picked":"Shrug It Off","floor":1.0},{"not_picked":["Fire Breathing","Warcry"],"picked":"Immolate","floor":6.0},{"not_picked":["Ghostly Armor","Flex"],"picked":"Evolve","floor":8.0},{"not_picked":["Cleave","Sentinel"],"picked":"Armaments","floor":10.0},{"not_picked":["Immolate","Heavy Blade","Thunderclap"],"picked":"SKIP","floor":13.0},{"not_picked":["Twin Strike","Clothesline"],"picked":"Shrug It Off","floor":14},{"not_picked":["Brutality","Feed"],"picked":"Fiend Fire","floor":16},{"not_picked":["Entrench","Ghostly Armor"],"picked":"Disarm","floor":18}],"player_experience":785705,"relics_obtained":[{"floor":6.0,"key":"Unceasing Top"},{"floor":8.0,"key":"Potion Belt"},{"floor":9.0,"key":"Paper Frog"},{"floor":14,"key":"Blue Candle"}],"event_choices":[{"damage_healed":0.0,"max_hp_gain":0.0,"max_hp_loss":0.0,"gold_gain":75.0,"event_name":"World of Goop","player_choice":"Gather Gold","floor":2.0,"gold_loss":0.0,"damage_taken":11.0},{"cards_removed":["Strike_R"],"damage_healed":0.0,"max_hp_gain":0.0,"max_hp_loss":0.0,"gold_gain":0.0,"event_name":"The Cleric","player_choice":"Card Removal","floor":3.0,"gold_loss":75.0,"damage_taken":0.0},{"damage_healed":0.0,"max_hp_gain":0.0,"max_hp_loss":0.0,"gold_gain":150.0,"event_name":"Liars Game","player_choice":"AGREE","floor":5.0,"gold_loss":0.0,"damage_taken":0.0,"cards_obtained":["Doubt"]},{"damage_healed":0,"gold_gain":0,"player_choice":"Fight","damage_taken":0,"max_hp_gain":0,"max_hp_loss":0,"event_name":"Colosseum","floor":19,"gold_loss":0}],"is_beta":false,"boss_relics":[{"not_picked":["Runic Cube","Busted Crown"],"picked":"Ectoplasm"}],"items_purged_floors":[11],"is_endless":false,"potions_floor_spawned":[1,6,10,13],"killed_by":"Colosseum Slavers","ascension_level":20}