{"gold_per_floor":[114,133,83,83,96,96,126,126,151,76,96,128,128,128,128,230,280,297,45,45,45,59,59,86,86,111,128,143,143,178,196,196,296,296,315,335,38,50,0,0,19,19,46,46,146,146,173,0,0,0],"floor_reached":51,"playtime":7692,"items_purged":["Parasite","Strike_R","Metallicize"],"score":796,"play_id":"ae5ff229-1aaf-4140-8445-b81c2bffb37b","local_time":"20191014014547","is_ascension_mode":false,"campfire_choices":[{"data":"Shockwave","floor":6,"key":"SMITH"},{"data":"Rage","floor":13,"key":"SMITH"},{"data":"Iron Wave","floor":15,"key":"SMITH"},{"data":"Rampage","floor":23,"key":"SMITH"},{"data":"Shrug It Off","floor":25,"key":"SMITH"},{"floor":29,"key":"REST"},{"floor":32,"key":"REST"},{"data":"Defend_R","floor":40,"key":"PURGE"},{"data":"Defend_R","floor":42,"key":"PURGE"},{"data":"Strike_R","floor":44,"key":"PURGE"},{"data":"Bash+1","floor":46,"key":"PURGE"},{"floor":49,"key":"REST"}],"neow_cost":"NONE","seed_source_timestamp":32162444051400,"circlet_count":0,"master_deck":["Strike_R","Defend_R","Defend_R","Shockwave+1","Ghostly Armor","Iron Wave+1","Rage+1","Fiend Fire","Rampage+1","Shrug It Off+1","Pommel Strike+1","Burning Pact","Barricade","Second Wind"],"relics":["Black Blood","NeowsBlessing","Oddly Smooth Stone","Pen Nib","Ice Cream","Tiny House","Boot","Self Forming Clay","Orichalcum","Vajra","Peace Pipe","Red Mask","Bag of Marbles","Pocketwatch","Potion Belt"],"potions_floor_usage":[16,16,16,30,30,41,50,50,50],"damage_taken":[{"damage":0,"enemies":"Small Slimes","floor":1,"turns":1},{"damage":0,"enemies":"2 Louse","floor":2,"turns":1},{"damage":0,"enemies":"Jaw Worm","floor":5,"turns":1},{"damage":38,"enemies":"3 Sentries","floor":7,"turns":12},{"damage":3,"enemies":"2 Fungi Beasts","floor":11,"turns":4},{"damage":4,"enemies":"Gremlin Nob","floor":12,"turns":5},{"damage":63,"enemies":"Slime Boss","floor":16,"turns":26},{"damage":1,"enemies":"Chosen","floor":18,"turns":5},{"damage":13,"enemies":"Shell Parasite","floor":22,"turns":6},{"damage":23,"enemies":"Book of Stabbing","floor":24,"turns":9},{"damage":27,"enemies":"3 Cultists","floor":27,"turns":7},{"damage":1,"enemies":"Centurion and Healer","floor":28,"turns":6},{"damage":37,"enemies":"Slavers","floor":30,"turns":12},{"damage":0,"enemies":"Snake Plant","floor":31,"turns":5},{"damage":118,"enemies":"Automaton","floor":33,"turns":14},{"damage":11,"enemies":"3 Shapes","floor":35,"turns":6},{"damage":28,"enemies":"3 Darklings","floor":36,"turns":8},{"damage":27,"enemies":"Sphere and 2 Shapes","floor":38,"turns":11},{"damage":17,"enemies":"Maw","floor":41,"turns":10},{"damage":0,"enemies":"Mind Bloom Boss Battle","floor":45,"turns":11},{"damage":6,"enemies":"Giant Head","floor":47,"turns":7},{"damage":35,"enemies":"Donu and Deca","floor":50,"turns":11}],"seed_played":"4415190909867521774","potions_obtained":[{"floor":2,"key":"BloodPotion"},{"floor":7,"key":"FearPotion"},{"floor":12,"key":"AttackPotion"},{"floor":17,"key":"SpeedPotion"},{"floor":27,"key":"Regen Potion"},{"floor":28,"key":"FairyPotion"},{"floor":33,"key":"BloodPotion"},{"floor":35,"key":"Dexterity Potion"},{"floor":38,"key":"Energy Potion"},{"floor":47,"key":"SkillPotion"}],"is_trial":false,"path_per_floor":["M","M","?","?","M","R","E","?","T","$","M","E","R","$","R","B",null,"M","$","?","?","M","R","E","R","T","M","M","R","E","M","R","B",null,"M","M","$","M","?","R","M","R","T","R","?","R","E","$","R","B",null],"character_chosen":"IRONCLAD","items_purchased":["Boot","Peace Pipe","SpeedPotion"],"campfire_rested":3,"item_purchase_floors":[19,37,48],"current_hp_per_floor":[80,80,80,73,79,79,47,67,67,67,70,72,72,72,72,34,82,82,82,82,82,75,75,58,58,58,37,42,66,50,56,80,14,82,81,63,63,46,46,46,39,39,39,39,49,49,53,53,77,52],"gold":0,"neow_bonus":"THREE_ENEMY_KILL","is_prod":false,"is_daily":false,"chose_seed":false,"campfire_upgraded":5,"win_rate":0.0,"timestamp":1571039147,"path_taken":["M","M","?","?","M","R","E","?","T","$","M","E","R","?","R","BOSS","M","$","?","?","M","R","E","R","T","M","M","R","E","M","R","BOSS","M","M","$","M","?","R","M","R","T","R","?","R","E","?","R","BOSS"],"build_version":"2019-07-17","purchased_purges":3,"victory":true,"max_hp_per_floor":[80,80,80,80,80,80,80,80,80,77,77,77,77,77,77,77,82,82,82,82,82,82,82,82,82,82,82,82,82,82,82,82,82,82,82,82,82,82,82,82,82,82,82,82,82,82,82,82,82,82],"card_choices":[{"not_picked":["Anger","Clash"],"picked":"Shockwave","floor":1},{"not_picked":["Heavy Blade","Infernal Blade"],"picked":"Ghostly Armor","floor":2},{"not_picked":["Blood for Blood","Sword Boomerang"],"picked":"Iron Wave","floor":5},{"not_picked":["Cleave","Barricade"],"picked":"Metallicize","floor":7},{"not_picked":["Anger","Uppercut","Heavy Blade"],"picked":"SKIP","floor":11},{"not_picked":["Clash","Fiend Fire"],"picked":"Rage","floor":12},{"not_picked":["Demon Form","Offering"],"picked":"Fiend Fire","floor":16},{"not_picked":["Pommel Strike","Dual Wield"],"picked":"Rampage","floor":17},{"not_picked":["True Grit","Combust+1","Clash"],"picked":"SKIP","floor":18},{"not_picked":["Sword Boomerang","Armaments","Heavy Blade"],"picked":"SKIP","floor":22},{"not_picked":["Infernal Blade","Rage"],"picked":"Pommel Strike+1","floor":24},{"not_picked":["Headbutt","Clothesline","Spot Weakness"],"picked":"SKIP","floor":27},{"not_picked":["Flex","Heavy Blade"],"picked":"Burning Pact","floor":28},{"not_picked":["Perfected Strike","Limit Break","Iron Wave+1"],"picked":"SKIP","floor":30},{"not_picked":["Combust","Cleave","Intimidate+1"],"picked":"SKIP","floor":31},{"not_picked":["Demon Form","Impervious"],"picked":"Barricade","floor":33},{"not_picked":["Disarm","Bloodletting+1","Dropkick"],"picked":"SKIP","floor":35},{"not_picked":["Perfected Strike","Disarm+1"],"picked":"Second Wind","floor":36},{"not_picked":["Combust+1","Headbutt","Shockwave+1"],"picked":"SKIP","floor":38},{"not_picked":["Pommel Strike+1","Perfected Strike+1","Intimidate+1"],"picked":"SKIP","floor":41},{"not_picked":["Whirlwind","Perfected Strike","Blood for Blood"],"picked":"SKIP","floor":47}],"player_experience":9481,"relics_obtained":[{"floor":7,"key":"Oddly Smooth Stone"},{"floor":9,"key":"Pen Nib"},{"floor":12,"key":"Ice Cream"},{"floor":24,"key":"Self Forming Clay"},{"floor":26,"key":"Orichalcum"},{"floor":30,"key":"Vajra"},{"floor":43,"key":"Bag of Marbles"},{"floor":45,"key":"Pocketwatch"},{"floor":47,"key":"Potion Belt"}],"event_choices":[{"cards_removed":["Strike_R"],"damage_healed":0,"gold_gain":0,"player_choice":"Card Removal","damage_taken":0,"max_hp_gain":0,"max_hp_loss":0,"event_name":"The Cleric","floor":3,"gold_loss":50},{"cards_removed":["Strike_R"],"damage_healed":0,"gold_gain":0,"player_choice":"Card Removal","damage_taken":7,"max_hp_gain":0,"max_hp_loss":0,"event_name":"Golden Wing","floor":4,"gold_loss":0},{"damage_healed":20,"gold_gain":0,"player_choice":"Healed and dodged fight","damage_taken":0,"max_hp_gain":0,"max_hp_loss":0,"event_name":"Mushrooms","floor":8,"gold_loss":0,"cards_obtained":["Parasite"]},{"damage_healed":0,"gold_gain":0,"player_choice":"Read","damage_taken":0,"max_hp_gain":0,"max_hp_loss":0,"event_name":"The Library","floor":20,"gold_loss":0,"cards_obtained":["Shrug It Off"]},{"damage_healed":0,"gold_gain":0,"player_choice":"Ignored","damage_taken":0,"max_hp_gain":0,"max_hp_loss":0,"event_name":"Vampires","floor":21,"gold_loss":0},{"damage_healed":0,"gold_gain":0,"player_choice":"Paid","damage_taken":0,"relics_obtained":["Red Mask"],"max_hp_gain":0,"max_hp_loss":0,"event_name":"Tomb of Lord Red Mask","floor":39,"gold_loss":50},{"damage_healed":0,"gold_gain":0,"player_choice":"Fight","damage_taken":0,"max_hp_gain":0,"max_hp_loss":0,"event_name":"MindBloom","floor":45,"gold_loss":0}],"is_beta":false,"boss_relics":[{"not_picked":["Ectoplasm","Astrolabe"],"picked":"Tiny House"},{"not_picked":["Snecko Eye","Runic Dome"],"picked":"Black Blood"}],"items_purged_floors":[10,19,48],"is_endless":false,"potions_floor_spawned":[2,7,12,27,28,33,35,38,47],"ascension_level":0}