{"gold_per_floor":[359,376,2,2,13,13,43,118,171,181,181,208,208,220,220,321,321,321],"floor_reached":18,"playtime":620,"items_purged":["Doubt"],"score":170,"play_id":"e2408994-9db4-4aa0-aefb-435166a1a90a","local_time":"20190610175446","is_ascension_mode":false,"campfire_choices":[{"data":"1","floor":6,"key":"LIFT"},{"floor":11,"key":"REST"},{"floor":15,"key":"REST"}],"neow_cost":"CURSE","seed_source_timestamp":143009516579096,"circlet_count":0,"master_deck":["Strike_R","Strike_R","Strike_R","Strike_R","Defend_R","Defend_R","Defend_R","Defend_R","Bash","Pommel Strike","Anger","Berserk","Headbutt","Dark Embrace"],"relics":["Burning Blood","Girya","Juzu Bracelet","Omamori","Mummified Hand","Velvet Choker"],"potions_floor_usage":[10,12],"damage_taken":[{"damage":0,"enemies":"Small Slimes","floor":1,"turns":3},{"damage":6,"enemies":"Jaw Worm","floor":2,"turns":3},{"damage":6,"enemies":"2 Louse","floor":5,"turns":2},{"damage":14,"enemies":"Gremlin Nob","floor":7,"turns":3},{"damage":20,"enemies":"Exordium Thugs","floor":10,"turns":4},{"damage":44,"enemies":"Lagavulin","floor":12,"turns":5},{"damage":27,"enemies":"Gremlin Gang","floor":14,"turns":5},{"damage":47,"enemies":"Slime Boss","floor":16,"turns":9},{"damage":9,"enemies":"Chosen","floor":18,"turns":2}],"seed_played":"-941903093801153406","potions_obtained":[{"floor":1,"key":"FearPotion"},{"floor":2,"key":"Explosive Potion"},{"floor":12,"key":"FairyPotion"},{"floor":16,"key":"Ancient Potion"}],"is_trial":false,"path_per_floor":["M","M","$","?","M","R","E","?","T","M","R","E","?","M","R","B",null,"M"],"character_chosen":"IRONCLAD","items_purchased":["Girya"],"campfire_rested":2,"item_purchase_floors":[3],"current_hp_per_floor":[80,80,80,80,80,80,72,61,61,47,71,33,33,12,36,11,80,71],"gold":321,"neow_bonus":"TWO_FIFTY_GOLD","is_prod":false,"is_daily":false,"chose_seed":false,"campfire_upgraded":0,"win_rate":0,"timestamp":1560203686,"path_taken":["M","M","$","?","M","R","E","?","T","M","R","E","?","M","R","BOSS","M"],"build_version":"2019-01-23","purchased_purges":1,"victory":false,"max_hp_per_floor":[80,80,80,80,80,80,80,80,80,80,80,80,80,80,80,80,80,80],"card_choices":[{"not_picked":["Power Through","Reckless Charge"],"picked":"Pommel Strike","floor":1},{"not_picked":["Headbutt","Wild Strike"],"picked":"Anger","floor":2},{"not_picked":["Flex","Havoc","Clash"],"picked":"SKIP","floor":5},{"not_picked":["Infernal Blade","Second Wind"],"picked":"Berserk","floor":7},{"not_picked":["Cleave","Body Slam","Havoc"],"picked":"SKIP","floor":10},{"not_picked":["Flex","Armaments"],"picked":"Headbutt","floor":12},{"not_picked":["Body Slam","Heavy Blade","Headbutt"],"picked":"SKIP","floor":14},{"not_picked":["Juggernaut","Limit Break"],"picked":"Dark Embrace","floor":16}],"player_experience":195353,"relics_obtained":[{"floor":7,"key":"Juzu Bracelet"},{"floor":9,"key":"Omamori"},{"floor":12,"key":"Mummified Hand"}],"event_choices":[{"cards_removed":["Strike_R"],"damage_healed":0,"gold_gain":0,"player_choice":"Forget","damage_taken":0,"max_hp_gain":0,"max_hp_loss":0,"event_name":"Living Wall","floor":4,"gold_loss":0},{"damage_healed":0,"gold_gain":75,"player_choice":"Gather Gold","damage_taken":11,"max_hp_gain":0,"max_hp_loss":0,"event_name":"World of Goop","floor":8,"gold_loss":0},{"damage_healed":0,"gold_gain":0,"player_choice":"Ignored","damage_taken":0,"max_hp_gain":0,"max_hp_loss":0,"event_name":"NoteForYourself","floor":13,"gold_loss":0}],"is_beta":false,"boss_relics":[{"not_picked":["Black Blood","White Beast Statue"],"picked":"Velvet Choker"}],"items_purged_floors":[3],"is_endless":false,"potions_floor_spawned":[1,2,12,16],"killed_by":"Chosen","ascension_level":0}