{"gold_per_floor":[116,116,266,37,111,146,165,11,35,35,49,59,359,371,371,442,492,512,123,133,133,151,151,163,173,173,48,48,63,63,82,82,82],"floor_reached":33,"playtime":1585,"items_purged":["Doubt","Strike_B","Strike_B"],"score":498,"play_id":"a7aa96f9-6a2b-49dc-ad8b-b58d7bbe0e21","local_time":"20181018193108","is_ascension_mode":true,"campfire_choices":[{"floor":10.0,"key":"REST"},{"data":"Go for the Eyes","floor":15.0,"key":"SMITH"},{"floor":23.0,"key":"REST"},{"floor":28.0,"key":"REST"},{"floor":32.0,"key":"REST"}],"neow_cost":"NONE","seed_source_timestamp":261273261852684,"circlet_count":0,"master_deck":["Strike_B","Strike_B","Defend_B","Defend_B","Defend_B","Defend_B+1","Zap","Dualcast","AscendersBane","Defragment+1","FTL","Conserve Battery","Go for the Eyes+1","Gash","Sweeping Beam","Rebound","Compile Driver","Leap","Leap","Electrodynamics","Conserve Battery","Beam Cell","Self Repair","Go for the Eyes","Scrape","Cold Snap","Ball Lightning","Coolheaded","Ball Lightning","Hologram","Defragment+1","Gash"],"special_seed":0,"relics":["Nuclear Battery","Bottled Lightning","Bronze Scales","Vajra","Old Coin","Tiny House","Oddly Smooth Stone","Singing Bowl"],"potions_floor_usage":[33],"damage_taken":[{"damage":4.0,"enemies":"Small Slimes","floor":1.0,"turns":4.0},{"damage":24.0,"enemies":"Lagavulin","floor":6.0,"turns":7.0},{"damage":6.0,"enemies":"Cultist","floor":7.0,"turns":4.0},{"damage":7.0,"enemies":"Jaw Worm","floor":11.0,"turns":2.0},{"damage":5.0,"enemies":"Blue Slaver","floor":12.0,"turns":3.0},{"damage":5.0,"enemies":"Exordium Wildlife","floor":14.0,"turns":3.0},{"damage":2.0,"enemies":"Hexaghost","floor":16.0,"turns":9.0},{"damage":21.0,"enemies":"Shell Parasite","floor":18.0,"turns":5.0},{"damage":21.0,"enemies":"2 Thieves","floor":20.0,"turns":4.0},{"damage":8.0,"enemies":"Colosseum Slavers","floor":21.0,"turns":5.0},{"damage":16.0,"enemies":"Sentry and Sphere","floor":22.0,"turns":4.0},{"damage":8.0,"enemies":"3 Cultists","floor":24.0,"turns":4.0},{"damage":6.0,"enemies":"Centurion and Healer","floor":25.0,"turns":5.0},{"damage":18.0,"enemies":"Sentry and Sphere","floor":29.0,"turns":4.0},{"damage":18.0,"enemies":"Snake Plant","floor":31.0,"turns":3.0},{"damage":78,"enemies":"Collector","floor":33,"turns":8}],"seed_played":"-6851390592534054783","potions_obtained":[{"floor":1.0,"key":"EssenceOfSteel"},{"floor":11.0,"key":"Energy Potion"},{"floor":20.0,"key":"Fire Potion"},{"floor":24.0,"key":"Regen Potion"},{"floor":25.0,"key":"PowerPotion"}],"is_trial":false,"path_per_floor":["M","?","?","$","T","E","M","$","T","R","M","M","T","M","R","B",null,"M","$","M","?","M","R","M","M","T","$","R","M","?","M","R"],"character_chosen":"DEFECT","items_purchased":["FTL","Conserve Battery","Go for the Eyes","Rebound","Self Repair","Go for the Eyes","Scrape","Oddly Smooth Stone"],"campfire_rested":4,"item_purchase_floors":[4,4,4,8,19,19,19,19],"current_hp_per_floor":[60,60,60,60,60,36,30,30,30,51,44,39,39,34,34,32,66,45,45,31,30,21,43,35,48,48,48,70,59,59,41,63,0],"gold":82,"neow_bonus":"BOSS_RELIC","is_prod":false,"is_daily":false,"chose_seed":false,"campfire_upgraded":1,"win_rate":0,"timestamp":1539883868,"path_taken":["M","?","?","$","?","E","?","$","T","R","M","M","?","M","R","BOSS","M","$","M","?","M","R","M","M","T","$","R","M","?","M","R","BOSS"],"build_version":"2018-10-11","purchased_purges":3,"victory":false,"max_hp_per_floor":[71,71,71,71,71,71,71,71,71,71,71,71,71,71,71,71,76,76,76,76,76,76,76,76,76,76,76,76,76,76,76,76,76],"card_choices":[{"not_picked":["Self Repair","Beam Cell"],"picked":"Defragment","floor":1.0},{"not_picked":["Turbo","Stack"],"picked":"Gash","floor":6.0},{"not_picked":["Steam","Melter"],"picked":"Sweeping Beam","floor":7.0},{"not_picked":["Aggregate","Steam"],"picked":"Compile Driver","floor":11.0},{"not_picked":["Loop","Beam Cell"],"picked":"Leap","floor":12.0},{"not_picked":["Steam","Streamline"],"picked":"Leap","floor":14.0},{"not_picked":["Fission","Amplify"],"picked":"Electrodynamics","floor":16.0},{"not_picked":["Rip and Tear","Auto Shields"],"picked":"Conserve Battery","floor":17.0},{"not_picked":["Lockon","Chaos"],"picked":"Beam Cell","floor":18.0},{"not_picked":["Genetic Algorithm","Rip and Tear"],"picked":"Cold Snap","floor":20.0},{"not_picked":["Beam Cell","Turbo"],"picked":"Ball Lightning","floor":22.0},{"not_picked":["Heatsinks","Thunder Strike"],"picked":"Coolheaded","floor":24.0},{"not_picked":["Redo","Heatsinks"],"picked":"Ball Lightning","floor":25.0},{"not_picked":["Steam","Leap"],"picked":"Hologram","floor":29.0},{"not_picked":["Redo","Coolheaded"],"picked":"Gash","floor":31.0}],"player_experience":449081,"relics_obtained":[{"floor":5.0,"key":"Bottled Lightning"},{"floor":6.0,"key":"Bronze Scales"},{"floor":9.0,"key":"Vajra"},{"floor":13.0,"key":"Old Coin"},{"floor":26.0,"key":"Singing Bowl"}],"event_choices":[{"event_name":"Upgrade Shrine","player_choice":"Upgraded","floor":2.0,"damage_taken":0.0},{"event_name":"Liars Game","player_choice":"agreed","floor":3.0,"damage_taken":0.0},{"event_name":"Colosseum","player_choice":"Fight","floor":21.0,"damage_taken":0.0},{"event_name":"Colosseum","player_choice":"Fled From Nobs","floor":21.0,"damage_taken":0.0},{"event_name":"Duplicator","player_choice":"One dupe","floor":30.0,"damage_taken":0.0}],"is_beta":false,"boss_relics":[{"not_picked":["Black Star","Runic Pyramid"],"picked":"Tiny House"}],"items_purged_floors":[4,8,27],"is_endless":false,"potions_floor_spawned":[1,11,20,21,24,25],"killed_by":"Collector","ascension_level":20}