{"gold_per_floor":[118,118,135,150,150,150,179,179,179,192,192,192,221,232,232,330,330,341,341],"floor_reached":19,"playtime":1266,"items_purged":[],"score":257,"play_id":"abe442df-b313-4da2-a21c-7b97f18ca1a4","local_time":"20180827203316","is_ascension_mode":true,"campfire_choices":[{"data":"Go for the Eyes","floor":6.0,"key":"SMITH"},{"data":"Buffer","floor":8.0,"key":"SMITH"},{"data":"Capacitor","floor":11.0,"key":"SMITH"},{"floor":15.0,"key":"REST"}],"neow_cost":"NONE","seed_source_timestamp":0,"circlet_count":0,"master_deck":["Strike_B","Strike_B","Strike_B","Defend_B","Defend_B","Defend_B","Defend_B","Zap","Dualcast","Buffer+1","Go for the Eyes+1","Genetic Algorithm+1","Cold Snap","Capacitor+1","BootSequence+1","Consume","Self Repair","All For One","Cold Snap"],"special_seed":0,"relics":["Cracked Core","Centennial Puzzle","Matryoshka","Cables","Runic Pyramid"],"potions_floor_usage":[19],"damage_taken":[{"damage":7.0,"enemies":"Small Slimes","floor":1.0,"turns":4.0},{"damage":1.0,"enemies":"Cultist","floor":3.0,"turns":4.0},{"damage":1.0,"enemies":"Jaw Worm","floor":4.0,"turns":3.0},{"damage":4.0,"enemies":"Gremlin Nob","floor":7.0,"turns":5.0},{"damage":0.0,"enemies":"Large Slime","floor":10.0,"turns":8.0},{"damage":11.0,"enemies":"3 Sentries","floor":13.0,"turns":11.0},{"damage":0.0,"enemies":"Looter","floor":14.0,"turns":3.0},{"damage":22.0,"enemies":"Hexaghost","floor":16.0,"turns":11.0},{"damage":0,"enemies":"Spheric Guardian","floor":18,"turns":5},{"damage":32,"enemies":"Colosseum Slavers","floor":19,"turns":6},{"damage":50,"enemies":"Colosseum Nobs","floor":19,"turns":6}],"seed_played":"3343626993236122708","potions_obtained":[{"floor":7.0,"key":"Explosive Potion"},{"floor":16.0,"key":"Dexterity Potion"}],"is_trial":false,"path_per_floor":["M","?","M","M","?","R","E","R","T","M","R","?","E","M","R","B",null,"M"],"character_chosen":"DEFECT","items_purchased":[],"campfire_rested":1,"item_purchase_floors":[],"current_hp_per_floor":[61,61,60,59,75,75,71,71,71,71,71,56,45,45,67,52,69,75,0],"gold":341,"neow_bonus":"ONE_RANDOM_RARE_CARD","is_prod":false,"is_daily":false,"chose_seed":false,"campfire_upgraded":3,"win_rate":0,"timestamp":1535398396,"path_taken":["M","?","M","M","?","R","E","R","T","M","R","?","E","M","R","BOSS","M","?"],"build_version":"2018-08-23v2","purchased_purges":0,"victory":false,"max_hp_per_floor":[75,75,75,75,75,75,75,75,75,75,75,75,75,75,75,75,75,75,75],"card_choices":[{"not_picked":["Streamline","Gash"],"picked":"Go for the Eyes","floor":1.0},{"not_picked":["Chill","Gash"],"picked":"Genetic Algorithm","floor":3.0},{"not_picked":["Reinforced Body","Ball Lightning"],"picked":"Cold Snap","floor":4.0},{"not_picked":["Amplify","Gash"],"picked":"Capacitor","floor":7.0},{"not_picked":["Force Field","Compile Driver"],"picked":"BootSequence","floor":10.0},{"not_picked":["Go for the Eyes","Leap"],"picked":"Consume","floor":13.0},{"not_picked":["Redo","Rebound"],"picked":"Self Repair","floor":14.0},{"not_picked":["Meteor Strike","Buffer"],"picked":"All For One","floor":16.0},{"not_picked":["Leap","Auto Shields+1"],"picked":"Cold Snap","floor":18}],"player_experience":613267,"relics_obtained":[{"floor":7.0,"key":"Centennial Puzzle"},{"floor":9.0,"key":"Matryoshka"},{"floor":13.0,"key":"Cables"}],"event_choices":[{"event_name":"Purifier","player_choice":"One Purge","floor":2.0,"damage_taken":0.0},{"event_name":"Big Fish","player_choice":"Banana","floor":5.0,"damage_taken":0.0},{"event_name":"Shining Light","player_choice":"Entered Light","floor":12.0,"damage_taken":0.0},{"event_name":"Colosseum","player_choice":"Fight","floor":19,"damage_taken":0},{"event_name":"Colosseum","player_choice":"Fought Nobs","floor":19,"damage_taken":0}],"is_beta":false,"boss_relics":[{"not_picked":["Runic Dome","Fusion Hammer"],"picked":"Runic Pyramid"}],"items_purged_floors":[],"is_endless":false,"potions_floor_spawned":[7,16],"killed_by":"Colosseum Nobs","ascension_level":9}