{"gold_per_floor":[10,27,45,95,111,111,143,143,225,225,92,92,108,108],"floor_reached":14,"playtime":558,"items_purged":["Strike_R"],"score":171,"play_id":"48a4a88a-2e18-4a8a-8cfb-4b00fb1a88ce","local_time":"20190731174236","is_ascension_mode":true,"campfire_choices":[{"data":"Bash","floor":6,"key":"SMITH"},{"data":"Clothesline","floor":8,"key":"SMITH"},{"data":"Demon Form","floor":12,"key":"SMITH"}],"neow_cost":"NO_GOLD","seed_source_timestamp":178593684493400,"circlet_count":0,"master_deck":["AscendersBane","Strike_R","Defend_R","Defend_R","Defend_R","Defend_R","Bash+1","Clothesline+1","Iron Wave","Infernal Blade","Headbutt","Flame Barrier","Demon Form+1","True Grit","Disarm"],"relics":["Burning Blood","Peace Pipe","Molten Egg 2"],"potions_floor_usage":[3,14],"damage_taken":[{"damage":4,"enemies":"Jaw Worm","floor":1,"turns":5},{"damage":0,"enemies":"Cultist","floor":2,"turns":3},{"damage":4,"enemies":"Small Slimes","floor":3,"turns":3},{"damage":12,"enemies":"Looter","floor":5,"turns":3},{"damage":21,"enemies":"Gremlin Nob","floor":7,"turns":4},{"damage":10,"enemies":"2 Fungi Beasts","floor":13,"turns":3},{"damage":49,"enemies":"3 Sentries","floor":14,"turns":14}],"seed_played":"4583424009949122769","potions_obtained":[{"floor":2,"key":"Swift Potion"},{"floor":5,"key":"GamblersBrew"},{"floor":7,"key":"SneckoOil"}],"is_trial":false,"path_per_floor":["M","M","M","?","M","R","E","R","T","?","$","R","M","E"],"character_chosen":"IRONCLAD","items_purchased":["True Grit"],"campfire_rested":0,"item_purchase_floors":[11],"current_hp_per_floor":[70,75,75,68,62,62,47,47,47,47,47,47,43,0],"gold":108,"neow_bonus":"REMOVE_TWO","is_prod":false,"is_daily":false,"chose_seed":false,"campfire_upgraded":3,"win_rate":0,"timestamp":1564587756,"path_taken":["M","M","M","?","?","R","E","R","T","?","$","R","M","E"],"build_version":"2019-07-17","purchased_purges":1,"victory":false,"max_hp_per_floor":[75,75,75,75,75,75,75,75,75,75,75,75,75,75],"card_choices":[{"not_picked":["Heavy Blade","Pommel Strike"],"picked":"Clothesline","floor":1},{"not_picked":["Thunderclap","Disarm"],"picked":"Iron Wave","floor":2},{"not_picked":["Sentinel","Perfected Strike"],"picked":"Infernal Blade","floor":3},{"not_picked":["Iron Wave","Clash"],"picked":"Headbutt","floor":5},{"not_picked":["Infernal Blade","Clash"],"picked":"Flame Barrier","floor":7},{"not_picked":["Searing Blow+1","Perfected Strike+1"],"picked":"Disarm","floor":13}],"player_experience":1772606,"relics_obtained":[{"floor":7,"key":"Peace Pipe"},{"floor":9,"key":"Molten Egg 2"}],"event_choices":[{"damage_healed":0,"gold_gain":50,"player_choice":"Touch","damage_taken":7,"max_hp_gain":0,"max_hp_loss":0,"event_name":"FaceTrader","floor":4,"gold_loss":0},{"damage_healed":0,"gold_gain":0,"cards_transformed":["Strike_R"],"player_choice":"Change","damage_taken":0,"max_hp_gain":0,"max_hp_loss":0,"event_name":"Living Wall","floor":10,"gold_loss":0,"cards_obtained":["Demon Form"]}],"is_beta":false,"boss_relics":[],"items_purged_floors":[11],"is_endless":false,"potions_floor_spawned":[2,5,7],"killed_by":"3 Sentries","ascension_level":18}