{"gold_per_floor":[110,110,185,185,204,231,231,260,260,260,76,76,95,114,114,189,189,209,229,279,298,298],"floor_reached":22,"playtime":811,"items_purged":["Strike_B"],"score":511,"play_id":"8c4a9e8d-079e-4e36-a0ec-92923f33715e","local_time":"20190524181154","is_ascension_mode":true,"campfire_choices":[{"data":"Rebound","floor":7,"key":"SMITH"},{"floor":10,"key":"REST"},{"data":"Sunder","floor":15,"key":"SMITH"}],"neow_cost":"NONE","seed_source_timestamp":312992379065460,"circlet_count":0,"master_deck":["AscendersBane","Strike_B","Strike_B","Strike_B","Defend_B+1","Defend_B","Defend_B","Defend_B+1","Zap","Dualcast","Darkness","Genetic Algorithm","Rebound+1","Sunder+1","Defragment","Gash","White Noise","Ball Lightning","Biased Cognition","Cold Snap+1","Redo"],"relics":["Cracked Core","NeowsBlessing","WingedGreaves","Matryoshka","War Paint","DataDisk","Pocketwatch","Busted Crown"],"potions_floor_usage":[8,18],"damage_taken":[{"damage":0,"enemies":"Jaw Worm","floor":1,"turns":1},{"damage":0,"enemies":"Small Slimes","floor":5,"turns":1},{"damage":0,"enemies":"Gremlin Nob","floor":6,"turns":1},{"damage":51,"enemies":"3 Sentries","floor":8,"turns":8},{"damage":0,"enemies":"2 Louse","floor":13,"turns":1},{"damage":2,"enemies":"Blue Slaver","floor":14,"turns":3},{"damage":0,"enemies":"Slime Boss","floor":16,"turns":7},{"damage":4,"enemies":"Spheric Guardian","floor":18,"turns":3},{"damage":15,"enemies":"3 Byrds","floor":19,"turns":4},{"damage":24,"enemies":"Snake Plant","floor":21,"turns":3},{"damage":21,"enemies":"Shelled Parasite and Fungi","floor":22,"turns":2}],"seed_played":"-2036975234015151541","potions_obtained":[{"floor":1,"key":"EssenceOfSteel"},{"floor":16,"key":"Fire Potion"}],"is_trial":false,"path_per_floor":["M","?","?","?","M","E","R","E","T","R","$","T","M","M","R","B",null,"M","M","?","M","M"],"character_chosen":"DEFECT","items_purchased":["Defragment","Gash"],"campfire_rested":1,"item_purchase_floors":[11,11],"current_hp_per_floor":[64,64,53,53,53,53,53,2,2,23,23,23,23,21,21,21,59,55,40,40,16,0],"gold":298,"neow_bonus":"THREE_ENEMY_KILL","is_prod":false,"is_daily":false,"chose_seed":false,"campfire_upgraded":2,"win_rate":0,"timestamp":1558717914,"path_taken":["M","?","?","?","M","E","R","E","T","R","?","?","?","M","R","BOSS","M","M","?","?","M"],"build_version":"2019-01-23","purchased_purges":1,"victory":false,"max_hp_per_floor":[71,71,71,71,71,71,71,71,71,71,71,71,71,71,71,71,71,71,71,71,71,71],"card_choices":[{"not_picked":["Go for the Eyes","BootSequence"],"picked":"Darkness","floor":1},{"not_picked":["Hello World","Steam"],"picked":"Genetic Algorithm","floor":5},{"not_picked":["Hello World","Leap"],"picked":"Rebound","floor":6},{"not_picked":["Aggregate","Hyperbeam"],"picked":"Sunder","floor":8},{"not_picked":["Turbo","Barrage"],"picked":"White Noise","floor":13},{"not_picked":["Rebound","Melter"],"picked":"Ball Lightning","floor":14},{"not_picked":["Seek","Hyperbeam"],"picked":"Biased Cognition","floor":16},{"not_picked":[],"picked":"Cold Snap+1","floor":18},{"not_picked":[],"picked":"Redo","floor":19},{"not_picked":["Ball Lightning"],"picked":"SKIP","floor":21}],"player_experience":1043984,"relics_obtained":[{"floor":6,"key":"WingedGreaves"},{"floor":8,"key":"Matryoshka"},{"floor":9,"key":"War Paint"},{"floor":12,"key":"DataDisk"},{"floor":12,"key":"Pocketwatch"}],"event_choices":[{"damage_healed":0,"gold_gain":0,"player_choice":"Ignored","damage_taken":0,"max_hp_gain":0,"max_hp_loss":0,"event_name":"Golden Idol","floor":2,"gold_loss":0},{"damage_healed":0,"gold_gain":75,"player_choice":"Gather Gold","damage_taken":11,"max_hp_gain":0,"max_hp_loss":0,"event_name":"World of Goop","floor":3,"gold_loss":0},{"damage_healed":0,"gold_gain":0,"player_choice":"Ignored","damage_taken":0,"max_hp_gain":0,"max_hp_loss":0,"event_name":"Liars Game","floor":4,"gold_loss":0},{"damage_healed":0,"gold_gain":50,"player_choice":"Pray","damage_taken":0,"max_hp_gain":0,"max_hp_loss":0,"event_name":"Golden Shrine","floor":20,"gold_loss":0}],"is_beta":false,"boss_relics":[{"not_picked":["Philosopher\u0027s Stone","Calling Bell"],"picked":"Busted Crown"}],"items_purged_floors":[11],"is_endless":false,"potions_floor_spawned":[1,16],"killed_by":"Shelled Parasite and Fungi","ascension_level":18}