{"gold_per_floor":[110,260,63,77,94,94,126,142,217,217,197,197,213,223,223,297,297,317,50,74,84,96,131,131,147,172,184,184],"floor_reached":28,"playtime":1101,"items_purged":["Doubt","Strike_G"],"score":461,"play_id":"77ab5fa6-0cfd-461b-9c88-479baf6c60c4","local_time":"20190624120506","is_ascension_mode":true,"campfire_choices":[{"data":"Skewer","floor":6,"key":"SMITH"},{"data":"Neutralize","floor":10,"key":"SMITH"},{"data":"Footwork","floor":12,"key":"SMITH"},{"data":"Poisoned Stab","floor":15,"key":"SMITH"},{"floor":24,"key":"REST"}],"neow_cost":"NONE","seed_source_timestamp":560707975757500,"circlet_count":0,"master_deck":["AscendersBane","Defend_G","Defend_G","Defend_G","Defend_G","Defend_G","Strike_G","Strike_G","Strike_G","Strike_G","Survivor","Neutralize+1","Poisoned Stab+1","Footwork+1","Endless Agony","Corpse Explosion","Skewer+1","Blade Dance","Flying Knee","Terror","PiercingWail","Die Die Die","Blade Dance+1","Caltrops","Leg Sweep","Adrenaline","Acrobatics","Setup","Caltrops+1","Backflip"],"relics":["Ring of the Serpent","Mango","Meat on the Bone","Smiling Mask","Snake Skull","Bronze Scales"],"potions_floor_usage":[7,14,16,21,27,28,28],"damage_taken":[{"damage":7,"enemies":"Small Slimes","floor":1,"turns":6},{"damage":0,"enemies":"Jaw Worm","floor":4,"turns":6},{"damage":0,"enemies":"Cultist","floor":5,"turns":3},{"damage":29,"enemies":"Lagavulin","floor":7,"turns":7},{"damage":7,"enemies":"Exordium Thugs","floor":8,"turns":4},{"damage":4,"enemies":"Large Slime","floor":13,"turns":7},{"damage":3,"enemies":"Blue Slaver","floor":14,"turns":4},{"damage":18,"enemies":"Slime Boss","floor":16,"turns":8},{"damage":0,"enemies":"3 Byrds","floor":18,"turns":2},{"damage":22,"enemies":"2 Thieves","floor":21,"turns":3},{"damage":34,"enemies":"Snake Plant","floor":22,"turns":4},{"damage":28,"enemies":"Gremlin Leader","floor":23,"turns":8},{"damage":32,"enemies":"Centurion and Healer","floor":25,"turns":5},{"damage":6,"enemies":"Chosen and Byrds","floor":27,"turns":4},{"damage":30,"enemies":"Snake Plant","floor":28,"turns":3}],"seed_played":"117637684594848750","potions_obtained":[{"floor":5,"key":"GhostInAJar"},{"floor":7,"key":"Ancient Potion"},{"floor":11,"key":"SpeedPotion"},{"floor":14,"key":"Energy Potion"},{"floor":16,"key":"PowerPotion"},{"floor":23,"key":"Weak Potion"},{"floor":27,"key":"SpeedPotion"}],"is_trial":false,"path_per_floor":["M","?","$","M","M","R","E","M","T","R","?","R","M","M","R","B",null,"M","$","T","M","M","E","R","M","T","M","M"],"character_chosen":"THE_SILENT","items_purchased":["Footwork","Endless Agony","Caltrops","Leg Sweep"],"campfire_rested":1,"item_purchase_floors":[3,3,19,19],"current_hp_per_floor":[58,58,58,58,58,58,43,36,36,36,36,36,44,53,53,47,76,76,76,76,54,32,16,41,21,21,27,0],"gold":184,"neow_bonus":"TEN_PERCENT_HP_BONUS","is_prod":false,"is_daily":false,"chose_seed":false,"campfire_upgraded":4,"win_rate":0,"timestamp":1561370706,"path_taken":["M","?","$","M","M","R","E","M","T","R","?","R","M","M","R","BOSS","M","?","?","M","M","E","R","M","T","?","M"],"build_version":"2019-01-23","purchased_purges":2,"victory":false,"max_hp_per_floor":[72,72,72,72,72,72,86,86,86,86,86,86,86,86,86,86,86,86,86,86,86,86,86,86,86,86,86,86],"card_choices":[{"not_picked":["Bane","Underhanded Strike"],"picked":"Poisoned Stab","floor":1},{"not_picked":["Heel Hook","Bane"],"picked":"Corpse Explosion","floor":4},{"not_picked":["Accuracy","Prepared"],"picked":"Skewer","floor":5},{"not_picked":["Masterful Stab","Skewer"],"picked":"Blade Dance","floor":7},{"not_picked":["Cloak And Dagger","Prepared"],"picked":"Flying Knee","floor":8},{"not_picked":["Blade Dance","Riddle With Holes"],"picked":"Terror","floor":13},{"not_picked":["Underhanded Strike","Quick Slash"],"picked":"PiercingWail","floor":14},{"not_picked":["Corpse Explosion","Phantasmal Killer"],"picked":"Die Die Die","floor":16},{"not_picked":["Dagger Spray","Deadly Poison"],"picked":"Blade Dance+1","floor":18},{"not_picked":["Deflect","Cloak And Dagger"],"picked":"Adrenaline","floor":21},{"not_picked":["Sucker Punch","Leg Sweep+1"],"picked":"Acrobatics","floor":22},{"not_picked":["Infinite Blades","Dagger Throw"],"picked":"Setup","floor":23},{"not_picked":["Noxious Fumes","Distraction"],"picked":"Caltrops+1","floor":25},{"not_picked":["Sucker Punch","Poisoned Stab"],"picked":"Backflip","floor":27}],"player_experience":1464735,"relics_obtained":[{"floor":7,"key":"Mango"},{"floor":9,"key":"Meat on the Bone"},{"floor":20,"key":"Smiling Mask"},{"floor":23,"key":"Snake Skull"},{"floor":26,"key":"Bronze Scales"}],"event_choices":[{"damage_healed":0,"gold_gain":150,"player_choice":"AGREE","damage_taken":0,"max_hp_gain":0,"max_hp_loss":0,"event_name":"Liars Game","floor":2,"gold_loss":0,"cards_obtained":["Doubt"]},{"damage_healed":0,"gold_gain":0,"player_choice":"Bought 1 Potion","damage_taken":0,"max_hp_gain":0,"max_hp_loss":0,"event_name":"The Woman in Blue","floor":11,"gold_loss":0}],"is_beta":false,"boss_relics":[{"not_picked":["Coffee Dripper","Black Star"],"picked":"Ring of the Serpent"}],"items_purged_floors":[3,19],"is_endless":false,"potions_floor_spawned":[5,7,14,16,18,23,27],"killed_by":"Snake Plant","ascension_level":16}