{"gold_per_floor":[115,133,58,73,23,55,55,89,89,1,1,17,17,17,17,91,91,108,124,38,51,51,51],"floor_reached":23,"playtime":864,"items_purged":["Strike_B"],"score":498,"play_id":"2520944f-fc09-49f3-b6e1-9f2d0f16bc5f","local_time":"20190717132156","is_ascension_mode":true,"campfire_choices":[{"data":"Buffer","floor":7.0,"key":"SMITH"},{"floor":13.0,"key":"REST"},{"floor":15.0,"key":"REST"}],"neow_cost":"NONE","seed_source_timestamp":0,"circlet_count":0,"master_deck":["AscendersBane","Strike_B","Strike_B","Strike_B","Defend_B","Defend_B","Defend_B","Defend_B","Zap","Dualcast","Buffer+1","Lockon","Sweeping Beam","Go for the Eyes","Beam Cell","Leap","Static Discharge","Glacier","Multi-Cast","Loop","Defragment","Self Repair"],"special_seed":0,"relics":["Cracked Core","Peace Pipe","Symbiotic Virus","Ginger","Runic Pyramid","Nloth\u0027s Gift"],"potions_floor_usage":[],"damage_taken":[{"damage":0.0,"enemies":"Cultist","floor":1.0,"turns":4.0},{"damage":12.0,"enemies":"Small Slimes","floor":2.0,"turns":2.0},{"damage":9.0,"enemies":"Jaw Worm","floor":4.0,"turns":3.0},{"damage":22.0,"enemies":"Lagavulin","floor":6.0,"turns":8.0},{"damage":11.0,"enemies":"3 Sentries","floor":8.0,"turns":7.0},{"damage":0.0,"enemies":"3 Louse","floor":12.0,"turns":4.0},{"damage":0.0,"enemies":"Slime Boss","floor":16.0,"turns":6.0},{"damage":0.0,"enemies":"Shell Parasite","floor":18.0,"turns":4.0},{"damage":28.0,"enemies":"2 Thieves","floor":19.0,"turns":3.0},{"damage":23.0,"enemies":"Centurion and Healer","floor":21.0,"turns":9.0},{"damage":14,"enemies":"Book of Stabbing","floor":23,"turns":2}],"seed_played":"-8446650771016958183","potions_obtained":[{"floor":1.0,"key":"Swift Potion"},{"floor":2.0,"key":"Strength Potion"},{"floor":18.0,"key":"SkillPotion"}],"is_trial":false,"path_per_floor":["M","M","$","M","$","E","R","E","T","$","?","M","R","?","R","B",null,"M","M","$","M","?","E"],"character_chosen":"DEFECT","items_purchased":["Beam Cell","Static Discharge","Defragment"],"campfire_rested":2,"item_purchase_floors":[5,10,20],"current_hp_per_floor":[64,52,52,43,43,21,21,10,10,10,15,15,36,18,39,39,63,63,35,35,12,12,0],"gold":51,"neow_bonus":"ONE_RANDOM_RARE_CARD","is_prod":false,"is_daily":false,"chose_seed":false,"campfire_upgraded":1,"win_rate":0,"timestamp":1563366116,"path_taken":["M","M","$","M","$","E","R","E","T","?","?","?","R","?","R","BOSS","M","M","$","M","?","E"],"build_version":"2019-07-05","purchased_purges":1,"victory":false,"max_hp_per_floor":[71,71,71,71,71,71,71,71,71,71,71,71,71,71,71,71,71,71,71,71,71,71,71],"card_choices":[{"not_picked":["Compile Driver","White Noise"],"picked":"Lockon","floor":1.0},{"not_picked":["Cold Snap","Chaos"],"picked":"Sweeping Beam","floor":2.0},{"not_picked":["Coolheaded","BootSequence"],"picked":"Go for the Eyes","floor":4.0},{"not_picked":["Stack","Redo"],"picked":"Leap","floor":6.0},{"not_picked":["Streamline","Skim"],"picked":"Barrage","floor":8.0},{"not_picked":["Beam Cell","Lockon","Hologram"],"picked":"Glacier","floor":12.0},{"not_picked":["Creative AI","Amplify","Fission"],"picked":"Multi-Cast","floor":16.0},{"not_picked":["Reinforced Body","Redo+1","Steam"],"picked":"Loop","floor":18.0},{"not_picked":["Beam Cell+1","Tempest","Steam","Force Field"],"picked":"SKIP","floor":19.0},{"not_picked":["Coolheaded","Blizzard","Machine Learning"],"picked":"Self Repair","floor":21.0}],"player_experience":1182606,"relics_obtained":[{"floor":6.0,"key":"Peace Pipe"},{"floor":8.0,"key":"Question Card"},{"floor":9.0,"key":"Symbiotic Virus"}],"event_choices":[{"cards_removed":["Barrage"],"damage_healed":5.0,"max_hp_gain":0.0,"max_hp_loss":0.0,"gold_gain":0.0,"event_name":"Bonfire Elementals","player_choice":"Offered Common","floor":11.0,"gold_loss":0.0,"damage_taken":0.0},{"cards_removed":["Barrage"],"damage_healed":5.0,"max_hp_gain":0.0,"max_hp_loss":0.0,"gold_gain":0.0,"event_name":"Bonfire Elementals","player_choice":"Offered Special","floor":11.0,"gold_loss":0.0,"damage_taken":0.0},{"damage_healed":0.0,"max_hp_gain":0.0,"max_hp_loss":0.0,"gold_gain":0.0,"event_name":"Scrap Ooze","player_choice":"Success","floor":14.0,"gold_loss":0.0,"damage_taken":18.0,"relics_obtained":["Ginger"]},{"damage_healed":0.0,"max_hp_gain":0.0,"max_hp_loss":0.0,"gold_gain":0.0,"event_name":"N\u0027loth","player_choice":"Traded Relic","floor":22.0,"relics_lost":["Question Card"],"gold_loss":0.0,"damage_taken":0.0,"relics_obtained":["Nloth\u0027s Gift"]}],"is_beta":false,"boss_relics":[{"not_picked":["Fusion Hammer","FrozenCore"],"picked":"Runic Pyramid"}],"items_purged_floors":[3],"is_endless":false,"potions_floor_spawned":[1,2,6,18],"killed_by":"Book of Stabbing","ascension_level":20}