{"gold_per_floor":[109,127,127,137,137,164,164,193,244,5,22,22,51,63,63,140,140,153,153,165,182,199,199,199],"floor_reached":24,"playtime":1160,"items_purged":["Strike_R"],"score":414,"play_id":"a61888b9-9dce-4e15-8a3a-79e45872f1ff","local_time":"20190731180212","is_ascension_mode":true,"campfire_choices":[{"data":"Shrug It Off","floor":7,"key":"SMITH"},{"data":"True Grit","floor":12,"key":"SMITH"},{"data":"Second Wind","floor":15,"key":"SMITH"},{"data":"Armaments","floor":23,"key":"SMITH"}],"neow_cost":"NONE","seed_source_timestamp":179166888539400,"circlet_count":0,"master_deck":["AscendersBane","Strike_R","Strike_R+1","Strike_R","Defend_R","Defend_R","Defend_R","Defend_R","Bash+1","Headbutt","Shrug It Off+1","Anger","Pummel","True Grit+1","Iron Wave+1","Second Wind+1","Wild Strike","Offering","Feel No Pain","Battle Trance+1","Armaments+1","Anger+1"],"relics":["Burning Blood","NeowsBlessing","Shuriken","Orichalcum","Potion Belt","Bag of Preparation","Whetstone","White Beast Statue","PreservedInsect"],"potions_floor_usage":[8,8,13,16,22],"damage_taken":[{"damage":0,"enemies":"Cultist","floor":1,"turns":1},{"damage":0,"enemies":"Jaw Worm","floor":2,"turns":1},{"damage":0,"enemies":"Small Slimes","floor":4,"turns":1},{"damage":32,"enemies":"Gremlin Nob","floor":6,"turns":4},{"damage":24,"enemies":"3 Sentries","floor":8,"turns":11},{"damage":1,"enemies":"Exordium Thugs","floor":11,"turns":4},{"damage":13,"enemies":"Lagavulin","floor":13,"turns":4},{"damage":1,"enemies":"Looter","floor":14,"turns":3},{"damage":21,"enemies":"Hexaghost","floor":16,"turns":8},{"damage":7,"enemies":"Chosen","floor":18,"turns":3},{"damage":17,"enemies":"Shell Parasite","floor":20,"turns":3},{"damage":18,"enemies":"Snake Plant","floor":21,"turns":4},{"damage":32,"enemies":"Snecko","floor":22,"turns":8},{"damage":24,"enemies":"Cultist and Chosen","floor":24,"turns":7}],"seed_played":"-284520599454880258","potions_obtained":[{"floor":4,"key":"Regen Potion"},{"floor":6,"key":"GamblersBrew"},{"floor":11,"key":"Regen Potion"},{"floor":14,"key":"AttackPotion"},{"floor":18,"key":"AttackPotion"},{"floor":20,"key":"Fire Potion"},{"floor":21,"key":"Weak Potion"},{"floor":22,"key":"Dexterity Potion"}],"is_trial":false,"path_per_floor":["M","M","?","M","?","E","R","E","T","$","M","R","E","M","R","B",null,"M","?","M","M","M","R","M"],"character_chosen":"IRONCLAD","items_purchased":["Bag of Preparation"],"campfire_rested":0,"item_purchase_floors":[10],"current_hp_per_floor":[74,75,75,75,68,42,42,39,39,39,44,44,49,54,54,39,66,65,65,54,42,16,16,0],"gold":199,"neow_bonus":"THREE_ENEMY_KILL","is_prod":false,"is_daily":false,"chose_seed":false,"campfire_upgraded":4,"win_rate":0,"timestamp":1564588932,"path_taken":["M","?","?","M","?","E","R","E","T","$","M","R","E","M","R","BOSS","M","?","M","M","M","R","?"],"build_version":"2019-07-17","purchased_purges":1,"victory":false,"max_hp_per_floor":[75,75,75,75,75,75,75,75,75,75,75,75,75,75,75,75,75,75,75,75,75,75,75,75],"card_choices":[{"not_picked":["Pommel Strike","Hemokinesis"],"picked":"Headbutt","floor":1},{"not_picked":["Thunderclap","Body Slam"],"picked":"Shrug It Off","floor":2},{"not_picked":["Rupture","Shrug It Off"],"picked":"Anger","floor":4},{"not_picked":["Cleave","Corruption"],"picked":"Pummel","floor":6},{"not_picked":["Clothesline","Entrench"],"picked":"True Grit","floor":8},{"not_picked":["Entrench","Thunderclap"],"picked":"Iron Wave","floor":11},{"not_picked":["Wild Strike","Barricade"],"picked":"Second Wind","floor":13},{"not_picked":["True Grit","Thunderclap"],"picked":"Wild Strike","floor":14},{"not_picked":["Barricade","Exhume"],"picked":"Offering","floor":16},{"not_picked":["Sever Soul","Searing Blow+1"],"picked":"Feel No Pain","floor":18},{"not_picked":["Warcry","Cleave"],"picked":"Battle Trance+1","floor":20},{"not_picked":["Perfected Strike","Ghostly Armor"],"picked":"Armaments","floor":21},{"not_picked":["Body Slam","Combust"],"picked":"Anger+1","floor":22}],"player_experience":1773164,"relics_obtained":[{"floor":6,"key":"Shuriken"},{"floor":8,"key":"Orichalcum"},{"floor":9,"key":"Potion Belt"},{"floor":13,"key":"Whetstone"}],"event_choices":[{"damage_healed":0,"gold_gain":0,"player_choice":"Grow","damage_taken":0,"max_hp_gain":0,"max_hp_loss":0,"event_name":"Living Wall","floor":3,"gold_loss":0,"cards_upgraded":["Bash"]},{"cards_removed":["Strike_R"],"damage_healed":0,"gold_gain":0,"player_choice":"Card Removal","damage_taken":7,"max_hp_gain":0,"max_hp_loss":0,"event_name":"Golden Wing","floor":5,"gold_loss":0},{"damage_healed":0,"gold_gain":0,"player_choice":"Gave Potion","damage_taken":0,"relics_obtained":["PreservedInsect"],"max_hp_gain":0,"max_hp_loss":0,"event_name":"WeMeetAgain","floor":19,"gold_loss":0}],"is_beta":false,"boss_relics":[{"not_picked":["Ectoplasm","Orrery"],"picked":"White Beast Statue"}],"items_purged_floors":[10],"is_endless":false,"potions_floor_spawned":[4,6,11,14,18,20,21,22],"killed_by":"Cultist and Chosen","ascension_level":18}