{"gold_per_floor":[112,132,146,111,161,161,44,44,69,94,106,136,148,190,202,317,329,266,292,323,347,359,371,398,410,422,434,446,458,501,513],"floor_reached":31,"playtime":3315,"items_purged":[],"score":342,"play_id":"eaf3e2ff-59d6-4a09-af9c-1e3f929c14fd","local_time":"20180817232205","is_ascension_mode":true,"campfire_choices":[{"data":"Genetic Algorithm","floor":6.0,"key":"SMITH"},{"data":"Conserve Battery","floor":8.0,"key":"SMITH"},{"data":"Reinforced Body","floor":11.0,"key":"SMITH"},{"data":"Dualcast","floor":13.0,"key":"SMITH"},{"floor":15.0,"key":"REST"},{"data":"Creative AI","floor":23,"key":"SMITH"},{"floor":25,"key":"REST"},{"data":"Rainbow","floor":27,"key":"SMITH"}],"neow_cost":"NONE","seed_source_timestamp":0,"circlet_count":0,"master_deck":["Strike_B","Strike_B","Strike_B","Strike_B","Defend_B","Defend_B","Defend_B","Defend_B","Zap","Dualcast+1","Rainbow+1","Genetic Algorithm+1","Rip and Tear","Coolheaded","FTL","Conserve Battery+1","Reinforced Body+1","Capacitor","FTL","Creative AI+1","Beam Cell+1","Force Field","Aggregate","Melter","Pain","RitualDagger","Steam"],"special_seed":0,"relics":["Cracked Core","Potion Belt","MawBank","Regal Pillow","Cursed Key","Pear","Anchor"],"potions_floor_usage":[30],"damage_taken":[{"damage":0.0,"enemies":"Cultist","floor":1.0,"turns":4.0},{"damage":13.0,"enemies":"2 Louse","floor":2.0,"turns":4.0},{"damage":7.0,"enemies":"Jaw Worm","floor":3.0,"turns":3.0},{"damage":8.0,"enemies":"Gremlin Gang","floor":10.0,"turns":5.0},{"damage":2.0,"enemies":"Looter","floor":12.0,"turns":3.0},{"damage":18.0,"enemies":"Lagavulin","floor":14.0,"turns":6.0},{"damage":14.0,"enemies":"The Guardian","floor":16.0,"turns":14.0},{"damage":7.0,"enemies":"2 Thieves","floor":18.0,"turns":5.0},{"damage":0.0,"enemies":"Chosen","floor":19.0,"turns":4.0},{"damage":23.0,"enemies":"Centurion and Healer","floor":20.0,"turns":8.0},{"damage":10.0,"enemies":"Chosen and Byrds","floor":21.0,"turns":6.0},{"damage":12,"enemies":"Snake Plant","floor":24,"turns":6},{"damage":51,"enemies":"Slavers","floor":30,"turns":5},{"damage":27,"enemies":"Centurion and Healer","floor":31,"turns":2}],"seed_played":"-2223017058720908790","potions_obtained":[{"floor":1.0,"key":"FearPotion"},{"floor":3.0,"key":"Block Potion"},{"floor":16.0,"key":"SteroidPotion"},{"floor":19.0,"key":"SpeedPotion"},{"floor":20.0,"key":"Regen Potion"},{"floor":21.0,"key":"LiquidBronze"},{"floor":30,"key":"SteroidPotion"}],"is_trial":false,"path_per_floor":["M","M","M","?","T","R","$","R","T","M","R","M","R","E","R","B",null,"M","M","M","M","$","R","M","R","T","R","?","?","E"],"character_chosen":"DEFECT","items_purchased":["FTL","Conserve Battery"],"campfire_rested":2,"item_purchase_floors":[7,7],"current_hp_per_floor":[68,55,48,66,66,66,66,66,66,58,58,56,56,38,75,61,72,65,65,42,47,47,47,35,72,82,82,82,76,25,0],"gold":513,"neow_bonus":"ONE_RANDOM_RARE_CARD","is_prod":false,"is_daily":false,"chose_seed":false,"campfire_upgraded":6,"win_rate":0,"timestamp":1534544525,"path_taken":["M","M","M","?","?","R","$","R","T","M","R","M","R","E","R","BOSS","M","M","?","M","$","R","M","R","T","R","?","?","E","M"],"build_version":"2018-08-16","purchased_purges":0,"victory":false,"max_hp_per_floor":[75,75,75,75,75,75,75,75,75,75,75,75,75,75,75,75,75,75,75,75,75,75,75,75,75,85,85,85,85,85,85],"card_choices":[{"not_picked":["Chaos","Cold Snap"],"picked":"Genetic Algorithm","floor":1.0},{"not_picked":["Chaos","Barrage"],"picked":"Rip and Tear","floor":2.0},{"not_picked":["Gash","Rebound"],"picked":"Coolheaded","floor":3.0},{"not_picked":["Heatsinks","Beam Cell"],"picked":"Reinforced Body","floor":10.0},{"not_picked":["Scrape","White Noise"],"picked":"Capacitor","floor":12.0},{"not_picked":["Gash","Genetic Algorithm"],"picked":"FTL","floor":14.0},{"not_picked":["Machine Learning","Hyperbeam"],"picked":"Creative AI","floor":16.0},{"not_picked":["Sweeping Beam","Rebound"],"picked":"Beam Cell+1","floor":18.0},{"not_picked":["Go for the Eyes","Rip and Tear"],"picked":"Force Field","floor":19.0},{"not_picked":["Force Field","Turbo"],"picked":"Aggregate","floor":20.0},{"not_picked":["BootSequence","Cold Snap"],"picked":"Melter","floor":21.0},{"not_picked":["Rainbow","Cold Snap","Compile Driver"],"picked":"SKIP","floor":24},{"not_picked":["Doom and Gloom","Ball Lightning"],"picked":"Steam","floor":30}],"player_experience":582098,"relics_obtained":[{"floor":5.0,"key":"Potion Belt"},{"floor":9.0,"key":"MawBank"},{"floor":14.0,"key":"Regal Pillow"},{"floor":26,"key":"Pear"},{"floor":30,"key":"Anchor"}],"event_choices":[{"event_name":"The Cleric","player_choice":"Healed","floor":4.0,"damage_taken":0.0},{"event_name":"Vampires","player_choice":"Ignored","floor":28,"damage_taken":0},{"event_name":"Nest","player_choice":"Joined the Cult","floor":29,"damage_taken":0}],"is_beta":false,"boss_relics":[{"not_picked":["Lizard Tail","Inserter"],"picked":"Cursed Key"}],"items_purged_floors":[],"is_endless":false,"potions_floor_spawned":[1,3,16,19,20,21,30],"killed_by":"Centurion and Healer","ascension_level":7}