{"gold_per_floor":[11,11,35,55,55,55,124,124],"floor_reached":8,"playtime":218,"items_purged":[],"score":87,"play_id":"56159dc0-1fde-492e-960b-c236d7d6dba2","local_time":"20190829034737","is_ascension_mode":true,"campfire_choices":[{"data":"Zap","floor":6,"key":"SMITH"}],"neow_cost":"NO_GOLD","seed_source_timestamp":1291871055357500,"circlet_count":0,"master_deck":["AscendersBane","Strike_B","Strike_B","Strike_B","Strike_B","Defend_B","Defend_B","Defend_B","Defend_B","Zap+1","Dualcast","Core Surge","Static Discharge","Injury","Self Repair","Chaos","Ball Lightning"],"relics":["Cracked Core","Golden Idol","Kunai"],"potions_floor_usage":[4,7],"damage_taken":[{"damage":7,"enemies":"Jaw Worm","floor":1,"turns":3},{"damage":3,"enemies":"2 Louse","floor":3,"turns":2},{"damage":7,"enemies":"Small Slimes","floor":4,"turns":3},{"damage":26,"enemies":"Lagavulin Event","floor":7,"turns":5},{"damage":35,"enemies":"3 Sentries","floor":8,"turns":4}],"seed_played":"-656824815231795201","potions_obtained":[{"floor":1,"key":"Swift Potion"},{"floor":4,"key":"FocusPotion"}],"is_trial":false,"path_per_floor":["M","?","M","M","$","R","?","E"],"character_chosen":"DEFECT","items_purchased":[],"campfire_rested":0,"item_purchase_floors":[],"current_hp_per_floor":[57,57,54,54,54,54,35,0],"gold":124,"neow_bonus":"THREE_RARE_CARDS","is_prod":false,"is_daily":false,"chose_seed":false,"campfire_upgraded":1,"win_rate":0,"timestamp":1567043257,"path_taken":["M","?","M","M","$","R","?","E"],"build_version":"2019-07-17","purchased_purges":0,"victory":false,"max_hp_per_floor":[71,71,71,71,71,71,71,71],"card_choices":[{"not_picked":["Fission","Seek"],"picked":"Core Surge","floor":0},{"not_picked":["FTL","Beam Cell"],"picked":"Static Discharge","floor":1},{"not_picked":["Hologram","Gash"],"picked":"Self Repair","floor":3},{"not_picked":["Force Field","Storm"],"picked":"Chaos","floor":4},{"not_picked":["Compile Driver","Lockon"],"picked":"Ball Lightning","floor":7}],"player_experience":1975298,"relics_obtained":[{"floor":7,"key":"Kunai"}],"event_choices":[{"damage_healed":0,"gold_gain":0,"player_choice":"Take Wound","damage_taken":0,"relics_obtained":["Golden Idol"],"max_hp_gain":0,"max_hp_loss":0,"event_name":"Golden Idol","floor":2,"gold_loss":0,"cards_obtained":["Injury"]},{"damage_healed":0,"gold_gain":0,"player_choice":"Searched \u00271\u0027 times","damage_taken":0,"max_hp_gain":0,"max_hp_loss":0,"event_name":"Dead Adventurer","floor":7,"gold_loss":0}],"is_beta":false,"boss_relics":[],"items_purged_floors":[],"is_endless":false,"potions_floor_spawned":[1,4],"killed_by":"3 Sentries","ascension_level":18}