{"gold_per_floor":[113,38,38,38,58,58,84,84,84,112,187,187,187,198,198,275,275,291,301,301,312,14,14,46,46,46,61,61,61,61,17,17,95,95,113,163,12,12],"floor_reached":38,"playtime":1323,"items_purged":["Strike_G","Strike_G"],"score":828,"play_id":"86e02c74-f7ca-41ac-9463-06b9c8704e8e","local_time":"20190610115701","is_ascension_mode":true,"campfire_choices":[{"data":"Neutralize","floor":6,"key":"SMITH"},{"data":"Poisoned Stab","floor":8,"key":"SMITH"},{"floor":13,"key":"REST"},{"floor":15,"key":"REST"},{"data":"Leg Sweep","floor":23,"key":"SMITH"},{"floor":25,"key":"REST"},{"data":"Envenom","floor":28,"key":"SMITH"},{"floor":32,"key":"REST"}],"neow_cost":"NONE","seed_source_timestamp":284776298242900,"circlet_count":0,"master_deck":["AscendersBane","Defend_G","Defend_G","Defend_G","Defend_G","Defend_G+1","Strike_G+1","Strike_G","Survivor","Neutralize+1","Poisoned Stab+1","Flying Knee","Endless Agony+1","Leg Sweep+1","Quick Slash+1","Corpse Explosion","Endless Agony+1","Dagger Spray+1","Slice+1","Escape Plan","Deadly Poison","Slice+1","Envenom+1","Backflip","Adrenaline","Slice+1","Well Laid Plans","Footwork","Caltrops","Dash+1","Setup","Slice+1","Footwork"],"relics":["Ring of the Snake","NeowsBlessing","Strawberry","Molten Egg 2","Omamori","Centennial Puzzle","WristBlade","PreservedInsect","The Courier","Snake Skull","Orrery","FossilizedHelix"],"potions_floor_usage":[10,18,21,21,27,33,33,33],"damage_taken":[{"damage":0,"enemies":"2 Louse","floor":1,"turns":1},{"damage":0,"enemies":"Small Slimes","floor":5,"turns":1},{"damage":0,"enemies":"Lagavulin","floor":7,"turns":1},{"damage":17,"enemies":"Gremlin Nob","floor":10,"turns":4},{"damage":0,"enemies":"Jaw Worm","floor":14,"turns":2},{"damage":35,"enemies":"The Guardian","floor":16,"turns":17},{"damage":11,"enemies":"2 Thieves","floor":18,"turns":3},{"damage":0,"enemies":"Spheric Guardian","floor":19,"turns":3},{"damage":19,"enemies":"Snecko","floor":21,"turns":5},{"damage":9,"enemies":"Gremlin Leader","floor":24,"turns":6},{"damage":10,"enemies":"Snake Plant","floor":27,"turns":4},{"damage":64,"enemies":"Champ","floor":33,"turns":11},{"damage":1,"enemies":"3 Shapes","floor":35,"turns":4},{"damage":59,"enemies":"2 Orb Walkers","floor":36,"turns":4},{"damage":6,"enemies":"3 Darklings","floor":38,"turns":2}],"seed_played":"60816669510572480","potions_obtained":[{"floor":1,"key":"Poison Potion"},{"floor":16,"key":"SpeedPotion"},{"floor":18,"key":"SkillPotion"},{"floor":19,"key":"Regen Potion"},{"floor":24,"key":"PowerPotion"},{"floor":30,"key":"Dexterity Potion"},{"floor":33,"key":"Fruit Juice"}],"is_trial":false,"path_per_floor":["M","?","?","$","M","R","E","R","T","E","?","?","R","M","R","B",null,"M","M","?","M","$","R","E","R","T","M","R","?","?","$","R","B",null,"M","?","$","M"],"character_chosen":"THE_SILENT","items_purchased":["GhostInAJar","Escape Plan","Deadly Poison","Backflip","Footwork"],"campfire_rested":4,"item_purchase_floors":[22,22,22,31,37],"current_hp_per_floor":[59,59,61,61,61,61,61,61,61,44,33,11,32,32,53,18,59,48,48,48,44,44,44,35,56,56,46,46,46,46,46,67,8,61,60,1,1,0],"gold":12,"neow_bonus":"THREE_ENEMY_KILL","is_prod":false,"is_daily":false,"chose_seed":false,"campfire_upgraded":4,"win_rate":0,"timestamp":1560160621,"path_taken":["M","?","?","$","M","R","E","R","T","E","?","?","R","M","R","BOSS","M","M","?","M","$","R","E","R","T","M","R","?","?","$","R","BOSS","M","?","?","M"],"build_version":"2019-01-23","purchased_purges":2,"victory":false,"max_hp_per_floor":[66,66,73,73,73,73,73,73,73,73,73,73,73,73,73,73,73,73,73,73,73,73,73,73,73,73,73,73,73,73,73,73,78,78,78,78,78,78],"card_choices":[{"not_picked":["Eviscerate","Slice"],"picked":"Poisoned Stab","floor":1},{"not_picked":["Slice","Riddle With Holes"],"picked":"Flying Knee","floor":5},{"not_picked":["Escape Plan","Flechettes"],"picked":"Endless Agony","floor":7},{"not_picked":["Underhanded Strike+1","Cloak And Dagger"],"picked":"Leg Sweep","floor":10},{"not_picked":["Sucker Punch+1","Prepared"],"picked":"Quick Slash+1","floor":14},{"not_picked":["Envenom","Storm of Steel"],"picked":"Corpse Explosion","floor":16},{"not_picked":["PiercingWail","Slice+1"],"picked":"Endless Agony+1","floor":18},{"not_picked":["Outmaneuver","PiercingWail"],"picked":"Dagger Spray+1","floor":19},{"not_picked":["Outmaneuver","Quick Slash+1"],"picked":"Slice+1","floor":21},{"not_picked":["Prepared","Backflip"],"picked":"Slice+1","floor":24},{"not_picked":["Prepared","Backflip"],"picked":"Envenom","floor":27},{"not_picked":["Grand Finale+1","Night Terror"],"picked":"Adrenaline","floor":33},{"not_picked":["Calculated Gamble","Leg Sweep"],"picked":"Slice+1","floor":34},{"not_picked":["Sucker Punch+1","Predator+1"],"picked":"Well Laid Plans","floor":34},{"not_picked":["Underhanded Strike+1","Dagger Throw+1"],"picked":"Footwork","floor":34},{"not_picked":["Doppelganger","Acrobatics+1"],"picked":"Caltrops","floor":34},{"not_picked":["Dagger Throw+1","Flechettes+1"],"picked":"Dash+1","floor":34},{"not_picked":["Dagger Spray+1","Outmaneuver"],"picked":"Setup","floor":35},{"not_picked":["Backflip+1","PiercingWail+1"],"picked":"Slice+1","floor":36}],"player_experience":1276789,"relics_obtained":[{"floor":7,"key":"Molten Egg 2"},{"floor":9,"key":"Omamori"},{"floor":10,"key":"Centennial Puzzle"},{"floor":24,"key":"PreservedInsect"},{"floor":26,"key":"The Courier"},{"floor":36,"key":"FossilizedHelix"}],"event_choices":[{"cards_removed":["Strike_G"],"damage_healed":0,"gold_gain":0,"player_choice":"Card Removal","damage_taken":0,"max_hp_gain":0,"max_hp_loss":0,"event_name":"The Cleric","floor":2,"gold_loss":75},{"damage_healed":0,"gold_gain":0,"player_choice":"Success","damage_taken":5,"relics_obtained":["Strawberry"],"max_hp_gain":0,"max_hp_loss":0,"event_name":"Scrap Ooze","floor":3,"gold_loss":0},{"damage_healed":0,"gold_gain":75,"player_choice":"Gather Gold","damage_taken":11,"max_hp_gain":0,"max_hp_loss":0,"event_name":"World of Goop","floor":11,"gold_loss":0},{"damage_healed":0,"gold_gain":0,"player_choice":"Entered Light","damage_taken":22,"max_hp_gain":0,"max_hp_loss":0,"event_name":"Shining Light","floor":12,"gold_loss":0,"cards_upgraded":["Defend_G","Strike_G"]},{"damage_healed":0,"gold_gain":0,"player_choice":"Smashed Altar","damage_taken":0,"max_hp_gain":0,"max_hp_loss":0,"event_name":"Forgotten Altar","floor":20,"gold_loss":0,"cards_obtained":["Decay"]},{"damage_healed":0,"gold_gain":0,"player_choice":"Stole Relic","damage_taken":0,"relics_obtained":["Snake Skull"],"max_hp_gain":0,"max_hp_loss":0,"event_name":"Addict","floor":29,"gold_loss":0,"cards_obtained":["Shame"]},{"damage_healed":0,"gold_gain":0,"player_choice":"Got Potions","damage_taken":0,"max_hp_gain":0,"max_hp_loss":0,"event_name":"Lab","floor":30,"gold_loss":0},{"damage_healed":0,"gold_gain":0,"player_choice":"Fight","damage_taken":0,"max_hp_gain":0,"max_hp_loss":0,"event_name":"Mysterious Sphere","floor":36,"gold_loss":0}],"is_beta":false,"boss_relics":[{"not_picked":["Sozu","Ring of the Serpent"],"picked":"WristBlade"},{"not_picked":["HoveringKite","Fusion Hammer"],"picked":"Orrery"}],"items_purged_floors":[22,37],"is_endless":false,"potions_floor_spawned":[1,16,18,19,24,33],"killed_by":"3 Darklings","ascension_level":16}