{"gold_per_floor":[114,114,133,12,29,29,56,56,128,128,142,142,31,50,50,153,153,166,195,195,6,6,6,6,17,72,87,87,97,15,15,15,115,115,132,132],"floor_reached":36,"playtime":1533,"items_purged":["Strike_B","Strike_B"],"score":597,"play_id":"3ed7a351-93c0-4b4e-bb5b-c6d60caf8861","local_time":"20190216154000","is_ascension_mode":true,"campfire_choices":[{"data":"Sunder","floor":6,"key":"SMITH"},{"data":"Zap","floor":8,"key":"SMITH"},{"data":"Streamline","floor":10,"key":"SMITH"},{"data":"Defragment","floor":12,"key":"SMITH"},{"data":"Gash","floor":15,"key":"SMITH"},{"floor":23,"key":"REST"},{"data":"Rainbow","floor":28,"key":"SMITH"},{"data":"Capacitor","floor":32,"key":"SMITH"}],"neow_cost":"NONE","seed_source_timestamp":31981654125400,"circlet_count":0,"master_deck":["AscendersBane","Defend_B","Defend_B","Defend_B","Zap+1","Dualcast","Cold Snap","Sunder+1","Streamline+1","Gash+1","Defragment+1","Beam Cell","Conserve Battery","Coolheaded","Rainbow+1","Barrage","Gash","Self Repair","Conserve Battery","Capacitor+1","Rebound","Defragment","Machine Learning"],"relics":["Cracked Core","Art of War","Cables","Shuriken","Busted Crown","Red Mask","Meat on the Bone","Bag of Preparation","Inserter"],"potions_floor_usage":[1,16,19],"damage_taken":[{"damage":11,"enemies":"2 Louse","floor":1,"turns":3},{"damage":0,"enemies":"Cultist","floor":3,"turns":2},{"damage":10,"enemies":"Jaw Worm","floor":5,"turns":2},{"damage":31,"enemies":"Lagavulin","floor":7,"turns":4},{"damage":2,"enemies":"Exordium Wildlife","floor":11,"turns":3},{"damage":0,"enemies":"Blue Slaver","floor":14,"turns":2},{"damage":8,"enemies":"Hexaghost","floor":16,"turns":7},{"damage":22,"enemies":"2 Thieves","floor":18,"turns":4},{"damage":15,"enemies":"Masked Bandits","floor":19,"turns":3},{"damage":8,"enemies":"Colosseum Slavers","floor":20,"turns":4},{"damage":1,"enemies":"Chosen","floor":25,"turns":3},{"damage":4,"enemies":"Centurion and Healer","floor":27,"turns":7},{"damage":20,"enemies":"Shelled Parasite and Fungi","floor":29,"turns":5},{"damage":30,"enemies":"Champ","floor":33,"turns":8},{"damage":11,"enemies":"Orb Walker","floor":35,"turns":4},{"damage":74,"enemies":"2 Orb Walkers","floor":36,"turns":4}],"seed_played":"8534679113852830185","potions_obtained":[{"floor":1,"key":"Fruit Juice"},{"floor":14,"key":"LiquidBronze"},{"floor":18,"key":"Energy Potion"}],"is_trial":false,"path_per_floor":["M","?","M","$","M","R","E","R","T","R","M","R","?","M","R","B",null,"M","?","?","$","T","R","?","M","T","M","R","M","$","?","R","B",null,"M","?"],"character_chosen":"DEFECT","items_purchased":["Gash","Self Repair","Conserve Battery","Defragment"],"campfire_rested":1,"item_purchase_floors":[4,21,21,30],"current_hp_per_floor":[62,62,62,62,52,52,21,21,21,21,19,19,19,19,19,11,63,41,26,18,18,18,42,68,74,74,77,77,64,64,64,64,53,73,69,0],"gold":132,"neow_bonus":"REMOVE_CARD","is_prod":false,"is_daily":false,"chose_seed":false,"campfire_upgraded":7,"win_rate":0,"timestamp":1550328000,"path_taken":["M","?","?","$","M","R","E","R","T","R","M","R","?","?","R","BOSS","M","?","?","?","?","R","?","M","T","M","R","M","$","?","R","BOSS","M","?"],"build_version":"2019-01-23","purchased_purges":2,"victory":false,"max_hp_per_floor":[80,80,80,80,80,80,80,80,80,80,80,80,80,80,80,80,80,80,80,80,80,80,80,80,80,80,80,80,80,80,80,80,80,80,80,80],"card_choices":[{"not_picked":["Doom and Gloom","Rebound"],"picked":"Cold Snap","floor":1},{"not_picked":["Rip and Tear","Turbo"],"picked":"Streamline","floor":3},{"not_picked":["Beam Cell","Compile Driver"],"picked":"Defragment","floor":5},{"not_picked":["Chaos","Multi-Cast"],"picked":"Beam Cell","floor":7},{"not_picked":["Leap","Gash"],"picked":"Conserve Battery","floor":11},{"not_picked":["Double Energy","Redo"],"picked":"Coolheaded","floor":14},{"not_picked":["Multi-Cast","Thunder Strike"],"picked":"Rainbow","floor":16},{"not_picked":[],"picked":"Barrage","floor":18},{"not_picked":[],"picked":"Gash","floor":19},{"not_picked":[],"picked":"Capacitor","floor":25},{"not_picked":[],"picked":"Rebound","floor":27},{"not_picked":["Reprogram"],"picked":"SKIP","floor":29},{"not_picked":[],"picked":"Machine Learning","floor":33},{"not_picked":["Rip and Tear"],"picked":"SKIP","floor":35}],"player_experience":784555,"relics_obtained":[{"floor":7,"key":"Art of War"},{"floor":9,"key":"Cables"},{"floor":19,"key":"Red Mask"},{"floor":22,"key":"Meat on the Bone"},{"floor":26,"key":"Bag of Preparation"}],"event_choices":[{"damage_healed":0,"gold_gain":0,"cards_transformed":["Strike_B"],"player_choice":"Transformed","damage_taken":0,"max_hp_gain":0,"max_hp_loss":0,"event_name":"Transmorgrifier","floor":2,"gold_loss":0,"cards_obtained":["Sunder"]},{"damage_healed":0,"gold_gain":0,"player_choice":"Paid Gold","damage_taken":0,"relics_obtained":["Shuriken"],"max_hp_gain":0,"max_hp_loss":0,"event_name":"WeMeetAgain","floor":13,"gold_loss":111},{"damage_healed":0,"gold_gain":0,"player_choice":"Fought Bandits","damage_taken":0,"max_hp_gain":0,"max_hp_loss":0,"event_name":"Masked Bandits","floor":19,"gold_loss":0},{"damage_healed":0,"gold_gain":0,"player_choice":"Fight","damage_taken":0,"max_hp_gain":0,"max_hp_loss":0,"event_name":"Colosseum","floor":20,"gold_loss":0},{"damage_healed":0,"gold_gain":0,"player_choice":"Fled From Nobs","damage_taken":0,"max_hp_gain":0,"max_hp_loss":0,"event_name":"Colosseum","floor":20,"gold_loss":0},{"damage_healed":26,"gold_gain":0,"player_choice":"Heal","damage_taken":0,"max_hp_gain":0,"max_hp_loss":0,"event_name":"The Library","floor":24,"gold_loss":0},{"cards_removed":["Defend_B"],"damage_healed":0,"gold_gain":0,"player_choice":"Purged","damage_taken":0,"max_hp_gain":0,"max_hp_loss":0,"event_name":"Purifier","floor":31,"gold_loss":0},{"damage_healed":0,"gold_gain":0,"player_choice":"Fight","damage_taken":0,"max_hp_gain":0,"max_hp_loss":0,"event_name":"Mysterious Sphere","floor":36,"gold_loss":0}],"is_beta":false,"boss_relics":[{"not_picked":["Runic Dome","White Beast Statue"],"picked":"Busted Crown"},{"not_picked":["Coffee Dripper","Snecko Eye"],"picked":"Inserter"}],"items_purged_floors":[4,21],"is_endless":false,"potions_floor_spawned":[1,14,18,20],"killed_by":"2 Orb Walkers","ascension_level":11}