{"gold_per_floor":[114,9,9,23,23,57,80,80,107,146,169,319,46,82,82,180,180,198,248,272,293,293,293],"floor_reached":23,"playtime":1025,"items_purged":["Strike_B","Doubt"],"score":468,"play_id":"b663f383-bba1-4f0e-8a0f-181b4e8ced94","local_time":"20191006200317","is_ascension_mode":true,"campfire_choices":[{"data":"Genetic Algorithm","floor":8,"key":"SMITH"},{"floor":15,"key":"REST"}],"neow_cost":"NONE","seed_source_timestamp":236800631964900,"circlet_count":0,"master_deck":["AscendersBane","Strike_B","Strike_B","Strike_B","Defend_B","Defend_B","Defend_B","Defend_B","Zap","Dualcast","Sweeping Beam","Ball Lightning","Doom and Gloom","Buffer","Genetic Algorithm+1","Genetic Algorithm","Beam Cell","Defragment","Echo Form","Go for the Eyes","Lockon+1","Coolheaded"],"relics":["Cracked Core","NeowsBlessing","Golden Idol","DataDisk","Centennial Puzzle","Strawberry","Bag of Preparation","Oddly Smooth Stone","Cursed Key","Enchiridion"],"potions_floor_usage":[16],"damage_taken":[{"damage":0,"enemies":"2 Louse","floor":1,"turns":1},{"damage":0,"enemies":"Small Slimes","floor":4,"turns":1},{"damage":0,"enemies":"3 Sentries","floor":6,"turns":1},{"damage":7,"enemies":"Jaw Worm","floor":7,"turns":2},{"damage":10,"enemies":"Lagavulin","floor":10,"turns":5},{"damage":12,"enemies":"3 Louse","floor":11,"turns":4},{"damage":23,"enemies":"3 Sentries","floor":14,"turns":6},{"damage":12,"enemies":"The Guardian","floor":16,"turns":8},{"damage":6,"enemies":"3 Byrds","floor":18,"turns":5},{"damage":7,"enemies":"Spheric Guardian","floor":20,"turns":5},{"damage":0,"enemies":"Snake Plant","floor":21,"turns":3},{"damage":37,"enemies":"Gremlin Leader","floor":23,"turns":4}],"seed_played":"4409091884331872456","potions_obtained":[{"floor":6,"key":"AttackPotion"},{"floor":10,"key":"SteroidPotion"},{"floor":18,"key":"Explosive Potion"}],"is_trial":false,"path_per_floor":["M","$","?","M","?","E","M","R","T","E","M","?","$","E","R","B",null,"M","?","M","M","?","E"],"character_chosen":"DEFECT","items_purchased":["Ball Lightning","Bag of Preparation"],"campfire_rested":1,"item_purchase_floors":[2,13],"current_hp_per_floor":[64,64,64,64,57,57,50,50,50,47,35,35,35,12,35,23,64,58,58,51,51,30,0],"gold":293,"neow_bonus":"THREE_ENEMY_KILL","is_prod":false,"is_daily":false,"chose_seed":false,"campfire_upgraded":1,"win_rate":0,"timestamp":1570388597,"path_taken":["M","$","?","M","?","E","M","R","T","E","M","?","$","E","R","BOSS","M","?","M","M","?","E"],"build_version":"2019-07-17","purchased_purges":2,"victory":false,"max_hp_per_floor":[71,71,71,71,71,71,71,71,71,78,78,78,78,78,78,78,78,78,78,78,78,78,78],"card_choices":[{"not_picked":["Hologram","Force Field"],"picked":"Sweeping Beam","floor":1},{"not_picked":["Turbo","Sunder"],"picked":"Doom and Gloom","floor":4},{"not_picked":["Leap","Consume"],"picked":"Buffer","floor":6},{"not_picked":["Beam Cell","Ball Lightning"],"picked":"Genetic Algorithm","floor":7},{"not_picked":["Redo","Steam"],"picked":"Genetic Algorithm","floor":10},{"not_picked":["Go for the Eyes","Recycle"],"picked":"Beam Cell","floor":11},{"not_picked":["Genetic Algorithm","Turbo"],"picked":"Defragment","floor":14},{"not_picked":["Rainbow","Hyperbeam"],"picked":"Echo Form","floor":16},{"not_picked":["Steam","Auto Shields+1"],"picked":"Go for the Eyes","floor":18},{"not_picked":["Ball Lightning+1","Beam Cell"],"picked":"Lockon+1","floor":20},{"not_picked":["Redo+1","Conserve Battery"],"picked":"Coolheaded","floor":21}],"player_experience":1211874,"relics_obtained":[{"floor":6,"key":"DataDisk"},{"floor":9,"key":"Centennial Puzzle"},{"floor":10,"key":"Strawberry"},{"floor":14,"key":"Oddly Smooth Stone"},{"floor":22,"key":"Enchiridion"}],"event_choices":[{"damage_healed":0,"gold_gain":0,"player_choice":"Take Wound","damage_taken":0,"relics_obtained":["Golden Idol"],"max_hp_gain":0,"max_hp_loss":0,"event_name":"Golden Idol","floor":3,"gold_loss":0,"cards_obtained":["Injury"]},{"cards_removed":["Injury"],"damage_healed":0,"gold_gain":0,"player_choice":"Card Removal","damage_taken":7,"max_hp_gain":0,"max_hp_loss":0,"event_name":"Golden Wing","floor":5,"gold_loss":0},{"damage_healed":0,"gold_gain":150,"player_choice":"AGREE","damage_taken":0,"max_hp_gain":0,"max_hp_loss":0,"event_name":"Liars Game","floor":12,"gold_loss":0,"cards_obtained":["Doubt"]},{"damage_healed":0,"gold_gain":50,"player_choice":"Stole From Cult","damage_taken":0,"max_hp_gain":0,"max_hp_loss":0,"event_name":"Nest","floor":19,"gold_loss":0},{"damage_healed":0,"gold_gain":0,"player_choice":"Obtained Book","damage_taken":21,"max_hp_gain":0,"max_hp_loss":0,"event_name":"Cursed Tome","floor":22,"gold_loss":0}],"is_beta":false,"boss_relics":[{"not_picked":["Ectoplasm","Coffee Dripper"],"picked":"Cursed Key"}],"items_purged_floors":[2,13],"is_endless":false,"potions_floor_spawned":[6,10,14,18,20],"killed_by":"Gremlin Leader","ascension_level":20}