{"gold_per_floor":[115,115,125,50,77,107,119,149,149,171,198,225,271,297,309,321],"floor_reached":16,"playtime":878,"items_purged":["Strike_B"],"score":149,"play_id":"26aeafd8-2af1-4abe-93a4-1a970f419a67","local_time":"20190601185319","is_ascension_mode":false,"campfire_choices":[{"floor":15,"key":"REST"}],"neow_cost":"NONE","seed_source_timestamp":696848884785726,"circlet_count":0,"master_deck":["Strike_B","Strike_B","Strike_B","Defend_B","Defend_B","Defend_B","Defend_B","Zap","Dualcast+1","Leap","Amplify","Leap","Sunder","BootSequence"],"relics":["Cracked Core","NeowsBlessing","Boot","Pear","Gremlin Horn","MawBank","Bird Faced Urn"],"potions_floor_usage":[8,11,13,16,16,16],"damage_taken":[{"damage":0,"enemies":"Small Slimes","floor":1,"turns":1},{"damage":0,"enemies":"Cultist","floor":3,"turns":1},{"damage":0,"enemies":"3 Sentries","floor":6,"turns":2},{"damage":0,"enemies":"2 Louse","floor":7,"turns":2},{"damage":32,"enemies":"Gremlin Nob","floor":8,"turns":5},{"damage":19,"enemies":"Exordium Wildlife","floor":10,"turns":5},{"damage":0,"enemies":"Gremlin Gang","floor":11,"turns":4},{"damage":10,"enemies":"Looter","floor":12,"turns":3},{"damage":8,"enemies":"Lagavulin","floor":13,"turns":7},{"damage":0,"enemies":"Blue Slaver","floor":14,"turns":3},{"damage":47,"enemies":"Slime Boss","floor":16,"turns":6}],"seed_played":"8580471698964516137","potions_obtained":[{"floor":7,"key":"SpeedPotion"},{"floor":10,"key":"PowerPotion"},{"floor":11,"key":"FearPotion"},{"floor":12,"key":"FearPotion"},{"floor":13,"key":"Swift Potion"},{"floor":14,"key":"FocusPotion"}],"is_trial":false,"path_per_floor":["M","?","M","$","T","E","M","E","T","M","M","M","E","M","R","B"],"character_chosen":"DEFECT","items_purchased":[],"campfire_rested":1,"item_purchase_floors":[],"current_hp_per_floor":[75,75,75,75,75,85,85,53,53,34,34,24,16,16,41,0],"gold":321,"neow_bonus":"THREE_ENEMY_KILL","is_prod":false,"is_daily":false,"chose_seed":false,"campfire_upgraded":0,"win_rate":0.0,"timestamp":1559429599,"path_taken":["M","?","?","$","?","E","M","E","T","M","M","M","E","M","R","BOSS"],"build_version":"2019-01-23","purchased_purges":1,"victory":false,"max_hp_per_floor":[75,75,75,75,75,85,85,85,85,85,85,85,85,85,85,85],"card_choices":[{"not_picked":["Reinforced Body","Rebound"],"picked":"Leap","floor":1},{"not_picked":["Ball Lightning","Capacitor","Streamline"],"picked":"SKIP","floor":3},{"not_picked":["Auto Shields","Steam Power","Compile Driver"],"picked":"SKIP","floor":6},{"not_picked":["Hologram","Cold Snap","Streamline"],"picked":"SKIP","floor":7},{"not_picked":["Lockon","Go for the Eyes"],"picked":"Amplify","floor":8},{"not_picked":["Reprogram","Hologram"],"picked":"Leap","floor":10},{"not_picked":["Turbo","Conserve Battery"],"picked":"Sunder","floor":11},{"not_picked":["Force Field","Conserve Battery"],"picked":"BootSequence","floor":12},{"not_picked":["Sweeping Beam","Steam","Chill"],"picked":"SKIP","floor":13},{"not_picked":["Reboot","Compile Driver","Ball Lightning"],"picked":"SKIP","floor":14}],"player_experience":80879,"relics_obtained":[{"floor":5,"key":"Boot"},{"floor":6,"key":"Pear"},{"floor":8,"key":"Gremlin Horn"},{"floor":9,"key":"MawBank"},{"floor":13,"key":"Bird Faced Urn"}],"event_choices":[{"damage_healed":0,"gold_gain":0,"player_choice":"Forge","damage_taken":0,"max_hp_gain":0,"max_hp_loss":0,"event_name":"Accursed Blacksmith","floor":2,"gold_loss":0,"cards_upgraded":["Dualcast"]}],"is_beta":false,"boss_relics":[],"items_purged_floors":[4],"is_endless":false,"potions_floor_spawned":[7,10,11,12,13,14],"killed_by":"Slime Boss","ascension_level":0}