{"gold_per_floor":[213,226,107,107,107,136,151,151,151,170,170,201,217,235,235,310,310,323,323,323,333,248,248,274,294,294,328,15,15,15,28,28,100,100,120,220,220,233,108,141,141,168,194,204,216,66,84,94,94,94,94],"floor_reached":52,"playtime":2817,"items_purged":["Strike_R","Strike_R","Anger","Strike_R"],"score":1934,"play_id":"89441782-9103-44c0-affc-71bf333c21e3","local_time":"20190828215911","is_ascension_mode":true,"campfire_choices":[{"data":"Inflame","floor":8,"key":"SMITH"},{"floor":11,"key":"REST"},{"data":"Shockwave","floor":15,"key":"SMITH"},{"data":"Reaper","floor":23,"key":"SMITH"},{"data":"Whirlwind","floor":29,"key":"SMITH"},{"data":"Heavy Blade","floor":32,"key":"SMITH"},{"data":"Bludgeon","floor":41,"key":"SMITH"},{"data":"Shrug It Off","floor":49,"key":"SMITH"}],"neow_cost":"NONE","seed_source_timestamp":694775507378235,"circlet_count":0,"master_deck":["AscendersBane","Strike_R","Strike_R","Defend_R","Defend_R+1","Defend_R","Defend_R","Bash","True Grit+1","Hemokinesis+1","Inflame+1","Shockwave+1","Shrug It Off+1","Reaper+1","Headbutt","Heavy Blade+1","Whirlwind+1","Reaper","The Bomb+1","Bludgeon+1","Flame Barrier+1"],"relics":["Burning Blood","Question Card","Omamori","Pen Nib","Coffee Dripper","MutagenicStrength","Magic Flower","Singing Bowl","Bag of Marbles","Vajra","Torii","PreservedInsect","Snecko Eye","Du-Vu Doll","Bag of Preparation","Mummified Hand","War Paint"],"potions_floor_usage":[6,12,12,16,33,51,51],"damage_taken":[{"damage":3,"enemies":"Small Slimes","floor":1,"turns":3},{"damage":8,"enemies":"2 Louse","floor":2,"turns":4},{"damage":44,"enemies":"Lagavulin","floor":6,"turns":4},{"damage":3,"enemies":"Cultist","floor":7,"turns":4},{"damage":5,"enemies":"Looter","floor":10,"turns":3},{"damage":21,"enemies":"Gremlin Nob","floor":12,"turns":4},{"damage":11,"enemies":"2 Fungi Beasts","floor":13,"turns":2},{"damage":27,"enemies":"Large Slime","floor":14,"turns":6},{"damage":23,"enemies":"Hexaghost","floor":16,"turns":9},{"damage":45,"enemies":"Spheric Guardian","floor":18,"turns":6},{"damage":25,"enemies":"Shell Parasite","floor":21,"turns":6},{"damage":10,"enemies":"Centurion and Healer","floor":25,"turns":6},{"damage":50,"enemies":"Gremlin Leader","floor":27,"turns":5},{"damage":19,"enemies":"Sentry and Sphere","floor":31,"turns":5},{"damage":60,"enemies":"Collector","floor":33,"turns":8},{"damage":1,"enemies":"Orb Walker","floor":35,"turns":2},{"damage":7,"enemies":"Mind Bloom Boss Battle","floor":36,"turns":4},{"damage":1,"enemies":"3 Shapes","floor":38,"turns":3},{"damage":4,"enemies":"Giant Head","floor":40,"turns":4},{"damage":32,"enemies":"Reptomancer","floor":42,"turns":3},{"damage":7,"enemies":"Writhing Mass","floor":44,"turns":3},{"damage":1,"enemies":"3 Darklings","floor":45,"turns":2},{"damage":0,"enemies":"Spire Growth","floor":47,"turns":2},{"damage":2,"enemies":"Sphere and 2 Shapes","floor":48,"turns":3},{"damage":87,"enemies":"Awakened One","floor":50,"turns":7},{"damage":26,"enemies":"Donu and Deca","floor":51,"turns":6}],"seed_played":"4810371877956477604","potions_obtained":[{"floor":1,"key":"AttackPotion"},{"floor":7,"key":"Block Potion"},{"floor":10,"key":"SteroidPotion"},{"floor":12,"key":"Regen Potion"},{"floor":21,"key":"Explosive Potion"},{"floor":36,"key":"Dexterity Potion"}],"is_trial":false,"path_per_floor":["M","M","$","?","?","E","M","R","T","M","R","E","M","M","R","B",null,"M","?","?","M","?","R","T","M","T","E","$","R","$","M","R","B",null,"M","?","?","M","$","E","R","E","T","M","M","$","M","M","R","B","B",null],"character_chosen":"IRONCLAD","items_purchased":["Hemokinesis","PreservedInsect","Strength Potion"],"campfire_rested":1,"item_purchase_floors":[3,28,28],"current_hp_per_floor":[71,69,69,69,69,31,34,34,34,35,57,42,37,16,16,14,60,28,28,28,27,27,27,27,62,62,38,38,38,38,44,44,32,67,81,83,80,87,87,87,87,66,66,88,91,91,93,95,95,48,75],"gold":94,"neow_bonus":"HUNDRED_GOLD","is_prod":false,"is_daily":false,"chose_seed":false,"campfire_upgraded":7,"win_rate":0,"timestamp":1567025951,"path_taken":["M","M","$","?","?","E","M","R","T","?","R","E","M","M","R","BOSS","M","?","?","M","?","R","?","M","T","E","$","R","?","M","R","BOSS","M","?","?","M","$","E","R","E","T","?","M","$","M","M","R","BOSS","BOSS"],"build_version":"2019-07-17","purchased_purges":4,"victory":true,"max_hp_per_floor":[75,75,75,75,75,75,75,75,75,75,75,75,75,75,75,75,75,75,75,75,75,75,75,75,75,75,77,77,77,77,79,79,79,79,81,83,85,87,87,87,87,89,89,89,91,91,93,95,95,95,95],"card_choices":[{"not_picked":["Rampage","Warcry","Rupture"],"picked":"SKIP","floor":1},{"not_picked":["Thunderclap","Metallicize"],"picked":"True Grit","floor":2},{"not_picked":["Havoc","Dropkick"],"picked":"Anger","floor":6},{"not_picked":["Searing Blow","Clash","Rampage"],"picked":"Inflame","floor":7},{"not_picked":["Wild Strike","Inflame","Warcry","Anger"],"picked":"SKIP","floor":10},{"not_picked":["Anger","Uppercut","Iron Wave"],"picked":"Shockwave","floor":12},{"not_picked":["Cleave","Sentinel","Clash"],"picked":"Shrug It Off","floor":13},{"not_picked":["Flex","Fire Breathing","Shrug It Off","Iron Wave"],"picked":"SKIP","floor":14},{"not_picked":["Double Tap","Juggernaut","Dark Embrace"],"picked":"Reaper","floor":16},{"not_picked":["Anger","Clash","Dropkick"],"picked":"Headbutt","floor":18},{"not_picked":["Sword Boomerang","Flame Barrier","Uppercut+1"],"picked":"Heavy Blade","floor":21},{"not_picked":["Sentinel","Heavy Blade+1","Flex"],"picked":"Whirlwind","floor":25},{"not_picked":["Evolve+1","Clothesline","Fiend Fire","Juggernaut"],"picked":"Singing Bowl","floor":27},{"not_picked":["Cleave","Shrug It Off","Sentinel","Entrench"],"picked":"Singing Bowl","floor":31},{"not_picked":["Brutality","Juggernaut","Fiend Fire"],"picked":"Reaper","floor":33},{"not_picked":["Sword Boomerang+1","Shrug It Off","Body Slam+1","Heavy Blade"],"picked":"Singing Bowl","floor":35},{"not_picked":["Burning Pact","Uppercut","Rupture","Thunderclap"],"picked":"Singing Bowl","floor":36},{"not_picked":["Master of Strategy","Flash of Steel","Transmutation"],"picked":"The Bomb","floor":37},{"not_picked":["Purity","Mind Blast","Good Instincts","Blind"],"picked":"Singing Bowl","floor":37},{"not_picked":["Rage","Clothesline","Twin Strike+1","Bloodletting"],"picked":"Singing Bowl","floor":38},{"not_picked":["Searing Blow","Flex","Shrug It Off"],"picked":"Bludgeon","floor":40},{"not_picked":["Body Slam","Carnage+1","Rage","Flex"],"picked":"Singing Bowl","floor":42},{"not_picked":["Cleave","Rage","Heavy Blade"],"picked":"Flame Barrier+1","floor":44},{"not_picked":["Thunderclap","Heavy Blade","Dual Wield+1","Wild Strike"],"picked":"Singing Bowl","floor":45},{"not_picked":["Bloodletting+1","True Grit","Sword Boomerang+1","Reckless Charge"],"picked":"Singing Bowl","floor":47},{"not_picked":["Infernal Blade","Flame Barrier","Rupture","Wild Strike+1"],"picked":"Singing Bowl","floor":48}],"player_experience":1197334,"relics_obtained":[{"floor":6,"key":"Question Card"},{"floor":9,"key":"Omamori"},{"floor":12,"key":"Pen Nib"},{"floor":24,"key":"Bag of Marbles"},{"floor":26,"key":"Vajra"},{"floor":27,"key":"Torii"},{"floor":36,"key":"Du-Vu Doll"},{"floor":40,"key":"Bag of Preparation"},{"floor":42,"key":"Mummified Hand"},{"floor":43,"key":"War Paint"}],"event_choices":[{"damage_healed":0,"gold_gain":0,"player_choice":"Grow","damage_taken":0,"max_hp_gain":0,"max_hp_loss":0,"event_name":"Living Wall","floor":4,"gold_loss":0,"cards_upgraded":["Hemokinesis"]},{"damage_healed":0,"gold_gain":0,"player_choice":"Forge","damage_taken":0,"max_hp_gain":0,"max_hp_loss":0,"event_name":"Accursed Blacksmith","floor":5,"gold_loss":0,"cards_upgraded":["True Grit"]},{"damage_healed":0,"gold_gain":0,"player_choice":"Inject Mutagens","damage_taken":0,"relics_obtained":["MutagenicStrength"],"max_hp_gain":0,"max_hp_loss":0,"event_name":"Drug Dealer","floor":19,"gold_loss":0},{"damage_healed":0,"gold_gain":0,"player_choice":"Opened","damage_taken":0,"relics_obtained":["Magic Flower"],"max_hp_gain":0,"max_hp_loss":0,"event_name":"The Mausoleum","floor":20,"gold_loss":0,"cards_obtained":["Writhe"]},{"damage_healed":0,"gold_gain":0,"player_choice":"Obtained Relic","damage_taken":0,"relics_obtained":["Singing Bowl"],"max_hp_gain":0,"max_hp_loss":0,"event_name":"Addict","floor":22,"gold_loss":85},{"damage_healed":0,"gold_gain":0,"player_choice":"Fight","damage_taken":0,"max_hp_gain":0,"max_hp_loss":0,"event_name":"MindBloom","floor":36,"gold_loss":0},{"damage_healed":0,"gold_gain":0,"player_choice":"Memory 2","damage_taken":5,"max_hp_gain":0,"max_hp_loss":0,"event_name":"SensoryStone","floor":37,"gold_loss":0}],"is_beta":false,"boss_relics":[{"not_picked":["Runic Cube","Runic Dome"],"picked":"Coffee Dripper"},{"not_picked":["Runic Pyramid","Pandora\u0027s Box"],"picked":"Snecko Eye"}],"items_purged_floors":[3,28,39,46],"is_endless":false,"potions_floor_spawned":[1,7,10,12,21,31,36,44,47,48],"ascension_level":20}