{"gold_per_floor":[116,128,128,5,5,5,46,46,121,134,134,165,165,165,165,288,288,312,326,326,306,325,325,345,345,414,430,5,20,33,47,47,47],"floor_reached":33,"playtime":1258,"items_purged":["Injury"],"score":436,"play_id":"d22bf08b-c8a7-4f6e-9451-44f9fcda6029","local_time":"20190227212306","is_ascension_mode":true,"campfire_choices":[{"data":"Sunder","floor":6,"key":"SMITH"},{"data":"Zap","floor":8,"key":"SMITH"},{"data":"Go for the Eyes","floor":11,"key":"SMITH"},{"floor":15,"key":"REST"},{"data":"Capacitor","floor":23,"key":"SMITH"},{"floor":25,"key":"REST"},{"floor":32,"key":"REST"}],"neow_cost":"PERCENT_DAMAGE","seed_source_timestamp":667790185606900,"circlet_count":0,"master_deck":["AscendersBane","Zap+1","Dualcast","Cold Snap","Compile Driver","Sunder+1","Go for the Eyes+1","Leap","Conserve Battery","Machine Learning","Self Repair","Auto Shields","Aggregate","Genetic Algorithm","Meteor Strike","Capacitor+1","Darkness","Bite","Bite","Bite","Bite","Bite","Darkness+1","Static Discharge","Ball Lightning","Fusion","Sweeping Beam+1","Reinforced Body","Self Repair"],"special_seed":0,"relics":["Cracked Core","Golden Idol","Unceasing Top","Pear","Anchor","Symbiotic Virus","Mercury Hourglass","Pandora\u0027s Box","Singing Bowl","Lee\u0027s Waffle","DataDisk"],"potions_floor_usage":[7,12,16,16],"damage_taken":[{"damage":2.0,"enemies":"2 Louse","floor":1.0,"turns":2.0},{"damage":0.0,"enemies":"Jaw Worm","floor":2.0,"turns":4.0},{"damage":21,"enemies":"Gremlin Nob","floor":7,"turns":4},{"damage":0,"enemies":"Cultist","floor":10,"turns":3},{"damage":19,"enemies":"3 Sentries","floor":12,"turns":6},{"damage":28,"enemies":"Slime Boss","floor":16,"turns":7},{"damage":23,"enemies":"3 Byrds","floor":18,"turns":5},{"damage":9,"enemies":"Chosen","floor":19,"turns":6},{"damage":33,"enemies":"Snecko","floor":22,"turns":5},{"damage":8,"enemies":"Cultist and Chosen","floor":24,"turns":6},{"damage":33,"enemies":"Sentry and Sphere","floor":27,"turns":5},{"damage":52,"enemies":"Shelled Parasite and Fungi","floor":29,"turns":7},{"damage":35,"enemies":"Snecko","floor":30,"turns":5},{"damage":0,"enemies":"Chosen and Byrds","floor":31,"turns":3},{"damage":49,"enemies":"Collector","floor":33,"turns":3}],"seed_played":"1114333211343299122","potions_obtained":[{"floor":1.0,"key":"Block Potion"},{"floor":7,"key":"LiquidBronze"},{"floor":12,"key":"LiquidBronze"},{"floor":19,"key":"FairyPotion"},{"floor":21,"key":"SteroidPotion"},{"floor":31,"key":"Ancient Potion"}],"is_trial":false,"path_per_floor":["M","M","?","$","?","R","E","R","T","M","R","E","?","T","R","B",null,"M","M","?","?","M","R","M","R","T","M","$","M","M","M","R","B"],"character_chosen":"DEFECT","items_purchased":["Strength Potion","Lee\u0027s Waffle","DataDisk","Fusion"],"campfire_rested":3,"item_purchase_floors":[4,28,28,28],"current_hp_per_floor":[48,48,48,48,48,48,27,27,37,37,37,18,6,6,31,3,65,49,47,47,47,25,25,25,42,42,20,66,29,13,24,43,0],"gold":47,"neow_bonus":"REMOVE_TWO","is_prod":false,"is_daily":false,"chose_seed":false,"campfire_upgraded":4,"win_rate":0,"timestamp":1551298986,"path_taken":["M","M","?","$","?","R","E","R","T","?","R","E","?","?","R","BOSS","M","M","?","?","M","R","M","R","T","M","$","?","M","M","R","BOSS"],"build_version":"2019-01-23","purchased_purges":1,"victory":false,"max_hp_per_floor":[75,75,75,75,75,75,75,75,85,85,85,85,85,85,85,85,85,85,85,59,59,59,59,59,59,59,59,66,66,66,66,66,66],"card_choices":[{"not_picked":["Hello World","Barrage"],"picked":"Cold Snap","floor":1.0},{"not_picked":["Gash","Heatsinks"],"picked":"Compile Driver","floor":2.0},{"not_picked":["Cold Snap","Rebound"],"picked":"Go for the Eyes","floor":7},{"not_picked":["Steam Power","Ball Lightning"],"picked":"Leap","floor":10},{"not_picked":["Stack","Leap"],"picked":"Conserve Battery","floor":12},{"not_picked":["Amplify","Reboot"],"picked":"Machine Learning","floor":16},{"not_picked":["Compile Driver","Gash"],"picked":"Capacitor","floor":18},{"not_picked":["Turbo","Rebound"],"picked":"Darkness","floor":19},{"not_picked":["Gash","Auto Shields"],"picked":"Darkness+1","floor":22},{"not_picked":["Cold Snap","Go for the Eyes"],"picked":"Static Discharge","floor":24},{"not_picked":["Steam","Turbo"],"picked":"Ball Lightning","floor":27},{"not_picked":["Turbo+1","Skim"],"picked":"Sweeping Beam+1","floor":29},{"not_picked":["Turbo","Machine Learning"],"picked":"Reinforced Body","floor":30},{"not_picked":["Glacier","Beam Cell"],"picked":"Self Repair","floor":31}],"player_experience":875760,"relics_obtained":[{"floor":7,"key":"Unceasing Top"},{"floor":9,"key":"Pear"},{"floor":12,"key":"Anchor"},{"floor":14,"key":"Mercury Hourglass"},{"floor":26,"key":"Singing Bowl"}],"event_choices":[{"damage_healed":0.0,"max_hp_gain":0.0,"max_hp_loss":0.0,"gold_gain":0.0,"event_name":"Golden Idol","player_choice":"Take Wound","floor":3.0,"gold_loss":0.0,"damage_taken":0.0,"relics_obtained":["Golden Idol"],"cards_obtained":["Injury"]},{"damage_healed":0,"gold_gain":0,"cards_transformed":["Strike_B"],"player_choice":"Transformed","damage_taken":0,"max_hp_gain":0,"max_hp_loss":0,"event_name":"Transmorgrifier","floor":5,"gold_loss":0,"cards_obtained":["Sunder"]},{"damage_healed":0,"gold_gain":0,"player_choice":"Success","damage_taken":12,"relics_obtained":["Symbiotic Virus"],"max_hp_gain":0,"max_hp_loss":0,"event_name":"Scrap Ooze","floor":13,"gold_loss":0},{"damage_healed":0,"gold_gain":0,"player_choice":"Became a vampire","damage_taken":0,"max_hp_gain":0,"max_hp_loss":26,"event_name":"Vampires","floor":20,"gold_loss":0,"cards_obtained":["Bite","Bite","Bite","Bite","Bite"]},{"damage_healed":0,"gold_gain":0,"player_choice":"Bought 1 Potion","damage_taken":0,"max_hp_gain":0,"max_hp_loss":0,"event_name":"The Woman in Blue","floor":21,"gold_loss":0}],"is_beta":false,"boss_relics":[{"not_picked":["Calling Bell","Lizard Tail"],"picked":"Pandora\u0027s Box"}],"items_purged_floors":[4],"is_endless":false,"potions_floor_spawned":[1,7,12,19,24,31],"killed_by":"Collector","ascension_level":12}