{"gold_per_floor":[112,37,47,63,74,74,84,84,84,84,234,75,35,50,50,50],"floor_reached":16,"playtime":773,"items_purged":["Strike_B","Doubt"],"score":170,"play_id":"9816f37c-06af-464f-be26-082eadd0ab70","local_time":"20190818120353","is_ascension_mode":true,"campfire_choices":[{"data":"Self Repair","floor":6,"key":"SMITH"},{"data":"Dualcast","floor":8,"key":"SMITH"},{"data":"Coolheaded","floor":15,"key":"SMITH"}],"neow_cost":"NONE","seed_source_timestamp":902458036518897,"circlet_count":0,"master_deck":["AscendersBane","Strike_B","Defend_B","Defend_B","Defend_B","Defend_B","Zap","Dualcast+1","Genetic Algorithm","Self Repair+1","Chill","Turbo","Coolheaded+1","Glacier"],"special_seed":0,"relics":["Empty Cage","Shuriken"],"potions_floor_usage":[],"damage_taken":[{"damage":7.0,"enemies":"Small Slimes","floor":1.0,"turns":6.0},{"damage":7,"enemies":"2 Louse","floor":3,"turns":4},{"damage":2,"enemies":"Cultist","floor":4,"turns":5},{"damage":9,"enemies":"Large Slime","floor":5,"turns":7},{"damage":22,"enemies":"3 Louse","floor":7,"turns":6},{"damage":2,"enemies":"Looter","floor":13,"turns":4},{"damage":15,"enemies":"Large Slime","floor":14,"turns":14},{"damage":45,"enemies":"Hexaghost","floor":16,"turns":13}],"seed_played":"-5720424276192593847","potions_obtained":[{"floor":1.0,"key":"Ancient Potion"},{"floor":4,"key":"Energy Potion"}],"is_trial":false,"path_per_floor":["M","$","M","M","M","R","M","R","T","$","?","$","M","M","R","B"],"character_chosen":"DEFECT","items_purchased":["Coolheaded"],"campfire_rested":0,"item_purchase_floors":[12],"current_hp_per_floor":[57,57,50,55,53,53,41,41,41,41,41,41,49,44,44,0],"gold":50,"neow_bonus":"BOSS_RELIC","is_prod":false,"is_daily":false,"chose_seed":false,"campfire_upgraded":3,"win_rate":0,"timestamp":1566155033,"path_taken":["M","$","M","M","M","R","M","R","T","$","?","$","M","M","R","BOSS"],"build_version":"2019-07-17","purchased_purges":2,"victory":false,"max_hp_per_floor":[71,71,71,71,71,71,71,71,71,71,71,71,71,71,71,71],"card_choices":[{"not_picked":["Gash","Loop"],"picked":"Genetic Algorithm","floor":1.0},{"not_picked":["Leap","Rebound"],"picked":"Self Repair","floor":3},{"not_picked":["Cold Snap","Redo"],"picked":"Chill","floor":4},{"not_picked":["Amplify","Doom and Gloom","Hello World"],"picked":"SKIP","floor":5},{"not_picked":["Loop","Conserve Battery"],"picked":"Turbo","floor":7},{"not_picked":["Turbo","Redo"],"picked":"Glacier","floor":13},{"not_picked":["Coolheaded","Doom and Gloom","Redo"],"picked":"SKIP","floor":14}],"player_experience":172400,"relics_obtained":[{"floor":9,"key":"Shuriken"}],"event_choices":[{"damage_healed":0,"gold_gain":150,"player_choice":"AGREE","damage_taken":0,"max_hp_gain":0,"max_hp_loss":0,"event_name":"Liars Game","floor":11,"gold_loss":0,"cards_obtained":["Doubt"]}],"is_beta":false,"boss_relics":[],"items_purged_floors":[2,12],"is_endless":false,"potions_floor_spawned":[1,4,5],"killed_by":"Hexaghost","ascension_level":17}