{"gold_per_floor":[118,135,135,147,164,196,196,121,121,46,57,90,90,109,109,109],"floor_reached":16,"playtime":576,"items_purged":["Strike_R"],"score":213,"play_id":"5e247004-502a-4987-9761-c25ce143f455","local_time":"20190731185946","is_ascension_mode":true,"campfire_choices":[{"floor":13,"key":"REST"},{"data":"Shockwave","floor":15,"key":"SMITH"}],"neow_cost":"NONE","seed_source_timestamp":183206142834000,"circlet_count":0,"master_deck":["AscendersBane","Strike_R+1","Strike_R","Strike_R","Defend_R","Defend_R","Defend_R","Defend_R","Bash+1","Wild Strike","Anger","Evolve","Anger","Headbutt","Clothesline","Shockwave+1","Shrug It Off"],"relics":["Burning Blood","Whetstone","Juzu Bracelet","Singing Bowl","Ornamental Fan","Question Card"],"potions_floor_usage":[6,12,16],"damage_taken":[{"damage":7,"enemies":"2 Louse","floor":1,"turns":3},{"damage":2,"enemies":"Jaw Worm","floor":2,"turns":3},{"damage":1,"enemies":"Cultist","floor":4,"turns":3},{"damage":6,"enemies":"2 Fungi Beasts","floor":5,"turns":3},{"damage":34,"enemies":"3 Sentries","floor":6,"turns":7},{"damage":22,"enemies":"3 Louse","floor":11,"turns":3},{"damage":20,"enemies":"Lagavulin","floor":12,"turns":5},{"damage":9,"enemies":"Blue Slaver","floor":14,"turns":3},{"damage":32,"enemies":"Hexaghost","floor":16,"turns":9}],"seed_played":"-6648362986502304790","potions_obtained":[{"floor":2,"key":"Swift Potion"},{"floor":6,"key":"LiquidBronze"},{"floor":14,"key":"SkillPotion"}],"is_trial":false,"path_per_floor":["M","M","?","M","M","E","?","?","T","$","M","E","R","M","R","B"],"character_chosen":"IRONCLAD","items_purchased":[],"campfire_rested":1,"item_purchase_floors":[],"current_hp_per_floor":[67,71,71,75,75,47,42,42,42,42,26,12,34,31,31,0],"gold":109,"neow_bonus":"RANDOM_COMMON_RELIC","is_prod":false,"is_daily":false,"chose_seed":false,"campfire_upgraded":1,"win_rate":0,"timestamp":1564592386,"path_taken":["M","M","?","M","M","E","?","?","T","?","M","E","R","M","R","BOSS"],"build_version":"2019-07-17","purchased_purges":1,"victory":false,"max_hp_per_floor":[75,75,75,75,75,75,75,75,75,75,75,75,75,75,75,75],"card_choices":[{"not_picked":["Blood for Blood","Hemokinesis"],"picked":"Wild Strike","floor":1},{"not_picked":["Havoc","Sword Boomerang"],"picked":"Anger","floor":2},{"not_picked":["Intimidate","Warcry"],"picked":"Evolve","floor":4},{"not_picked":["Heavy Blade","Searing Blow"],"picked":"Anger","floor":5},{"not_picked":["Thunderclap","Combust"],"picked":"Headbutt","floor":6},{"not_picked":["Perfected Strike","Carnage"],"picked":"Clothesline","floor":11},{"not_picked":["Seeing Red","Perfected Strike"],"picked":"Shockwave","floor":12},{"not_picked":["Clash","Ghostly Armor","Exhume"],"picked":"Shrug It Off","floor":14}],"player_experience":1777119,"relics_obtained":[{"floor":6,"key":"Juzu Bracelet"},{"floor":9,"key":"Ornamental Fan"},{"floor":12,"key":"Question Card"}],"event_choices":[{"damage_healed":0,"gold_gain":0,"cards_transformed":["Strike_R"],"player_choice":"Change","damage_taken":0,"max_hp_gain":0,"max_hp_loss":0,"event_name":"Living Wall","floor":3,"gold_loss":0,"cards_obtained":["Brutality"]},{"damage_healed":0,"gold_gain":0,"player_choice":"Success","damage_taken":5,"relics_obtained":["Singing Bowl"],"max_hp_gain":0,"max_hp_loss":0,"event_name":"Scrap Ooze","floor":7,"gold_loss":0},{"cards_removed":["Brutality"],"damage_healed":0,"gold_gain":0,"player_choice":"Card Removal","damage_taken":0,"max_hp_gain":0,"max_hp_loss":0,"event_name":"The Cleric","floor":8,"gold_loss":75}],"is_beta":false,"boss_relics":[],"items_purged_floors":[10],"is_endless":false,"potions_floor_spawned":[2,6,14],"killed_by":"Hexaghost","ascension_level":18}