{"gold_per_floor":[113,38,48,64,64,64,94,94,94,94,109,109,9,29,29,29],"floor_reached":16,"playtime":311,"items_purged":["Strike_R","Injury"],"score":180,"play_id":"a648796d-70ce-4794-bde2-86970b24175e","local_time":"20190520012750","is_ascension_mode":true,"campfire_choices":[{"data":"Bash","floor":6,"key":"SMITH"},{"floor":8,"key":"REST"},{"data":"Body Slam","floor":10,"key":"SMITH"},{"floor":15,"key":"REST"}],"neow_cost":"NONE","seed_source_timestamp":526776492691600,"circlet_count":0,"master_deck":["AscendersBane","Strike_R","Strike_R","Strike_R","Strike_R+1","Defend_R","Defend_R","Defend_R","Defend_R+1","Bash+1","Clothesline","Body Slam+1","Headbutt","Ghostly Armor","Clash","Clash"],"relics":["Burning Blood","NeowsBlessing","Blue Candle","Bottled Lightning","Golden Idol"],"potions_floor_usage":[7,16],"damage_taken":[{"damage":0,"enemies":"Cultist","floor":1,"turns":1},{"damage":0,"enemies":"2 Louse","floor":3,"turns":1},{"damage":0,"enemies":"Jaw Worm","floor":4,"turns":1},{"damage":51,"enemies":"Lagavulin","floor":7,"turns":6},{"damage":22,"enemies":"Exordium Thugs","floor":11,"turns":6},{"damage":0,"enemies":"2 Fungi Beasts","floor":14,"turns":3},{"damage":44,"enemies":"The Guardian","floor":16,"turns":9}],"seed_played":"-4845532834417021411","potions_obtained":[{"floor":4,"key":"Swift Potion"},{"floor":11,"key":"SkillPotion"}],"is_trial":false,"path_per_floor":["M","$","M","M","?","R","E","R","T","R","M","?","$","M","R","B"],"character_chosen":"IRONCLAD","items_purchased":[],"campfire_rested":2,"item_purchase_floors":[],"current_hp_per_floor":[74,74,75,75,52,52,7,29,29,29,13,13,13,19,41,0],"gold":29,"neow_bonus":"THREE_ENEMY_KILL","is_prod":false,"is_daily":false,"chose_seed":false,"campfire_upgraded":2,"win_rate":0,"timestamp":1558308470,"path_taken":["M","$","?","M","?","R","E","R","T","R","M","?","$","M","R","BOSS"],"build_version":"2019-01-23","purchased_purges":2,"victory":false,"max_hp_per_floor":[75,75,75,75,75,75,75,75,75,75,75,75,75,75,75,75],"card_choices":[{"not_picked":["Body Slam","Headbutt"],"picked":"Clothesline","floor":1},{"not_picked":["True Grit","Evolve"],"picked":"Body Slam","floor":3},{"not_picked":["Sentinel","Anger"],"picked":"Headbutt","floor":4},{"not_picked":["Iron Wave","Fire Breathing"],"picked":"Ghostly Armor","floor":7},{"not_picked":["Clothesline","Heavy Blade"],"picked":"Clash","floor":11},{"not_picked":["Wild Strike","Entrench"],"picked":"Clash","floor":14}],"player_experience":1162337,"relics_obtained":[{"floor":7,"key":"Blue Candle"},{"floor":9,"key":"Bottled Lightning"}],"event_choices":[{"damage_healed":0,"gold_gain":0,"player_choice":"Entered Light","damage_taken":23,"max_hp_gain":0,"max_hp_loss":0,"event_name":"Shining Light","floor":5,"gold_loss":0,"cards_upgraded":["Strike_R","Defend_R"]},{"damage_healed":0,"gold_gain":0,"player_choice":"Take Wound","damage_taken":0,"relics_obtained":["Golden Idol"],"max_hp_gain":0,"max_hp_loss":0,"event_name":"Golden Idol","floor":12,"gold_loss":0,"cards_obtained":["Injury"]}],"is_beta":false,"boss_relics":[],"items_purged_floors":[2,13],"is_endless":false,"potions_floor_spawned":[4,11],"killed_by":"The Guardian","ascension_level":16}