{"gold_per_floor":[112,125,125,137,12,12,37,37,37,55,55,55,38,51,51,128,128,148,48,61,61,80,80,97,97,97,97,132,152,152,167,167,244,244,255,86,98,110,123,123,139,139,139,155,35,35,52,67,67,67],"floor_reached":51,"playtime":3997,"items_purged":["Strike_G","Strike_G","Defend_G","Defend_G"],"score":1170,"play_id":"89a65fdf-6b94-48bd-ba96-e1b3a4f9adf9","local_time":"20191003175923","is_ascension_mode":true,"campfire_choices":[{"data":"Sucker Punch","floor":6.0,"key":"SMITH"},{"floor":12.0,"key":"REST"},{"data":"Neutralize","floor":15.0,"key":"SMITH"},{"data":"Footwork","floor":23.0,"key":"SMITH"},{"floor":27.0,"key":"REST"},{"data":"Backflip","floor":32.0,"key":"SMITH"},{"data":"Footwork","floor":40.0,"key":"SMITH"},{"data":"Acrobatics","floor":42.0,"key":"SMITH"},{"data":"Outmaneuver","floor":46.0,"key":"SMITH"},{"floor":49,"key":"REST"}],"neow_cost":"NONE","seed_source_timestamp":0,"circlet_count":0,"master_deck":["AscendersBane","Defend_G","Defend_G","Survivor","Neutralize+1","Skewer+1","Noxious Fumes+1","Backflip+1","Sucker Punch+1","Leg Sweep","Backstab","Blur","Footwork+1","Glass Knife+1","Dash+1","Backflip+1","Footwork+1","Dodge and Roll","Outmaneuver+1","Acrobatics+1","Catalyst+1","Bane+1"],"special_seed":0,"relics":["Ring of the Snake","Regal Pillow","Gremlin Horn","Vajra","Calling Bell","Bag of Marbles","Molten Egg 2","Pocketwatch","Nilry\u0027s Codex","Darkstone Periapt","Dream Catcher","Lizard Tail","The Courier"],"potions_floor_usage":[50,50],"damage_taken":[{"damage":9.0,"enemies":"Cultist","floor":1.0,"turns":5.0},{"damage":0.0,"enemies":"Small Slimes","floor":2.0,"turns":3.0},{"damage":0.0,"enemies":"2 Louse","floor":4.0,"turns":3.0},{"damage":10.0,"enemies":"3 Sentries","floor":7.0,"turns":7.0},{"damage":7.0,"enemies":"Lots of Slimes","floor":10.0,"turns":6.0},{"damage":1.0,"enemies":"Exordium Thugs","floor":13.0,"turns":4.0},{"damage":0.0,"enemies":"Exordium Wildlife","floor":14.0,"turns":4.0},{"damage":14.0,"enemies":"The Guardian","floor":16.0,"turns":11.0},{"damage":3.0,"enemies":"2 Thieves","floor":18.0,"turns":3.0},{"damage":0.0,"enemies":"Shell Parasite","floor":20.0,"turns":7.0},{"damage":5.0,"enemies":"Sentry and Sphere","floor":22.0,"turns":7.0},{"damage":0.0,"enemies":"Snecko","floor":24.0,"turns":3.0},{"damage":10.0,"enemies":"Book of Stabbing","floor":28.0,"turns":9.0},{"damage":0.0,"enemies":"Centurion and Healer","floor":29.0,"turns":7.0},{"damage":0.0,"enemies":"Cultist and Chosen","floor":31.0,"turns":5.0},{"damage":25.0,"enemies":"Champ","floor":33.0,"turns":14.0},{"damage":0.0,"enemies":"3 Shapes","floor":35.0,"turns":4.0},{"damage":0.0,"enemies":"Orb Walker","floor":37.0,"turns":3.0},{"damage":10.0,"enemies":"Maw","floor":38.0,"turns":12.0},{"damage":4.0,"enemies":"3 Darklings","floor":39.0,"turns":6.0},{"damage":0.0,"enemies":"Sphere and 2 Shapes","floor":41.0,"turns":5.0},{"damage":4.0,"enemies":"Jaw Worm Horde","floor":44.0,"turns":6.0},{"damage":5.0,"enemies":"3 Darklings","floor":47.0,"turns":10.0},{"damage":9.0,"enemies":"4 Shapes","floor":48.0,"turns":7.0},{"damage":35,"enemies":"Awakened One","floor":50,"turns":32}],"seed_played":"-5874725834126617960","potions_obtained":[{"floor":2.0,"key":"Weak Potion"},{"floor":13.0,"key":"SpeedPotion"},{"floor":14.0,"key":"LiquidBronze"},{"floor":24.0,"key":"AttackPotion"},{"floor":28.0,"key":"Regen Potion"},{"floor":33.0,"key":"Swift Potion"},{"floor":41.0,"key":"Ancient Potion"}],"is_trial":false,"path_per_floor":["M","M","?","M","$","R","E","?","T","M","?","R","M","M","R","B",null,"M","$","M","?","M","R","M","?","T","R","E","M","?","M","R","B",null,"M","$","M","M","M","R","M","R","T","M","$","R","M","M","R","B",null],"character_chosen":"THE_SILENT","items_purchased":["Sucker Punch","Footwork"],"campfire_rested":3,"item_purchase_floors":[5,36],"current_hp_per_floor":[50,50,30,30,30,30,20,13,13,6,6,40,39,39,39,25,56,53,53,53,53,48,48,48,27,27,61,51,51,51,51,51,41,60,60,60,60,50,46,46,46,46,46,42,42,42,37,28,62,27],"gold":67,"neow_bonus":"RANDOM_COMMON_RELIC","is_prod":false,"is_daily":false,"chose_seed":false,"campfire_upgraded":7,"win_rate":0,"timestamp":1570150763,"path_taken":["M","?","?","M","$","R","E","?","T","M","?","R","M","?","R","BOSS","M","$","M","?","M","R","M","?","T","R","E","M","?","M","R","BOSS","M","$","M","M","M","R","M","R","T","M","$","R","M","?","R","BOSS"],"build_version":"2019-07-17","purchased_purges":4,"victory":true,"max_hp_per_floor":[66,66,66,66,66,66,66,66,66,66,66,66,66,66,66,66,66,66,66,66,66,66,66,66,66,66,66,66,66,66,66,66,66,66,66,66,66,66,66,66,66,66,66,66,66,66,66,66,66,66],"card_choices":[{"not_picked":["Bane","Cloak And Dagger"],"picked":"Skewer","floor":1.0},{"not_picked":["Dodge and Roll","Corpse Explosion"],"picked":"Noxious Fumes","floor":2.0},{"not_picked":["Backstab","Heel Hook"],"picked":"Backflip","floor":4.0},{"not_picked":["Sucker Punch","Poisoned Stab"],"picked":"Leg Sweep","floor":7.0},{"not_picked":["Accuracy","Poisoned Stab","Dagger Throw"],"picked":"SKIP","floor":10.0},{"not_picked":["Deadly Poison","PiercingWail"],"picked":"Backstab","floor":13.0},{"not_picked":["Cloak And Dagger","Sucker Punch"],"picked":"Blur","floor":14.0},{"not_picked":["Acrobatics+1","Slice+1","Flying Knee+1"],"picked":"SKIP","floor":18.0},{"not_picked":["Prepared","Sucker Punch+1","Underhanded Strike+1"],"picked":"SKIP","floor":20.0},{"not_picked":["PiercingWail+1","Crippling Poison"],"picked":"Dash+1","floor":22.0},{"not_picked":["Deadly Poison","Riddle With Holes+1","Accuracy"],"picked":"SKIP","floor":24.0},{"not_picked":["Expertise","Reflex","Heel Hook+1"],"picked":"SKIP","floor":28.0},{"not_picked":["Predator+1","Night Terror","Sucker Punch+1"],"picked":"SKIP","floor":29.0},{"not_picked":["Reflex","Flying Knee+1","Deflect"],"picked":"SKIP","floor":31.0},{"not_picked":["PiercingWail","Cloak And Dagger"],"picked":"Backflip+1","floor":35.0},{"not_picked":["Dodge and Roll","Flying Knee+1","Underhanded Strike+1"],"picked":"SKIP","floor":37.0},{"not_picked":["Flying Knee+1","Underhanded Strike+1"],"picked":"Dodge and Roll","floor":37.0},{"not_picked":["Prepared","Blade Dance+1","Deadly Poison"],"picked":"SKIP","floor":38.0},{"not_picked":["Flying Knee+1","Masterful Stab+1","Outmaneuver"],"picked":"SKIP","floor":39.0},{"not_picked":["Flying Knee+1","Masterful Stab+1"],"picked":"Outmaneuver","floor":39.0},{"not_picked":["A Thousand Cuts","Blade Dance+1"],"picked":"Acrobatics","floor":41.0},{"not_picked":["Slice+1","Sucker Punch+1","Infinite Blades"],"picked":"SKIP","floor":44.0},{"not_picked":["Escape Plan+1","Acrobatics+1"],"picked":"Catalyst+1","floor":47.0},{"not_picked":["Noxious Fumes","Flying Knee+1","Deflect+1"],"picked":"SKIP","floor":48.0},{"not_picked":["Cloak And Dagger+1","Outmaneuver"],"picked":"Bane+1","floor":49}],"player_experience":304715,"relics_obtained":[{"floor":7.0,"key":"Gremlin Horn"},{"floor":9.0,"key":"Vajra"},{"floor":17.0,"key":"Bag of Marbles"},{"floor":17.0,"key":"Molten Egg 2"},{"floor":17.0,"key":"Pocketwatch"},{"floor":25.0,"key":"Nilry\u0027s Codex"},{"floor":26.0,"key":"Darkstone Periapt"},{"floor":28.0,"key":"Dream Catcher"},{"floor":43.0,"key":"The Courier"}],"event_choices":[{"damage_healed":0.0,"max_hp_gain":0.0,"max_hp_loss":0.0,"gold_gain":0.0,"event_name":"Shining Light","player_choice":"Entered Light","floor":3.0,"gold_loss":0.0,"damage_taken":20.0,"cards_upgraded":["Skewer","Noxious Fumes"]},{"cards_removed":["Strike_G"],"damage_healed":0.0,"max_hp_gain":0.0,"max_hp_loss":0.0,"gold_gain":0.0,"event_name":"Golden Wing","player_choice":"Card Removal","floor":8.0,"gold_loss":0.0,"damage_taken":7.0},{"cards_removed":["Strike_G"],"damage_healed":0.0,"max_hp_gain":0.0,"max_hp_loss":0.0,"gold_gain":0.0,"event_name":"Bonfire Elementals","player_choice":"Offered Basic","floor":11.0,"gold_loss":0.0,"damage_taken":0.0},{"damage_healed":0.0,"max_hp_gain":0.0,"max_hp_loss":0.0,"gold_gain":0.0,"cards_transformed":["Strike_G","Defend_G"],"event_name":"Drug Dealer","player_choice":"Became Test Subject","floor":21.0,"gold_loss":0.0,"damage_taken":0.0,"cards_obtained":["Footwork","Glass Knife"]},{"damage_healed":0.0,"max_hp_gain":0.0,"max_hp_loss":0.0,"gold_gain":0.0,"event_name":"Cursed Tome","player_choice":"Obtained Book","floor":25.0,"gold_loss":0.0,"damage_taken":21.0},{"damage_healed":0.0,"max_hp_gain":0.0,"max_hp_loss":0.0,"gold_gain":0.0,"event_name":"N\u0027loth","player_choice":"Ignored","floor":30.0,"gold_loss":0.0,"damage_taken":0.0}],"is_beta":false,"boss_relics":[{"not_picked":["Snecko Eye","Empty Cage"],"picked":"Calling Bell"},{"not_picked":["Eternal Feather","Coffee Dripper"],"picked":"Lizard Tail"}],"items_purged_floors":[5,19,36,45],"is_endless":false,"potions_floor_spawned":[2,13,14,24,28,33,38,41],"ascension_level":16}