{"gold_per_floor":[113,14,14,289,304,336,347,347,347,362,390,9,19,32,32,103,103,119,129,129],"floor_reached":20,"playtime":805,"items_purged":["Strike_R","Regret"],"score":380,"play_id":"e4122ab0-f382-46f8-8bed-fd67b135d0c6","local_time":"20190610122245","is_ascension_mode":true,"campfire_choices":[{"data":"Whirlwind","floor":8,"key":"SMITH"},{"data":"Armaments","floor":15,"key":"SMITH"}],"neow_cost":"NONE","seed_source_timestamp":286846613160000,"circlet_count":0,"master_deck":["AscendersBane","Strike_R","Defend_R","Defend_R","Defend_R","Defend_R","Bash","Corruption","True Grit","Feel No Pain","Whirlwind+1","Disarm","Shrug It Off","Clothesline","Body Slam","Armaments+1","Barricade","Double Tap+1","Demon Form+1","Juggernaut+1","Rampage","Disarm"],"relics":["Burning Blood","NeowsBlessing","Bottled Tornado","Bottled Lightning","Mercury Hourglass","Lee\u0027s Waffle","Astrolabe"],"potions_floor_usage":[7,16,16,20],"damage_taken":[{"damage":0,"enemies":"2 Louse","floor":1,"turns":1},{"damage":0,"enemies":"Jaw Worm","floor":5,"turns":1},{"damage":0,"enemies":"Lagavulin","floor":6,"turns":1},{"damage":14,"enemies":"Cultist","floor":7,"turns":5},{"damage":3,"enemies":"Lots of Slimes","floor":10,"turns":2},{"damage":44,"enemies":"3 Sentries","floor":11,"turns":11},{"damage":8,"enemies":"Looter","floor":13,"turns":4},{"damage":0,"enemies":"Exordium Wildlife","floor":14,"turns":2},{"damage":38,"enemies":"The Guardian","floor":16,"turns":12},{"damage":34,"enemies":"Spheric Guardian","floor":18,"turns":6},{"damage":18,"enemies":"3 Byrds","floor":19,"turns":5},{"damage":52,"enemies":"Cultist and Chosen","floor":20,"turns":5}],"seed_played":"2965943794979685165","potions_obtained":[{"floor":6,"key":"SkillPotion"},{"floor":13,"key":"SteroidPotion"},{"floor":16,"key":"FairyPotion"},{"floor":18,"key":"SteroidPotion"}],"is_trial":false,"path_per_floor":["M","$","?","?","M","E","M","R","T","M","E","$","M","M","R","B",null,"M","M","M"],"character_chosen":"IRONCLAD","items_purchased":["True Grit","Lee\u0027s Waffle","Dexterity Potion"],"campfire_rested":0,"item_purchase_floors":[2,12,12],"current_hp_per_floor":[74,74,79,79,80,80,72,72,72,75,37,87,85,87,87,55,79,51,39,0],"gold":129,"neow_bonus":"THREE_ENEMY_KILL","is_prod":false,"is_daily":false,"chose_seed":false,"campfire_upgraded":2,"win_rate":0,"timestamp":1560162165,"path_taken":["M","$","?","?","?","E","?","R","T","M","E","$","M","M","R","BOSS","M","M","M"],"build_version":"2019-01-23","purchased_purges":2,"victory":false,"max_hp_per_floor":[75,75,80,80,80,80,80,80,80,80,80,87,87,87,87,87,87,87,87,87],"card_choices":[{"not_picked":["Sword Boomerang","Havoc"],"picked":"Corruption","floor":1},{"not_picked":["Warcry","Twin Strike"],"picked":"Feel No Pain","floor":5},{"not_picked":["Brutality","Iron Wave"],"picked":"Whirlwind","floor":6},{"not_picked":["Dropkick","Perfected Strike"],"picked":"Disarm","floor":7},{"not_picked":["Carnage","Cleave"],"picked":"Shrug It Off","floor":10},{"not_picked":["Disarm","Shrug It Off"],"picked":"Clothesline","floor":11},{"not_picked":["Fire Breathing","Twin Strike"],"picked":"Body Slam","floor":13},{"not_picked":["Iron Wave","Evolve"],"picked":"Armaments","floor":14},{"not_picked":["Double Tap","Limit Break"],"picked":"Barricade","floor":16},{"not_picked":["Cleave","Iron Wave"],"picked":"Rampage","floor":18},{"not_picked":["Havoc","Corruption"],"picked":"Disarm","floor":19}],"player_experience":1278798,"relics_obtained":[{"floor":6,"key":"Bottled Tornado"},{"floor":9,"key":"Bottled Lightning"},{"floor":11,"key":"Mercury Hourglass"}],"event_choices":[{"damage_healed":0,"gold_gain":0,"player_choice":"Donut","damage_taken":0,"max_hp_gain":5,"max_hp_loss":0,"event_name":"Big Fish","floor":3,"gold_loss":0},{"damage_healed":0,"gold_gain":275,"player_choice":"Desecrate","damage_taken":0,"max_hp_gain":0,"max_hp_loss":0,"event_name":"Golden Shrine","floor":4,"gold_loss":0,"cards_obtained":["Regret"]}],"is_beta":false,"boss_relics":[{"not_picked":["Runic Dome","Calling Bell"],"picked":"Astrolabe"}],"items_purged_floors":[2,12],"is_endless":false,"potions_floor_spawned":[6,13,16,18],"killed_by":"Cultist and Chosen","ascension_level":16}