{"gold_per_floor":[119,134,149,149,149,149,166,166,166,146,146,472,483,497,497,497],"floor_reached":16,"playtime":1287,"items_purged":[],"score":102,"play_id":"d9022505-2ad9-4e43-a5eb-d2abe9f0cbd9","local_time":"20190526231534","is_ascension_mode":false,"campfire_choices":[{"data":"Tools of the Trade","floor":6,"key":"SMITH"},{"data":"Acrobatics","floor":8,"key":"SMITH"},{"floor":11,"key":"REST"},{"data":"Distraction","floor":15,"key":"SMITH"}],"neow_cost":"TEN_PERCENT_HP_LOSS","seed_source_timestamp":193741077973812,"circlet_count":0,"master_deck":["Defend_G","Defend_G","Defend_G","Defend_G","Defend_G","Strike_G","Strike_G","Strike_G","Strike_G","Strike_G","Survivor","Neutralize","Tools of the Trade+1","Masterful Stab","Acrobatics+1","Quick Slash","Burst","Distraction+1"],"relics":["Ring of the Snake","Bottled Lightning","Old Coin"],"potions_floor_usage":[12,13,14,16,16],"damage_taken":[{"damage":15,"enemies":"Cultist","floor":1,"turns":6},{"damage":0,"enemies":"2 Louse","floor":2,"turns":2},{"damage":0,"enemies":"Jaw Worm","floor":3,"turns":4},{"damage":0,"enemies":"2 Fungi Beasts","floor":7,"turns":4},{"damage":34,"enemies":"Gremlin Nob","floor":12,"turns":6},{"damage":0,"enemies":"Blue Slaver","floor":13,"turns":3},{"damage":0,"enemies":"Red Slaver","floor":14,"turns":4},{"damage":39,"enemies":"Slime Boss","floor":16,"turns":9}],"seed_played":"2808039640621219073","potions_obtained":[{"floor":3,"key":"SkillPotion"},{"floor":12,"key":"EntropicBrew"},{"floor":13,"key":"Fruit Juice"}],"is_trial":false,"path_per_floor":["M","M","M","?","?","R","M","R","T","?","R","E","M","M","R","B"],"character_chosen":"THE_SILENT","items_purchased":[],"campfire_rested":1,"item_purchase_floors":[],"current_hp_per_floor":[48,48,48,48,53,53,53,53,53,53,68,34,34,39,39,0],"gold":497,"neow_bonus":"THREE_RARE_CARDS","is_prod":false,"is_daily":false,"chose_seed":false,"campfire_upgraded":3,"win_rate":0,"timestamp":1558926934,"path_taken":["M","M","M","?","?","R","M","R","T","?","R","E","M","M","R","BOSS"],"build_version":"2019-01-23","purchased_purges":0,"victory":false,"max_hp_per_floor":[63,63,63,63,68,68,68,68,68,68,68,68,68,73,73,73],"card_choices":[{"not_picked":["Phantasmal Killer","Glass Knife"],"picked":"Tools of the Trade","floor":0},{"not_picked":["Dagger Throw","PiercingWail"],"picked":"Masterful Stab","floor":1},{"not_picked":["PiercingWail","Blur","Sucker Punch"],"picked":"SKIP","floor":2},{"not_picked":["Sucker Punch","Eviscerate","Footwork"],"picked":"SKIP","floor":3},{"not_picked":["Dagger Spray","Outmaneuver"],"picked":"Acrobatics","floor":7},{"not_picked":["Blade Dance","Dodge and Roll"],"picked":"Quick Slash","floor":12},{"not_picked":["Quick Slash","Crippling Poison"],"picked":"Burst","floor":13},{"not_picked":["Bouncing Flask","Heel Hook"],"picked":"Distraction","floor":14}],"player_experience":20672,"relics_obtained":[{"floor":9,"key":"Bottled Lightning"},{"floor":12,"key":"Old Coin"}],"event_choices":[{"damage_healed":0,"gold_gain":0,"player_choice":"Ignored","damage_taken":0,"max_hp_gain":0,"max_hp_loss":0,"event_name":"Golden Idol","floor":4,"gold_loss":0},{"damage_healed":0,"gold_gain":0,"player_choice":"Donut","damage_taken":0,"max_hp_gain":5,"max_hp_loss":0,"event_name":"Big Fish","floor":5,"gold_loss":0},{"damage_healed":0,"gold_gain":0,"player_choice":"Left Gold","damage_taken":0,"max_hp_gain":0,"max_hp_loss":0,"event_name":"World of Goop","floor":10,"gold_loss":20}],"is_beta":false,"boss_relics":[],"items_purged_floors":[],"is_endless":false,"potions_floor_spawned":[3,12,13],"killed_by":"Slime Boss","ascension_level":0}