{"gold_per_floor":[113,131,141,158,176,176,188,188,188,188,215,233,233,249,249,249],"floor_reached":16,"playtime":781,"items_purged":[],"score":201,"play_id":"784dc94d-ac4e-4b6a-bae7-1f447acf9323","local_time":"20190722194220","is_ascension_mode":true,"campfire_choices":[{"data":"Neutralize","floor":6,"key":"SMITH"},{"data":"Crippling Poison","floor":8,"key":"SMITH"},{"data":"Bullet Time","floor":13,"key":"SMITH"},{"floor":15,"key":"REST"}],"neow_cost":"NONE","seed_source_timestamp":121703144196900,"circlet_count":0,"master_deck":["AscendersBane","Strike_G","Strike_G","Strike_G","Strike_G","Strike_G","Defend_G","Defend_G","Defend_G","Defend_G","Defend_G","Survivor","Neutralize+1","After Image","Blade Dance","Caltrops","Infinite Blades","Flechettes","Blade Dance","Crippling Poison+1","Finisher","Bullet Time+1","Deadly Poison"],"relics":["Ring of the Snake","Bottled Flame","Question Card"],"potions_floor_usage":[2,4,12,14],"damage_taken":[{"damage":0,"enemies":"2 Louse","floor":1,"turns":6},{"damage":3,"enemies":"Cultist","floor":2,"turns":6},{"damage":0,"enemies":"Jaw Worm","floor":3,"turns":6},{"damage":9,"enemies":"Exordium Wildlife","floor":4,"turns":6},{"damage":4,"enemies":"Blue Slaver","floor":5,"turns":5},{"damage":15,"enemies":"Lots of Slimes","floor":7,"turns":4},{"damage":19,"enemies":"3 Sentries","floor":11,"turns":8},{"damage":9,"enemies":"Exordium Wildlife","floor":12,"turns":2},{"damage":5,"enemies":"Large Slime","floor":14,"turns":6},{"damage":39,"enemies":"The Guardian","floor":16,"turns":6}],"seed_played":"-8916506079610371798","potions_obtained":[{"floor":1,"key":"Strength Potion"},{"floor":2,"key":"GhostInAJar"},{"floor":3,"key":"Strength Potion"},{"floor":7,"key":"Explosive Potion"}],"is_trial":false,"path_per_floor":["M","M","M","M","M","R","M","R","T","?","E","M","R","M","R","B"],"character_chosen":"THE_SILENT","items_purchased":[],"campfire_rested":1,"item_purchase_floors":[],"current_hp_per_floor":[59,56,56,47,43,43,28,28,28,50,31,22,22,17,36,0],"gold":249,"neow_bonus":"ONE_RANDOM_RARE_CARD","is_prod":false,"is_daily":false,"chose_seed":false,"campfire_upgraded":3,"win_rate":0,"timestamp":1563817340,"path_taken":["M","M","M","M","M","R","M","R","T","?","E","M","R","M","R","BOSS"],"build_version":"2019-07-17","purchased_purges":0,"victory":false,"max_hp_per_floor":[66,66,66,66,66,66,66,66,66,66,66,66,66,66,66,66],"card_choices":[{"not_picked":["Distraction","Outmaneuver"],"picked":"Blade Dance","floor":1},{"not_picked":["Flying Knee","Backflip"],"picked":"Caltrops","floor":2},{"not_picked":["All Out Attack","Choke"],"picked":"Infinite Blades","floor":3},{"not_picked":["Underhanded Strike","Finisher"],"picked":"Flechettes","floor":4},{"not_picked":["Sucker Punch","Tactician"],"picked":"Blade Dance","floor":5},{"not_picked":["Infinite Blades","Bane"],"picked":"Crippling Poison","floor":7},{"not_picked":["Blur","Slice"],"picked":"Finisher","floor":11},{"not_picked":["Footwork","Backflip","Dagger Spray"],"picked":"Bullet Time","floor":12},{"not_picked":["Poisoned Stab","Prepared","Dagger Throw"],"picked":"Deadly Poison","floor":14}],"player_experience":1745306,"relics_obtained":[{"floor":9,"key":"Bottled Flame"},{"floor":11,"key":"Question Card"}],"event_choices":[{"damage_healed":22,"gold_gain":0,"player_choice":"Banana","damage_taken":0,"max_hp_gain":0,"max_hp_loss":0,"event_name":"Big Fish","floor":10,"gold_loss":0}],"is_beta":false,"boss_relics":[],"items_purged_floors":[],"is_endless":false,"potions_floor_spawned":[1,2,3,7],"killed_by":"The Guardian","ascension_level":18}