{"gold_per_floor":[110,110,127,277,277,277,277,294,294,318,338,46,46,66,66,138,138,155,3,15,0,13,13,13,13,13,30,30,43,43,117,117,117],"floor_reached":33,"playtime":1080,"items_purged":["Doubt","Eviscerate"],"score":423,"play_id":"17ec1f1a-81bb-4da0-95af-1c908e4ef2fb","local_time":"20190625202920","is_ascension_mode":true,"campfire_choices":[{"data":"Neutralize","floor":6.0,"key":"SMITH"},{"floor":13.0,"key":"REST"},{"data":"Skewer","floor":15.0,"key":"SMITH"},{"floor":25.0,"key":"REST"},{"data":"A Thousand Cuts","floor":28.0,"key":"SMITH"},{"floor":32,"key":"REST"}],"neow_cost":"NONE","seed_source_timestamp":0,"circlet_count":0,"master_deck":["AscendersBane","Survivor","Neutralize+1","Blur","Backflip","Skewer+1","Terror","Well Laid Plans","Adrenaline","Dagger Throw","A Thousand Cuts+1","All Out Attack","Quick Slash","Malaise","Infinite Blades","Poisoned Stab","Dagger Spray","Sucker Punch","PiercingWail","Deadly Poison","All Out Attack+1","Finisher","Endless Agony","Deadly Poison+1"],"special_seed":0,"relics":["Ring of the Snake","NeowsBlessing","Omamori","Darkstone Periapt","Vajra","Pandora\u0027s Box","Frozen Egg 2","Pantograph","Pear"],"potions_floor_usage":[33],"damage_taken":[{"damage":0.0,"enemies":"Jaw Worm","floor":1.0,"turns":1.0},{"damage":0.0,"enemies":"Small Slimes","floor":3.0,"turns":2.0},{"damage":0.0,"enemies":"2 Louse","floor":8.0,"turns":1.0},{"damage":19.0,"enemies":"Exordium Thugs","floor":11.0,"turns":5.0},{"damage":0.0,"enemies":"2 Fungi Beasts","floor":14.0,"turns":3.0},{"damage":4.0,"enemies":"Slime Boss","floor":16.0,"turns":7.0},{"damage":22.0,"enemies":"Spheric Guardian","floor":18.0,"turns":4.0},{"damage":8.0,"enemies":"Shell Parasite","floor":20.0,"turns":4.0},{"damage":15.0,"enemies":"Cultist and Chosen","floor":22.0,"turns":5.0},{"damage":11.0,"enemies":"Snake Plant","floor":27.0,"turns":4.0},{"damage":13.0,"enemies":"Snecko","floor":29.0,"turns":3.0},{"damage":72,"enemies":"Automaton","floor":33,"turns":6}],"seed_played":"-6381726689707780457","potions_obtained":[{"floor":1.0,"key":"LiquidBronze"},{"floor":8.0,"key":"SteroidPotion"},{"floor":16.0,"key":"GamblersBrew"},{"floor":18.0,"key":"EssenceOfSteel"},{"floor":29.0,"key":"PowerPotion"}],"is_trial":false,"path_per_floor":["M","?","M","?","?","R","?","M","T","T","M","$","R","M","R","B",null,"M","$","M","?","M","T","?","R","T","M","R","M","?","T","R","B"],"character_chosen":"THE_SILENT","items_purchased":["Well Laid Plans","Adrenaline","PiercingWail"],"campfire_rested":3,"item_purchase_floors":[12,12,19],"current_hp_per_floor":[59,52,52,52,17,17,39,39,39,39,20,20,39,39,39,35,58,36,36,28,28,13,13,13,32,32,21,21,8,8,18,40,0],"gold":117,"neow_bonus":"THREE_ENEMY_KILL","is_prod":false,"is_daily":false,"chose_seed":false,"campfire_upgraded":3,"win_rate":0,"timestamp":1561487360,"path_taken":["M","?","M","?","?","R","?","M","T","?","M","$","R","?","R","BOSS","M","$","M","?","M","?","?","R","T","?","R","M","?","?","R","BOSS"],"build_version":"2019-01-23","purchased_purges":2,"victory":false,"max_hp_per_floor":[66,66,66,66,66,66,66,66,66,66,66,66,66,66,66,66,66,66,66,66,66,66,66,66,66,66,66,66,66,66,76,76,76],"card_choices":[{"not_picked":["Cloak And Dagger","Underhanded Strike"],"picked":"Blur","floor":1.0},{"not_picked":["Cloak And Dagger","Distraction"],"picked":"Backflip","floor":3.0},{"not_picked":["Acrobatics","Dagger Spray"],"picked":"Skewer","floor":8.0},{"not_picked":["Acrobatics","Sucker Punch"],"picked":"Terror","floor":11.0},{"not_picked":["Outmaneuver","Riddle With Holes"],"picked":"Dagger Throw","floor":14.0},{"not_picked":["Doppelganger","Tools of the Trade"],"picked":"A Thousand Cuts","floor":16.0},{"not_picked":["Underhanded Strike","Prepared"],"picked":"Sucker Punch","floor":18.0},{"not_picked":["PiercingWail","Acrobatics"],"picked":"Deadly Poison","floor":20.0},{"not_picked":["Skewer+1","Reflex"],"picked":"All Out Attack+1","floor":22.0},{"not_picked":["Dagger Throw","Prepared"],"picked":"Endless Agony","floor":27.0},{"not_picked":["Slice","Riddle With Holes"],"picked":"Deadly Poison+1","floor":29.0}],"player_experience":1475378,"relics_obtained":[{"floor":9.0,"key":"Darkstone Periapt"},{"floor":10.0,"key":"Vajra"},{"floor":23.0,"key":"Frozen Egg 2"},{"floor":26.0,"key":"Pantograph"},{"floor":31,"key":"Pear"}],"event_choices":[{"cards_removed":["Strike_G"],"damage_healed":0.0,"max_hp_gain":0.0,"max_hp_loss":0.0,"gold_gain":0.0,"event_name":"Golden Wing","player_choice":"Card Removal","floor":2.0,"gold_loss":0.0,"damage_taken":7.0},{"damage_healed":0.0,"max_hp_gain":0.0,"max_hp_loss":0.0,"gold_gain":150.0,"event_name":"Liars Game","player_choice":"AGREE","floor":4.0,"gold_loss":0.0,"damage_taken":0.0,"cards_obtained":["Doubt"]},{"damage_healed":0.0,"max_hp_gain":0.0,"max_hp_loss":0.0,"gold_gain":0.0,"event_name":"Scrap Ooze","player_choice":"Success","floor":5.0,"gold_loss":0.0,"damage_taken":35.0,"relics_obtained":["Omamori"]},{"damage_healed":22.0,"max_hp_gain":0.0,"max_hp_loss":0.0,"gold_gain":0.0,"event_name":"Big Fish","player_choice":"Banana","floor":7.0,"gold_loss":0.0,"damage_taken":0.0},{"damage_healed":0.0,"max_hp_gain":0.0,"max_hp_loss":0.0,"gold_gain":0.0,"event_name":"Masked Bandits","player_choice":"Paid Fearfully","floor":21.0,"gold_loss":15.0,"damage_taken":0.0},{"damage_healed":0.0,"max_hp_gain":0.0,"max_hp_loss":0.0,"gold_gain":0.0,"cards_transformed":["Outmaneuver"],"event_name":"Transmorgrifier","player_choice":"Transformed","floor":24.0,"gold_loss":0.0,"damage_taken":0.0,"cards_obtained":["Finisher"]},{"cards_removed":["Masterful Stab"],"damage_healed":0,"gold_gain":0,"player_choice":"Elegance","damage_taken":0,"max_hp_gain":0,"max_hp_loss":0,"event_name":"Back to Basics","floor":30,"gold_loss":0}],"is_beta":false,"boss_relics":[{"not_picked":["Eternal Feather","Runic Dome"],"picked":"Pandora\u0027s Box"}],"items_purged_floors":[12,19],"is_endless":false,"potions_floor_spawned":[1,8,16,18,29],"killed_by":"Automaton","ascension_level":16}