{"gold_per_floor":[112,37,112,62,74,106,123,123,198,23,38,38,38,55,55,159,159,179,197,197],"floor_reached":20,"playtime":312,"items_purged":["Strike_B","Strike_B"],"score":199,"play_id":"22021ad4-9a14-4663-ac9b-0f6a0936a0c8","local_time":"20190811033843","is_ascension_mode":false,"campfire_choices":[{"data":"Zap","floor":8.0,"key":"SMITH"},{"data":"Darkness","floor":12.0,"key":"SMITH"},{"data":"Darkness","floor":15.0,"key":"SMITH"}],"neow_cost":"NONE","seed_source_timestamp":3337871712659,"circlet_count":0,"master_deck":["Strike_B","Strike_B","Defend_B","Defend_B","Defend_B","Zap+1","Dualcast","Sweeping Beam","Rebound","Ball Lightning","Darkness+1","Defragment+1","Darkness+1","Rebound","Rainbow","Sweeping Beam+1"],"special_seed":0,"relics":["Cracked Core","NeowsBlessing","Potion Belt","Frozen Egg 2","Smiling Mask","Inserter"],"potions_floor_usage":[],"damage_taken":[{"damage":0.0,"enemies":"2 Louse","floor":1.0,"turns":1.0},{"damage":0.0,"enemies":"Cultist","floor":5.0,"turns":1.0},{"damage":0.0,"enemies":"Lagavulin","floor":6.0,"turns":1.0},{"damage":1.0,"enemies":"Jaw Worm","floor":7.0,"turns":3.0},{"damage":3.0,"enemies":"Red Slaver","floor":11.0,"turns":2.0},{"damage":7.0,"enemies":"Blue Slaver","floor":14.0,"turns":3.0},{"damage":42.0,"enemies":"Hexaghost","floor":16.0,"turns":6.0},{"damage":27,"enemies":"Shell Parasite","floor":18,"turns":4},{"damage":5,"enemies":"Spheric Guardian","floor":19,"turns":3},{"damage":12,"enemies":"Shelled Parasite and Fungi","floor":20,"turns":1}],"seed_played":"-6005861648668182852","potions_obtained":[{"floor":5.0,"key":"Poison Potion"},{"floor":6.0,"key":"SpeedPotion"},{"floor":16.0,"key":"Swift Potion"},{"floor":19,"key":"LiquidBronze"}],"is_trial":false,"path_per_floor":["M","$","?","?","M","E","M","R","T","$","M","R","?","M","R","B",null,"M","M","M"],"character_chosen":"DEFECT","items_purchased":["Defragment+1"],"campfire_rested":0,"item_purchase_floors":[10],"current_hp_per_floor":[75,75,64,64,64,64,63,63,63,63,60,60,60,53,53,11,75,48,43,31],"gold":197,"neow_bonus":"THREE_ENEMY_KILL","is_prod":false,"is_daily":false,"chose_seed":false,"campfire_upgraded":3,"win_rate":0,"timestamp":1565516323,"path_taken":["M","$","?","?","M","E","M","R","T","$","M","R","?","M","R","BOSS","M","M","M"],"build_version":"2019-07-17","purchased_purges":2,"victory":false,"max_hp_per_floor":[75,75,75,75,75,75,75,75,75,75,75,75,75,75,75,75,75,75,75,75],"card_choices":[{"not_picked":["Coolheaded","Conserve Battery"],"picked":"Sweeping Beam","floor":1.0},{"not_picked":["Skim","Steam"],"picked":"Rebound","floor":5.0},{"not_picked":["Chill","Reboot"],"picked":"Ball Lightning","floor":6.0},{"not_picked":["FTL","Steam Power"],"picked":"Darkness","floor":7.0},{"not_picked":["Conserve Battery","Leap"],"picked":"Darkness","floor":11.0},{"not_picked":["Compile Driver","Gash"],"picked":"Rebound","floor":14.0},{"not_picked":["Thunder Strike","All For One"],"picked":"Rainbow","floor":16.0},{"not_picked":["Undo+1","Conserve Battery"],"picked":"Sweeping Beam+1","floor":18},{"not_picked":["Go for the Eyes","Beam Cell","Turbo"],"picked":"SKIP","floor":19}],"player_experience":1668923,"relics_obtained":[{"floor":6.0,"key":"Potion Belt"},{"floor":9.0,"key":"Frozen Egg 2"}],"event_choices":[{"damage_healed":0.0,"max_hp_gain":0.0,"max_hp_loss":0.0,"gold_gain":75.0,"event_name":"World of Goop","player_choice":"Gather Gold","floor":3.0,"gold_loss":0.0,"damage_taken":11.0},{"cards_removed":["Defend_B"],"damage_healed":0.0,"max_hp_gain":0.0,"max_hp_loss":0.0,"gold_gain":0.0,"event_name":"The Cleric","player_choice":"Card Removal","floor":4.0,"gold_loss":50.0,"damage_taken":0.0},{"damage_healed":0.0,"max_hp_gain":0.0,"max_hp_loss":0.0,"gold_gain":0.0,"event_name":"WeMeetAgain","player_choice":"Gave Potion","floor":13.0,"gold_loss":0.0,"damage_taken":0.0,"relics_obtained":["Smiling Mask"]}],"is_beta":false,"boss_relics":[{"not_picked":["Orrery","Snecko Eye"],"picked":"Inserter"}],"items_purged_floors":[2,10],"is_endless":false,"potions_floor_spawned":[5,6,16,19],"killed_by":"Shelled Parasite and Fungi","ascension_level":0}