{"gold_per_floor":[216,232,73,85,85,114,114,140,140,166,178,202,233,74,74,74],"floor_reached":16,"playtime":713,"items_purged":[],"score":224,"play_id":"ac5bc70f-c9e8-4021-8853-5600755fea51","local_time":"20190627220603","is_ascension_mode":true,"campfire_choices":[{"data":"Armaments","floor":7,"key":"SMITH"},{"floor":11,"key":"REST"},{"data":"Limit Break","floor":15,"key":"SMITH"}],"neow_cost":"NONE","seed_source_timestamp":11510198642543,"circlet_count":0,"master_deck":["AscendersBane","Strike_R","Strike_R","Strike_R","Strike_R","Defend_R","Defend_R","Defend_R","Defend_R","Bash","Spot Weakness","Armaments+1","Feel No Pain","Whirlwind","Sword Boomerang","Clothesline","Flame Barrier","Anger","Spot Weakness","Limit Break+1"],"relics":["Burning Blood","Bag of Marbles","Sundial","MawBank"],"potions_floor_usage":[8,16,16],"damage_taken":[{"damage":3,"enemies":"Small Slimes","floor":1,"turns":5},{"damage":1,"enemies":"Cultist","floor":2,"turns":3},{"damage":12,"enemies":"Jaw Worm","floor":4,"turns":2},{"damage":27,"enemies":"3 Sentries","floor":6,"turns":7},{"damage":39,"enemies":"Lagavulin","floor":8,"turns":9},{"damage":12,"enemies":"Looter","floor":10,"turns":3},{"damage":5,"enemies":"Red Slaver","floor":12,"turns":4},{"damage":12,"enemies":"Lots of Slimes","floor":13,"turns":3},{"damage":27,"enemies":"Hexaghost","floor":16,"turns":7}],"seed_played":"-7321295488044585579","potions_obtained":[{"floor":4,"key":"PowerPotion"},{"floor":8,"key":"GamblersBrew"},{"floor":12,"key":"Poison Potion"}],"is_trial":false,"path_per_floor":["M","M","$","M","?","E","R","E","T","M","R","M","M","$","R","B"],"character_chosen":"IRONCLAD","items_purchased":["Feel No Pain","Whirlwind","Limit Break"],"campfire_rested":1,"item_purchase_floors":[3,3,14],"current_hp_per_floor":[71,75,75,69,69,48,48,15,15,9,31,32,26,26,26,0],"gold":74,"neow_bonus":"HUNDRED_GOLD","is_prod":false,"is_daily":false,"chose_seed":false,"campfire_upgraded":2,"win_rate":0,"timestamp":1561669563,"path_taken":["M","M","$","M","?","E","R","E","T","M","R","M","M","$","R","BOSS"],"build_version":"2019-01-23","purchased_purges":0,"victory":false,"max_hp_per_floor":[75,75,75,75,75,75,75,75,75,75,75,75,75,75,75,75],"card_choices":[{"not_picked":["Iron Wave","Headbutt"],"picked":"Spot Weakness","floor":1},{"not_picked":["Body Slam","Flex"],"picked":"Armaments","floor":2},{"not_picked":["Headbutt","Bloodletting"],"picked":"Sword Boomerang","floor":4},{"not_picked":["Inflame","Dropkick"],"picked":"Clothesline","floor":6},{"not_picked":["Second Wind","Ghostly Armor"],"picked":"Flame Barrier","floor":8},{"not_picked":["Body Slam","Blood for Blood"],"picked":"Anger","floor":10},{"not_picked":["Uppercut","Armaments"],"picked":"Spot Weakness","floor":12},{"not_picked":["Iron Wave","Entrench","Rupture"],"picked":"SKIP","floor":13}],"player_experience":1108460,"relics_obtained":[{"floor":6,"key":"Bag of Marbles"},{"floor":8,"key":"Sundial"},{"floor":9,"key":"MawBank"}],"event_choices":[{"cards_removed":["Strike_R"],"damage_healed":0,"gold_gain":0,"player_choice":"Offered Basic","damage_taken":0,"max_hp_gain":0,"max_hp_loss":0,"event_name":"Bonfire Elementals","floor":5,"gold_loss":0}],"is_beta":false,"boss_relics":[],"items_purged_floors":[],"is_endless":false,"potions_floor_spawned":[4,8,12],"killed_by":"Hexaghost","ascension_level":20}