{"gold_per_floor":[118,118,43,60,60,95,108,140,233,69,69,36,48,61,61,163,163,177,177,177,177,192,192,192],"floor_reached":24,"playtime":1149,"items_purged":["Strike_B","Strike_B"],"score":380,"play_id":"0d5db7b4-c5b8-4fca-b126-d0efa81b5f82","local_time":"20190214005524","is_ascension_mode":true,"campfire_choices":[{"data":"Zap","floor":11,"key":"SMITH"},{"data":"Chaos","floor":15,"key":"SMITH"},{"data":"Biased Cognition","floor":23,"key":"SMITH"}],"neow_cost":"NONE","seed_source_timestamp":0,"circlet_count":0,"master_deck":["AscendersBane","Strike_B","Strike_B","Defend_B","Defend_B","Defend_B","Defend_B","Zap+1","Dualcast","Undo","Static Discharge","Storm","Coolheaded","Chaos+1","Leap","Beam Cell","Loop","BootSequence","Stack","Biased Cognition+1","Cold Snap+1","Decay","Capacitor+1"],"special_seed":0,"relics":["Cracked Core","NeowsBlessing","Mango","MawBank","Mummified Hand","Eternal Feather","Ornamental Fan"],"potions_floor_usage":[8,8,16,24],"damage_taken":[{"damage":0.0,"enemies":"Jaw Worm","floor":1.0,"turns":1.0},{"damage":0.0,"enemies":"Cultist","floor":4.0,"turns":1.0},{"damage":0,"enemies":"Lagavulin","floor":6,"turns":1},{"damage":4,"enemies":"Small Slimes","floor":7,"turns":4},{"damage":6,"enemies":"Gremlin Nob","floor":8,"turns":4},{"damage":4,"enemies":"Exordium Thugs","floor":13,"turns":5},{"damage":3,"enemies":"2 Fungi Beasts","floor":14,"turns":4},{"damage":30,"enemies":"The Guardian","floor":16,"turns":11},{"damage":5,"enemies":"3 Byrds","floor":18,"turns":4},{"damage":1,"enemies":"Chosen","floor":22,"turns":4},{"damage":80,"enemies":"Gremlin Leader","floor":24,"turns":11}],"seed_played":"-6754924770381232874","potions_obtained":[{"floor":1.0,"key":"Swift Potion"},{"floor":2.0,"key":"Fire Potion"},{"floor":13,"key":"LiquidBronze"},{"floor":18,"key":"Swift Potion"}],"is_trial":false,"path_per_floor":["M","?","$","M","$","E","M","E","T","$","R","$","M","M","R","B",null,"M","?","T","?","M","R","E"],"character_chosen":"DEFECT","items_purchased":["Leap","Beam Cell","Loop"],"campfire_rested":0,"item_purchase_floors":[10,10,12],"current_hp_per_floor":[68,68,68,68,68,82,78,72,72,72,72,72,68,65,65,35,76,71,54,54,54,53,65,0],"gold":192,"neow_bonus":"THREE_ENEMY_KILL","is_prod":false,"is_daily":false,"chose_seed":false,"campfire_upgraded":3,"win_rate":0,"timestamp":1550102124,"path_taken":["M","?","?","?","?","E","M","E","T","?","R","$","M","M","R","BOSS","M","?","?","?","?","R","E"],"build_version":"2019-01-23","purchased_purges":2,"victory":false,"max_hp_per_floor":[75,75,75,75,75,89,89,89,89,89,89,89,89,89,89,89,89,89,94,94,94,94,94,94],"card_choices":[{"not_picked":["Skim","Darkness"],"picked":"Undo","floor":1.0},{"not_picked":["Hello World","Heatsinks"],"picked":"Static Discharge","floor":4},{"not_picked":["Rebound","Doom and Gloom"],"picked":"Storm","floor":6},{"not_picked":["Hologram","Stack"],"picked":"Coolheaded","floor":7},{"not_picked":["Redo","Steam"],"picked":"Chaos","floor":8},{"not_picked":["Gash","Coolheaded"],"picked":"BootSequence","floor":13},{"not_picked":["Turbo","Sweeping Beam"],"picked":"Stack","floor":14},{"not_picked":["Multi-Cast","Rainbow"],"picked":"Biased Cognition","floor":16},{"not_picked":["Steam+1","Redo"],"picked":"Cold Snap+1","floor":18},{"not_picked":["Static Discharge+1","BootSequence"],"picked":"Capacitor+1","floor":22}],"player_experience":758616,"relics_obtained":[{"floor":6,"key":"Mango"},{"floor":8,"key":"MawBank"},{"floor":9,"key":"Mummified Hand"},{"floor":20,"key":"Ornamental Fan"}],"event_choices":[{"damage_healed":0.0,"max_hp_gain":0.0,"max_hp_loss":0.0,"gold_gain":0.0,"event_name":"Lab","player_choice":"Got Potions","floor":2.0,"gold_loss":0.0,"damage_taken":0.0},{"damage_healed":0,"gold_gain":0,"player_choice":"Shed Blood","damage_taken":22,"max_hp_gain":5,"max_hp_loss":0,"event_name":"Forgotten Altar","floor":19,"gold_loss":0},{"damage_healed":0,"gold_gain":0,"player_choice":"Cursed","damage_taken":0,"max_hp_gain":0,"max_hp_loss":0,"event_name":"Wheel of Change","floor":21,"gold_loss":0,"cards_obtained":["Decay"]}],"is_beta":false,"boss_relics":[{"not_picked":["Empty Cage","Velvet Choker"],"picked":"Eternal Feather"}],"items_purged_floors":[3,10],"is_endless":false,"potions_floor_spawned":[1,6,7,13,18],"killed_by":"Gremlin Leader","ascension_level":11}