{"gold_per_floor":[142,156,174,25,42,42,73,73,73,92,72,72,100,0,0,77,77,88,88,88,88,88,88,120,137,137,137,164,164,195,195],"floor_reached":31,"playtime":1077,"items_purged":["Strike_R","Strike_R"],"score":578,"play_id":"4bf5deed-3b19-4d79-aa8e-7727a01f14ef","local_time":"20190808185343","is_ascension_mode":true,"campfire_choices":[{"data":"Armaments","floor":6,"key":"SMITH"},{"data":"Whirlwind","floor":8,"key":"SMITH"},{"floor":12,"key":"REST"},{"data":"Inflame","floor":15,"key":"SMITH"},{"data":"Headbutt","floor":23,"key":"SMITH"},{"data":"Ghostly","floor":29,"key":"SMITH"}],"neow_cost":"NONE","seed_source_timestamp":524906830298400,"circlet_count":0,"master_deck":["AscendersBane","Strike_R","Strike_R","Strike_R","Defend_R+1","Defend_R","Defend_R","Defend_R","Bash","Uppercut+1","Armaments+1","Power Through","Whirlwind+1","Iron Wave","Inflame+1","Fire Breathing","Flex+1","Immolate+1","Headbutt+1","Writhe","Heavy Blade","Heavy Blade","Ghostly+1","Ghostly","Ghostly","Clothesline"],"relics":["Burning Blood","Tiny Chest","Art of War","Mummified Hand","Matryoshka","Runic Pyramid","Strawberry","Whetstone","War Paint","Magic Flower","PreservedInsect","The Courier","Potion Belt","Shuriken"],"potions_floor_usage":[10,13,13,16,24,24,25],"damage_taken":[{"damage":7,"enemies":"Cultist","floor":1,"turns":4},{"damage":4,"enemies":"Small Slimes","floor":2,"turns":4},{"damage":6,"enemies":"Jaw Worm","floor":3,"turns":4},{"damage":28,"enemies":"Exordium Thugs","floor":5,"turns":7},{"damage":27,"enemies":"Lagavulin","floor":7,"turns":10},{"damage":9,"enemies":"Exordium Wildlife","floor":10,"turns":5},{"damage":15,"enemies":"3 Sentries","floor":13,"turns":4},{"damage":24,"enemies":"Hexaghost","floor":16,"turns":12},{"damage":22,"enemies":"2 Thieves","floor":18,"turns":2},{"damage":24,"enemies":"Slavers","floor":24,"turns":3},{"damage":16,"enemies":"Spheric Guardian","floor":25,"turns":6},{"damage":0,"enemies":"Gremlin Leader","floor":30,"turns":4},{"damage":38,"enemies":"Snecko","floor":31,"turns":8}],"seed_played":"1310934230197003443","potions_obtained":[{"floor":1,"key":"LiquidBronze"},{"floor":2,"key":"EssenceOfSteel"},{"floor":10,"key":"LiquidBronze"},{"floor":11,"key":"EntropicBrew"},{"floor":18,"key":"Strength Potion"},{"floor":24,"key":"SteroidPotion"}],"is_trial":false,"path_per_floor":["M","M","M","$","M","R","E","R","T","M","?","R","E","$","R","B",null,"M","?","T","$","$","R","E","M","T","?","T","R","E","M"],"character_chosen":"IRONCLAD","items_purchased":["Whirlwind"],"campfire_rested":1,"item_purchase_floors":[4],"current_hp_per_floor":[67,69,69,69,47,47,26,26,26,23,23,45,36,36,36,18,61,45,52,52,52,52,52,34,27,27,27,27,27,36,0],"gold":195,"neow_bonus":"RANDOM_COMMON_RELIC","is_prod":false,"is_daily":false,"chose_seed":false,"campfire_upgraded":5,"win_rate":0,"timestamp":1565283223,"path_taken":["M","?","M","$","M","R","E","R","T","M","?","R","E","?","R","BOSS","M","?","?","?","$","R","E","?","T","?","?","R","E","M"],"build_version":"2019-07-17","purchased_purges":2,"victory":false,"max_hp_per_floor":[75,75,75,75,75,75,75,75,75,75,75,75,75,75,75,75,75,75,82,82,82,82,82,82,82,82,41,41,41,41,41],"card_choices":[{"not_picked":["Evolve","Perfected Strike"],"picked":"Uppercut","floor":1},{"not_picked":["Heavy Blade","Power Through"],"picked":"Armaments","floor":2},{"not_picked":["Clothesline","Pommel Strike"],"picked":"Power Through","floor":3},{"not_picked":["Armaments","Berserk"],"picked":"Iron Wave","floor":5},{"not_picked":["True Grit","Body Slam"],"picked":"Inflame","floor":7},{"not_picked":["Uppercut","Sever Soul"],"picked":"Fire Breathing","floor":10},{"not_picked":["Clothesline","Demon Form"],"picked":"Flex","floor":13},{"not_picked":["Brutality","Berserk"],"picked":"Immolate","floor":16},{"not_picked":["Flex","Ghostly Armor"],"picked":"Headbutt","floor":18},{"not_picked":["Infernal Blade","Carnage"],"picked":"Heavy Blade","floor":24},{"not_picked":["Perfected Strike","Armaments"],"picked":"Heavy Blade","floor":25},{"not_picked":["Perfected Strike","Power Through"],"picked":"Clothesline","floor":30}],"player_experience":1829059,"relics_obtained":[{"floor":7,"key":"Art of War"},{"floor":9,"key":"Mummified Hand"},{"floor":13,"key":"Matryoshka"},{"floor":20,"key":"Whetstone"},{"floor":20,"key":"War Paint"},{"floor":24,"key":"Magic Flower"},{"floor":26,"key":"PreservedInsect"},{"floor":26,"key":"The Courier"},{"floor":28,"key":"Potion Belt"},{"floor":30,"key":"Shuriken"}],"event_choices":[{"damage_healed":0,"gold_gain":0,"player_choice":"Bought 1 Potion","damage_taken":0,"max_hp_gain":0,"max_hp_loss":0,"event_name":"The Woman in Blue","floor":11,"gold_loss":0},{"damage_healed":0,"gold_gain":0,"player_choice":"Opened","damage_taken":0,"relics_obtained":["Strawberry"],"max_hp_gain":0,"max_hp_loss":0,"event_name":"The Mausoleum","floor":19,"gold_loss":0,"cards_obtained":["Writhe"]},{"damage_healed":0,"gold_gain":0,"player_choice":"Became a Ghost","damage_taken":0,"max_hp_gain":0,"max_hp_loss":41,"event_name":"Ghosts","floor":27,"gold_loss":0,"cards_obtained":["Ghostly","Ghostly","Ghostly"]}],"is_beta":false,"boss_relics":[{"not_picked":["Tiny House","Runic Dome"],"picked":"Runic Pyramid"}],"items_purged_floors":[4,14],"is_endless":false,"potions_floor_spawned":[1,2,7,10,18,24],"killed_by":"Snecko","ascension_level":18}