{"gold_per_floor":[110,110,123,134,134,159,179,32,32,64,76,86,118,132,132,235,235,245,245,97,97,22,57,57,86,86,86,86,96,55,71,71,71],"floor_reached":33,"playtime":1616,"items_purged":["Regret"],"score":391,"play_id":"e58be8a0-8160-4733-9e60-eee8f43c6389","local_time":"20190829182711","is_ascension_mode":true,"campfire_choices":[{"floor":15,"key":"REST"},{"floor":24,"key":"REST"},{"floor":28,"key":"REST"},{"floor":32,"key":"REST"}],"neow_cost":"NONE","seed_source_timestamp":4014049882155,"circlet_count":0,"master_deck":["Defend_R","Defend_R","Defend_R","Defend_R","Bash","Metallicize","Whirlwind","Uppercut","Anger+1","Combust","Uppercut+1","Carnage","Shrug It Off","Rupture","Feed","RitualDagger","Ghostly Armor+1","Bite","Bite","Bite","Bite","Bite","Metallicize","Combust"],"relics":["Burning Blood","Du-Vu Doll","Letter Opener","Champion Belt","Regal Pillow","Centennial Puzzle","Sozu","Bag of Preparation","Whetstone","Pen Nib","Mummified Hand"],"potions_floor_usage":[6,10,13,16],"damage_taken":[{"damage":7,"enemies":"Jaw Worm","floor":1,"turns":3},{"damage":7,"enemies":"2 Louse","floor":3,"turns":5},{"damage":7,"enemies":"Small Slimes","floor":4,"turns":5},{"damage":21,"enemies":"Gremlin Nob","floor":6,"turns":5},{"damage":29,"enemies":"Exordium Wildlife","floor":7,"turns":5},{"damage":24,"enemies":"3 Sentries","floor":10,"turns":4},{"damage":7,"enemies":"2 Fungi Beasts","floor":11,"turns":4},{"damage":4,"enemies":"3 Louse","floor":12,"turns":4},{"damage":19,"enemies":"Lagavulin","floor":13,"turns":6},{"damage":8,"enemies":"Looter","floor":14,"turns":2},{"damage":53,"enemies":"Hexaghost","floor":16,"turns":9},{"damage":31,"enemies":"Shell Parasite","floor":18,"turns":9},{"damage":50,"enemies":"Gremlin Leader","floor":23,"turns":7},{"damage":30,"enemies":"Book of Stabbing","floor":25,"turns":5},{"damage":30,"enemies":"2 Thieves","floor":29,"turns":3},{"damage":19,"enemies":"Centurion and Healer","floor":31,"turns":4},{"damage":98,"enemies":"Collector","floor":33,"turns":7}],"seed_played":"-3871613351548134859","potions_obtained":[{"floor":3,"key":"Block Potion"},{"floor":7,"key":"PowerPotion"},{"floor":10,"key":"GamblersBrew"},{"floor":12,"key":"Poison Potion"}],"is_trial":false,"path_per_floor":["M","?","M","M","?","E","M","$","T","E","M","M","E","M","R","B",null,"M","?","$","?","?","E","R","E","T","?","R","M","$","M","R","B"],"character_chosen":"IRONCLAD","items_purchased":["Combust","Bag of Preparation","Combust"],"campfire_rested":4,"item_purchase_floors":[8,20,30],"current_hp_per_floor":[87,87,86,85,85,70,47,47,47,29,28,30,17,15,56,9,88,66,66,66,60,60,16,58,34,34,34,63,43,43,34,63,0],"gold":71,"neow_bonus":"TEN_PERCENT_HP_BONUS","is_prod":false,"is_daily":false,"chose_seed":false,"campfire_upgraded":0,"win_rate":0,"timestamp":1567117631,"path_taken":["M","?","M","M","?","E","M","$","T","E","?","M","E","M","R","BOSS","M","?","$","?","?","E","R","E","T","?","R","M","?","M","R","BOSS"],"build_version":"2019-07-17","purchased_purges":1,"victory":false,"max_hp_per_floor":[88,88,88,88,88,88,88,88,88,88,88,88,88,88,88,88,88,91,91,91,91,91,91,91,91,91,63,63,63,63,63,63,63],"card_choices":[{"not_picked":["Warcry","Seeing Red"],"picked":"Metallicize","floor":1},{"not_picked":["True Grit","Fire Breathing","Perfected Strike"],"picked":"SKIP","floor":3},{"not_picked":["Havoc","Headbutt"],"picked":"Whirlwind","floor":4},{"not_picked":["Bludgeon","Combust"],"picked":"Uppercut","floor":6},{"not_picked":["Ghostly Armor","Headbutt"],"picked":"Anger","floor":7},{"not_picked":["Flex","Twin Strike"],"picked":"Uppercut","floor":10},{"not_picked":["Bloodletting","Headbutt","Armaments"],"picked":"SKIP","floor":11},{"not_picked":["Seeing Red","Fire Breathing"],"picked":"Carnage","floor":12},{"not_picked":["Second Wind","Armaments"],"picked":"Shrug It Off","floor":13},{"not_picked":["Burning Pact","Armaments"],"picked":"Rupture","floor":14},{"not_picked":["Fiend Fire","Double Tap"],"picked":"Feed","floor":16},{"not_picked":["Clothesline","Infernal Blade","Power Through+1"],"picked":"SKIP","floor":18},{"not_picked":["Flex","Pommel Strike"],"picked":"Ghostly Armor+1","floor":23},{"not_picked":["Thunderclap","Body Slam","Searing Blow"],"picked":"SKIP","floor":25},{"not_picked":["Reckless Charge","Pommel Strike"],"picked":"Metallicize","floor":29},{"not_picked":["Armaments","Power Through","Warcry"],"picked":"SKIP","floor":31}],"player_experience":334784,"relics_obtained":[{"floor":6,"key":"Letter Opener"},{"floor":9,"key":"Champion Belt"},{"floor":10,"key":"Regal Pillow"},{"floor":13,"key":"Centennial Puzzle"},{"floor":23,"key":"Whetstone"},{"floor":25,"key":"Pen Nib"},{"floor":26,"key":"Mummified Hand"}],"event_choices":[{"damage_healed":0,"gold_gain":0,"player_choice":"Ignored","damage_taken":0,"max_hp_gain":0,"max_hp_loss":0,"event_name":"Liars Game","floor":2,"gold_loss":0},{"damage_healed":0,"gold_gain":0,"player_choice":"Box","damage_taken":0,"relics_obtained":["Du-Vu Doll"],"max_hp_gain":0,"max_hp_loss":0,"event_name":"Big Fish","floor":5,"gold_loss":0,"cards_obtained":["Regret"]},{"damage_healed":0,"gold_gain":0,"player_choice":"Ignored","damage_taken":0,"max_hp_gain":0,"max_hp_loss":0,"event_name":"Ghosts","floor":19,"gold_loss":0},{"damage_healed":0,"gold_gain":0,"player_choice":"Joined the Cult","damage_taken":6,"max_hp_gain":0,"max_hp_loss":0,"event_name":"Nest","floor":21,"gold_loss":0,"cards_obtained":["RitualDagger"]},{"cards_removed":["Strike_R"],"damage_healed":0,"gold_gain":0,"player_choice":"Gave Gold","damage_taken":0,"max_hp_gain":0,"max_hp_loss":0,"event_name":"Beggar","floor":22,"gold_loss":75},{"damage_healed":0,"gold_gain":0,"player_choice":"Became a vampire","damage_taken":0,"max_hp_gain":0,"max_hp_loss":28,"event_name":"Vampires","floor":27,"gold_loss":0,"cards_obtained":["Bite","Bite","Bite","Bite","Bite"]}],"is_beta":false,"boss_relics":[{"not_picked":["Velvet Choker","Fusion Hammer"],"picked":"Sozu"}],"items_purged_floors":[8],"is_endless":false,"potions_floor_spawned":[3,7,10,12,18,31],"killed_by":"Collector","ascension_level":4}