{"gold_per_floor":[118,118,118,136,136,136,165,178,178,194,229,28,28],"floor_reached":13,"playtime":346,"items_purged":[],"score":224,"play_id":"c7cfc854-4998-4e9f-908c-31249b0e3c5a","local_time":"20190725223618","is_ascension_mode":true,"campfire_choices":[{"data":"Distraction","floor":6,"key":"SMITH"}],"neow_cost":"NONE","seed_source_timestamp":86623667042900,"circlet_count":0,"master_deck":["AscendersBane","Strike_G","Strike_G","Strike_G","Strike_G","Defend_G","Defend_G","Defend_G","Defend_G","Defend_G","Survivor","Neutralize+1","Blur","Distraction+1","Crippling Poison","Setup","Flying Knee","Night Terror","Apotheosis"],"relics":["Ring of the Snake","NeowsBlessing","Frozen Egg 2","Pen Nib","Anchor"],"potions_floor_usage":[11],"damage_taken":[{"damage":0,"enemies":"2 Louse","floor":1,"turns":1},{"damage":0,"enemies":"Jaw Worm","floor":4,"turns":1},{"damage":0,"enemies":"3 Sentries","floor":7,"turns":1},{"damage":0,"enemies":"Cultist","floor":8,"turns":6},{"damage":12,"enemies":"Lots of Slimes","floor":10,"turns":5},{"damage":21,"enemies":"Lagavulin","floor":11,"turns":6},{"damage":54,"enemies":"Gremlin Nob","floor":13,"turns":3}],"seed_played":"-7849409391707460908","potions_obtained":[{"floor":1,"key":"Weak Potion"},{"floor":7,"key":"Weak Potion"},{"floor":10,"key":"SkillPotion"}],"is_trial":false,"path_per_floor":["M","?","?","M","$","R","E","M","T","M","E","$","E"],"character_chosen":"THE_SILENT","items_purchased":["Apotheosis"],"campfire_rested":0,"item_purchase_floors":[12],"current_hp_per_floor":[59,59,59,59,59,59,59,59,59,47,26,26,0],"gold":28,"neow_bonus":"THREE_ENEMY_KILL","is_prod":false,"is_daily":false,"chose_seed":false,"campfire_upgraded":1,"win_rate":0,"timestamp":1564086978,"path_taken":["M","?","?","?","$","R","E","?","T","M","E","$","E"],"build_version":"2019-07-17","purchased_purges":0,"victory":false,"max_hp_per_floor":[66,66,66,66,66,66,66,66,66,66,66,66,66],"card_choices":[{"not_picked":["Setup","Acrobatics"],"picked":"Blur","floor":1},{"not_picked":["PiercingWail","Quick Slash"],"picked":"Distraction","floor":4},{"not_picked":["Dagger Throw","Quick Slash"],"picked":"Crippling Poison","floor":7},{"not_picked":["Riddle With Holes","Bane"],"picked":"Setup","floor":8},{"not_picked":["Underhanded Strike","Masterful Stab"],"picked":"Flying Knee","floor":10},{"not_picked":["Dodge and Roll","Masterful Stab"],"picked":"Night Terror","floor":11}],"player_experience":1759151,"relics_obtained":[{"floor":7,"key":"Frozen Egg 2"},{"floor":9,"key":"Pen Nib"},{"floor":11,"key":"Anchor"}],"event_choices":[{"damage_healed":0,"gold_gain":0,"player_choice":"Grow","damage_taken":0,"max_hp_gain":0,"max_hp_loss":0,"event_name":"Living Wall","floor":2,"gold_loss":0,"cards_upgraded":["Neutralize"]},{"cards_removed":["Strike_G"],"damage_healed":0,"gold_gain":0,"player_choice":"Purged","damage_taken":0,"max_hp_gain":0,"max_hp_loss":0,"event_name":"Purifier","floor":3,"gold_loss":0}],"is_beta":false,"boss_relics":[],"items_purged_floors":[],"is_endless":false,"potions_floor_spawned":[1,7,8,10],"killed_by":"Gremlin Nob","ascension_level":18}