{"path_per_floor":["M","$","M","M","?","E","?","R","T","E","M","M","M","M","R","B",null,"M","M","?","M","M","E","R","M","T","$","R","M","M","M","R"],"character_chosen":"IRONCLAD","items_purchased":["Flex","Matryoshka","Flex"],"gold_per_floor":[117,67,81,101,101,127,127,127,150,176,190,205,220,236,236,339,339,357,373,373,383,403,438,438,448,494,158,158,168,186,198,198,198],"floor_reached":33,"campfire_rested":0,"playtime":1391,"current_hp_per_floor":[80,80,80,80,68,39,39,39,39,32,50,55,47,55,55,55,80,73,79,79,70,51,57,57,55,55,55,55,64,81,84,84,0],"items_purged":["Writhe"],"gold":198,"score":310,"play_id":"487ea2f6-19c5-4008-9ef0-51d5f5101cd2","local_time":"20180512203829","is_prod":false,"is_daily":false,"chose_seed":false,"is_ascension_mode":false,"campfire_upgraded":5,"timestamp":1526153909,"path_taken":["M","$","M","M","?","E","?","R","T","E","?","?","M","M","R","BOSS","M","M","?","M","M","E","R","M","T","$","R","M","M","M","R","BOSS"],"build_version":"2018-05-10","seed_source_timestamp":257170317564526,"purchased_purges":1,"victory":false,"master_deck":["Strike_R","Strike_R","Strike_R","Strike_R","Strike_R","Defend_R","Defend_R","Defend_R","Defend_R","Bash","Seeing Red","Flex+1","Whirlwind+1","Limit Break+1","Shrug It Off","Reaper","Flex+1","Whirlwind+1"],"max_hp_per_floor":[80,80,80,80,80,80,80,80,80,80,80,80,80,80,80,80,80,80,80,80,80,80,80,80,80,80,80,80,80,85,85,85,85],"relics":["Burning Blood","Lantern","Unceasing Top","Bag of Preparation","Meat on the Bone","Velvet Choker","Dead Branch","Omamori","Orichalcum","Matryoshka"],"card_choices":[{"not_picked":["Feel No Pain","Infernal Blade"],"picked":"Seeing Red","floor":0},{"not_picked":["Armaments","Wild Strike"],"picked":"Whirlwind","floor":3},{"not_picked":["Shrug It Off","Dual Wield"],"picked":"Limit Break","floor":4},{"not_picked":["True Grit","Disarm"],"picked":"Shrug It Off","floor":12},{"not_picked":["Dark Embrace","Impervious"],"picked":"Reaper","floor":16},{"not_picked":["Bloodletting","Clothesline"],"picked":"Whirlwind","floor":30}],"player_experience":292547,"potions_floor_usage":[10,16,21,30,33],"damage_taken":[{"damage":2,"enemies":"Small Slimes","floor":1,"turns":3},{"damage":5,"enemies":"2 Louse","floor":3,"turns":2},{"damage":6,"enemies":"Cultist","floor":4,"turns":3},{"damage":35,"enemies":"3 Sentries","floor":6,"turns":8},{"damage":13,"enemies":"Lagavulin","floor":10,"turns":3},{"damage":0,"enemies":"Gremlin Gang","floor":11,"turns":1},{"damage":13,"enemies":"Red Slaver","floor":12,"turns":3},{"damage":14,"enemies":"3 Louse","floor":13,"turns":3},{"damage":10,"enemies":"Looter","floor":14,"turns":3},{"damage":18,"enemies":"The Guardian","floor":16,"turns":9},{"damage":13,"enemies":"Chosen","floor":18,"turns":3},{"damage":0,"enemies":"3 Byrds","floor":19,"turns":1},{"damage":20,"enemies":"Slaver and Parasite","floor":21,"turns":5},{"damage":45,"enemies":"Cultist and Chosen","floor":22,"turns":6},{"damage":0,"enemies":"Slavers","floor":23,"turns":1},{"damage":8,"enemies":"Centurion and Healer","floor":25,"turns":3},{"damage":7,"enemies":"Snecko","floor":29,"turns":4},{"damage":6,"enemies":"Snake Plant","floor":30,"turns":3},{"damage":7,"enemies":"Chosen and Byrds","floor":31,"turns":4},{"damage":116,"enemies":"Collector","floor":33,"turns":7}],"event_choices":[{"event_name":"Scrap Ooze","player_choice":"success","floor":5,"damage_taken":12},{"event_name":"The Lab","player_choice":"Got Potions","floor":7,"damage_taken":0},{"event_name":"The Mausoleum","player_choice":"Yes","floor":20,"damage_taken":0}],"boss_relics":[{"not_picked":["Runic Dome","Lizard Tail"],"picked":"Velvet Choker"}],"potions_floor_spawned":[3,4,10,11,22,23,25,29,31],"seed_played":"-6581188109802864834","killed_by":"Collector","ascension_level":0,"is_trial":false}