{"gold_per_floor":[111,36,36,102,117,152,152,152,199,209,226,226,259,287,287,364,364,383,398,70,70,82,82,110,110,163,163,175,192,28,56,56,132,132,142,154,77,96,147,147,182,182,182,182,10,30,30,47,47,47],"floor_reached":50,"playtime":8741,"items_purged":["Strike_G","Strike_G","Strike_G"],"score":855,"play_id":"47e157c6-bc1f-4699-b560-15387b250ddf","local_time":"20190203012920","is_ascension_mode":true,"campfire_choices":[{"floor":7,"key":"REST"},{"data":"Neutralize","floor":12,"key":"SMITH"},{"floor":15,"key":"REST"},{"data":"Adrenaline","floor":23,"key":"SMITH"},{"floor":25,"key":"REST"},{"floor":27,"key":"REST"},{"floor":32,"key":"REST"},{"floor":40,"key":"REST"},{"data":"Noxious Fumes","floor":47,"key":"SMITH"},{"floor":49,"key":"REST"}],"neow_cost":"NONE","seed_source_timestamp":161295375149834,"circlet_count":0,"master_deck":["AscendersBane","Defend_G","Defend_G","Defend_G","Defend_G","Defend_G","Strike_G","Survivor","Neutralize+1","Choke","Endless Agony","Noxious Fumes","PiercingWail","Dagger Spray","Escape Plan","Escape Plan","Glass Knife","Infinite Blades","Adrenaline+1","Sucker Punch","Crippling Poison","Dodge and Roll","Footwork","Endless Agony","Leg Sweep","Deadly Poison+1","Noxious Fumes+1","Predator","Expertise+1","Panache","Bouncing Flask","Dash"],"relics":["Ring of the Snake","Turnip","Bronze Scales","Boot","Pear","Odd Mushroom","Busted Crown","Bag of Marbles","Dream Catcher","Tiny Chest","PreservedInsect","Cursed Key","Ice Cream","Ninja Scroll"],"potions_floor_usage":[6,6,16,24,24,33,33,36,39,41,50],"damage_taken":[{"damage":7,"enemies":"Jaw Worm","floor":1,"turns":5},{"damage":6,"enemies":"Small Slimes","floor":5,"turns":4},{"damage":17,"enemies":"3 Sentries","floor":6,"turns":12},{"damage":0,"enemies":"2 Louse","floor":10,"turns":2},{"damage":3,"enemies":"Red Slaver","floor":11,"turns":4},{"damage":21,"enemies":"Gremlin Nob","floor":13,"turns":4},{"damage":10,"enemies":"The Mushroom Lair","floor":14,"turns":3},{"damage":5,"enemies":"The Guardian","floor":16,"turns":12},{"damage":24,"enemies":"Shell Parasite","floor":18,"turns":4},{"damage":0,"enemies":"3 Byrds","floor":19,"turns":2},{"damage":12,"enemies":"Shelled Parasite and Fungi","floor":22,"turns":4},{"damage":20,"enemies":"Gremlin Leader","floor":24,"turns":6},{"damage":7,"enemies":"Centurion and Healer","floor":28,"turns":6},{"damage":2,"enemies":"Snecko","floor":29,"turns":4},{"damage":15,"enemies":"Book of Stabbing","floor":31,"turns":5},{"damage":60,"enemies":"Automaton","floor":33,"turns":13},{"damage":24,"enemies":"3 Darklings","floor":35,"turns":5},{"damage":0,"enemies":"3 Shapes","floor":36,"turns":6},{"damage":0,"enemies":"Maw","floor":38,"turns":8},{"damage":25,"enemies":"2 Orb Walkers","floor":39,"turns":6},{"damage":59,"enemies":"Reptomancer","floor":41,"turns":5},{"damage":0,"enemies":"Sphere and 2 Shapes","floor":46,"turns":4},{"damage":23,"enemies":"Transient","floor":48,"turns":5},{"damage":73,"enemies":"Awakened One","floor":50,"turns":3}],"seed_played":"7729452276059847900","potions_obtained":[{"floor":0,"key":"LiquidBronze"},{"floor":0,"key":"Block Potion"},{"floor":5,"key":"GhostInAJar"},{"floor":6,"key":"Energy Potion"},{"floor":10,"key":"LiquidBronze"},{"floor":19,"key":"Block Potion"},{"floor":24,"key":"EntropicBrew"},{"floor":29,"key":"Ancient Potion"},{"floor":38,"key":"EssenceOfSteel"},{"floor":39,"key":"FairyPotion"},{"floor":46,"key":"AttackPotion"}],"is_trial":false,"path_per_floor":["M","$","?","?","M","E","R","$","T","M","M","R","E","?","R","B",null,"M","M","$","?","M","R","E","R","T","R","M","M","$","E","R","B",null,"M","M","$","M","?","R","E","T","T","?","$","M","R","M","R","B"],"character_chosen":"THE_SILENT","items_purchased":["Bag of Marbles","Adrenaline","Footwork","Noxious Fumes","Panache"],"campfire_rested":7,"item_purchase_floors":[20,20,30,37,45],"current_hp_per_floor":[56,56,49,49,43,26,47,47,47,47,44,44,33,23,47,42,71,47,47,47,47,35,35,15,39,39,63,56,54,54,39,63,3,61,37,37,37,37,12,36,8,8,8,70,70,70,70,47,68,0],"gold":47,"neow_bonus":"THREE_SMALL_POTIONS","is_prod":false,"is_daily":false,"chose_seed":false,"campfire_upgraded":3,"win_rate":0,"timestamp":1549157360,"path_taken":["M","$","?","?","M","E","R","?","T","M","M","R","E","?","R","BOSS","M","M","$","?","M","R","E","R","T","R","M","?","$","E","R","BOSS","M","M","$","M","?","R","E","?","T","?","?","?","R","M","R","BOSS"],"build_version":"2019-01-23","purchased_purges":3,"victory":false,"max_hp_per_floor":[70,70,70,70,70,70,70,70,70,70,70,70,80,80,80,80,80,80,80,80,80,80,80,80,80,80,80,80,80,80,80,80,80,80,80,80,80,80,80,80,80,80,80,70,70,70,70,70,70,70],"card_choices":[{"not_picked":["Finisher","Bouncing Flask"],"picked":"Choke","floor":1},{"not_picked":["Backflip","Catalyst"],"picked":"Endless Agony","floor":5},{"not_picked":["Unload","Flying Knee"],"picked":"Noxious Fumes","floor":6},{"not_picked":["Acrobatics","Outmaneuver"],"picked":"PiercingWail","floor":10},{"not_picked":["Dagger Throw","PiercingWail"],"picked":"Dagger Spray","floor":11},{"not_picked":["Outmaneuver","PiercingWail"],"picked":"Escape Plan","floor":13},{"not_picked":["Unload","Deflect"],"picked":"Escape Plan","floor":14},{"not_picked":["Grand Finale","Bullet Time"],"picked":"Glass Knife","floor":16},{"not_picked":["Prepared"],"picked":"SKIP","floor":18},{"not_picked":[],"picked":"Infinite Blades","floor":19},{"not_picked":["Bane"],"picked":"SKIP","floor":22},{"not_picked":[],"picked":"Sucker Punch","floor":24},{"not_picked":[],"picked":"Crippling Poison","floor":25},{"not_picked":[],"picked":"Dodge and Roll","floor":28},{"not_picked":["Grand Finale"],"picked":"SKIP","floor":29},{"not_picked":[],"picked":"Endless Agony","floor":31},{"not_picked":[],"picked":"Leg Sweep","floor":32},{"not_picked":["Blade Dance"],"picked":"SKIP","floor":35},{"not_picked":[],"picked":"Deadly Poison+1","floor":36},{"not_picked":[],"picked":"Predator","floor":38},{"not_picked":[],"picked":"Expertise+1","floor":41},{"not_picked":[],"picked":"Bouncing Flask","floor":46},{"not_picked":["Bane"],"picked":"SKIP","floor":48},{"not_picked":[],"picked":"Dash","floor":49}],"player_experience":1000698,"relics_obtained":[{"floor":6,"key":"Bronze Scales"},{"floor":9,"key":"Boot"},{"floor":13,"key":"Pear"},{"floor":14,"key":"Odd Mushroom"},{"floor":24,"key":"Dream Catcher"},{"floor":26,"key":"Tiny Chest"},{"floor":31,"key":"PreservedInsect"},{"floor":39,"key":"Ice Cream"},{"floor":41,"key":"Ninja Scroll"}],"event_choices":[{"damage_healed":0,"gold_gain":0,"player_choice":"Success","damage_taken":7,"relics_obtained":["Turnip"],"max_hp_gain":0,"max_hp_loss":0,"event_name":"Scrap Ooze","floor":3,"gold_loss":0},{"damage_healed":0,"gold_gain":66,"player_choice":"Gained Gold","damage_taken":0,"max_hp_gain":0,"max_hp_loss":0,"event_name":"Golden Wing","floor":4,"gold_loss":0},{"damage_healed":0,"gold_gain":0,"player_choice":"Fought Mushrooms","damage_taken":0,"max_hp_gain":0,"max_hp_loss":0,"event_name":"Mushrooms","floor":14,"gold_loss":0},{"cards_removed":["Strike_G"],"damage_healed":0,"gold_gain":0,"player_choice":"Purged","damage_taken":0,"max_hp_gain":0,"max_hp_loss":0,"event_name":"Purifier","floor":21,"gold_loss":0},{"damage_healed":0,"gold_gain":0,"player_choice":"Fight","damage_taken":0,"max_hp_gain":0,"max_hp_loss":0,"event_name":"Mysterious Sphere","floor":39,"gold_loss":0},{"damage_healed":70,"gold_gain":0,"player_choice":"Heal","damage_taken":0,"max_hp_gain":0,"max_hp_loss":10,"event_name":"The Moai Head","floor":44,"gold_loss":0}],"is_beta":false,"boss_relics":[{"not_picked":["Astrolabe","Ectoplasm"],"picked":"Busted Crown"},{"not_picked":["Velvet Choker","Black Star"],"picked":"Cursed Key"}],"items_purged_floors":[2,20,30],"is_endless":false,"potions_floor_spawned":[5,6,10,14,19,24,29,38,39,46],"killed_by":"Awakened One","ascension_level":13}