{"gold_per_floor":[119,119,133,133,133,133,168,185,185,185,197,230,250,10,10,87,87,98,98,116,132,16,16],"floor_reached":23,"playtime":770,"items_purged":["Strike_R"],"score":429,"play_id":"9f54a020-c414-4d6e-b4cb-2149b7779d9f","local_time":"20190807220313","is_ascension_mode":true,"campfire_choices":[{"data":"Uppercut","floor":6,"key":"SMITH"},{"data":"Flame Barrier","floor":10,"key":"SMITH"},{"floor":15,"key":"REST"}],"neow_cost":"NONE","seed_source_timestamp":450180308414500,"circlet_count":0,"master_deck":["AscendersBane","Strike_R","Strike_R","Strike_R","Strike_R+1","Defend_R","Defend_R","Defend_R","Defend_R","Bash","Flex+1","Uppercut+1","Flame Barrier+1","Shrug It Off","Metallicize","Metallicize","Clothesline","Enlightenment+1","Feel No Pain","Headbutt","Demon Form","Second Wind+1","Enlightenment+1","Shockwave+1","Flex+1","Flame Barrier+1"],"relics":["Burning Blood","NeowsBlessing","Bronze Scales","Vajra","Darkstone Periapt","Toxic Egg 2","Mark of Pain"],"potions_floor_usage":[12],"damage_taken":[{"damage":0,"enemies":"Small Slimes","floor":1,"turns":1},{"damage":0,"enemies":"Jaw Worm","floor":3,"turns":1},{"damage":0,"enemies":"Gremlin Nob","floor":7,"turns":1},{"damage":0,"enemies":"2 Louse","floor":8,"turns":1},{"damage":3,"enemies":"Exordium Thugs","floor":11,"turns":4},{"damage":18,"enemies":"3 Sentries","floor":12,"turns":9},{"damage":7,"enemies":"Looter","floor":13,"turns":3},{"damage":22,"enemies":"The Guardian","floor":16,"turns":13},{"damage":17,"enemies":"3 Byrds","floor":18,"turns":3},{"damage":1,"enemies":"Chosen","floor":20,"turns":6},{"damage":7,"enemies":"Snecko","floor":21,"turns":7},{"damage":65,"enemies":"Gremlin Leader","floor":23,"turns":5}],"seed_played":"-8276463893160465151","potions_obtained":[{"floor":1,"key":"FearPotion"},{"floor":7,"key":"Fire Potion"},{"floor":13,"key":"BloodPotion"},{"floor":20,"key":"LiquidBronze"}],"is_trial":false,"path_per_floor":["M","$","M","?","?","R","E","M","T","R","M","E","M","$","R","B",null,"M","?","M","M","$","E"],"character_chosen":"IRONCLAD","items_purchased":["Enlightenment+1","Feel No Pain","Headbutt","Flame Barrier+1"],"campfire_rested":1,"item_purchase_floors":[14,14,14,22],"current_hp_per_floor":[74,74,75,52,26,26,32,38,38,38,41,29,28,28,50,34,65,54,54,59,58,58,0],"gold":16,"neow_bonus":"THREE_ENEMY_KILL","is_prod":false,"is_daily":false,"chose_seed":false,"campfire_upgraded":2,"win_rate":0,"timestamp":1565208193,"path_taken":["M","$","M","?","?","R","E","M","T","R","M","E","M","?","R","BOSS","M","?","M","M","?","E"],"build_version":"2019-07-17","purchased_purges":1,"victory":false,"max_hp_per_floor":[75,75,75,75,75,75,75,75,75,75,75,75,75,75,75,75,75,75,75,75,75,75,75],"card_choices":[{"not_picked":["Heavy Blade","Twin Strike"],"picked":"Flex","floor":1},{"not_picked":["Iron Wave","Impervious"],"picked":"Uppercut","floor":3},{"not_picked":["Evolve","Havoc"],"picked":"Flame Barrier","floor":7},{"not_picked":["Blood for Blood","Pommel Strike"],"picked":"Shrug It Off","floor":8},{"not_picked":["Fire Breathing","Sentinel"],"picked":"Metallicize","floor":11},{"not_picked":["Dropkick","Sever Soul"],"picked":"Metallicize","floor":12},{"not_picked":["Sword Boomerang","Wild Strike"],"picked":"Clothesline","floor":13},{"not_picked":["Impervious+1","Dark Embrace"],"picked":"Demon Form","floor":16},{"not_picked":["Flame Barrier+1","Body Slam"],"picked":"Second Wind+1","floor":18},{"not_picked":["Shrug It Off+1","Uppercut"],"picked":"Shockwave+1","floor":20},{"not_picked":["Evolve","Dropkick"],"picked":"Flex+1","floor":21}],"player_experience":1810592,"relics_obtained":[{"floor":7,"key":"Vajra"},{"floor":9,"key":"Darkstone Periapt"},{"floor":12,"key":"Toxic Egg 2"}],"event_choices":[{"damage_healed":0,"gold_gain":0,"player_choice":"Entered Light","damage_taken":23,"max_hp_gain":0,"max_hp_loss":0,"event_name":"Shining Light","floor":4,"gold_loss":0,"cards_upgraded":["Flex","Strike_R"]},{"damage_healed":0,"gold_gain":0,"player_choice":"Success","damage_taken":26,"relics_obtained":["Bronze Scales"],"max_hp_gain":0,"max_hp_loss":0,"event_name":"Scrap Ooze","floor":5,"gold_loss":0},{"damage_healed":0,"gold_gain":0,"player_choice":"Copied","damage_taken":0,"max_hp_gain":0,"max_hp_loss":0,"event_name":"Duplicator","floor":19,"gold_loss":0,"cards_obtained":["Enlightenment"]}],"is_beta":false,"boss_relics":[{"not_picked":["Orrery","Empty Cage"],"picked":"Mark of Pain"}],"items_purged_floors":[22],"is_endless":false,"potions_floor_spawned":[1,7,13,16,20],"killed_by":"Gremlin Leader","ascension_level":18}