{"gold_per_floor":[109,125,125,125,125,125,157,169,169,180,196,222,222,253,253,330,330,340,352,352,2,22,22,57,57,84,149,160,175,43,58,58,58],"floor_reached":33,"playtime":1040,"items_purged":["Strike_R"],"score":631,"play_id":"303a0a00-3cde-468c-bf58-d696436e3855","local_time":"20190814182633","is_ascension_mode":true,"campfire_choices":[{"data":"True Grit","floor":6,"key":"SMITH"},{"data":"Bludgeon","floor":13,"key":"SMITH"},{"data":"Body Slam","floor":15,"key":"SMITH"},{"data":"Immolate","floor":23,"key":"SMITH"},{"data":"Armaments","floor":25,"key":"SMITH"},{"floor":32,"key":"REST"}],"neow_cost":"NONE","seed_source_timestamp":47749754251200,"circlet_count":0,"master_deck":["AscendersBane","Strike_R","Strike_R","Strike_R","Strike_R","Defend_R","Defend_R","Defend_R","Defend_R","Bash","Flame Barrier","True Grit+1","Immolate+1","Anger","Clothesline","Anger","Bludgeon+1","Body Slam+1","Feed","Iron Wave","Shrug It Off","Shrug It Off","Rage+1","Armaments+1","Flex","Thunderclap+1","Power Through","Anger","Demon Form","Whirlwind"],"relics":["Burning Blood","NeowsBlessing","Shuriken","Letter Opener","Happy Flower","Pen Nib","Philosopher\u0027s Stone","Torii","Boot","Dream Catcher","Tiny Chest"],"potions_floor_usage":[10,12,24,29,31,33],"damage_taken":[{"damage":0,"enemies":"Cultist","floor":1,"turns":1},{"damage":0,"enemies":"Jaw Worm","floor":2,"turns":1},{"damage":0,"enemies":"Lagavulin","floor":7,"turns":1},{"damage":4,"enemies":"2 Louse","floor":8,"turns":3},{"damage":15,"enemies":"Large Slime","floor":10,"turns":4},{"damage":11,"enemies":"Blue Slaver","floor":11,"turns":4},{"damage":10,"enemies":"3 Sentries","floor":12,"turns":5},{"damage":28,"enemies":"Lagavulin","floor":14,"turns":6},{"damage":23,"enemies":"Slime Boss","floor":16,"turns":6},{"damage":0,"enemies":"Chosen","floor":18,"turns":3},{"damage":7,"enemies":"Spheric Guardian","floor":19,"turns":3},{"damage":14,"enemies":"3 Cultists","floor":22,"turns":4},{"damage":8,"enemies":"Book of Stabbing","floor":24,"turns":4},{"damage":58,"enemies":"Gremlin Leader","floor":27,"turns":7},{"damage":2,"enemies":"Centurion and Healer","floor":28,"turns":8},{"damage":0,"enemies":"Snake Plant","floor":29,"turns":3},{"damage":13,"enemies":"Sentry and Sphere","floor":31,"turns":4},{"damage":69,"enemies":"Automaton","floor":33,"turns":8}],"seed_played":"-1161029026268824621","potions_obtained":[{"floor":1,"key":"Regen Potion"},{"floor":2,"key":"SteroidPotion"},{"floor":12,"key":"FairyPotion"},{"floor":18,"key":"Weak Potion"},{"floor":27,"key":"Ancient Potion"},{"floor":29,"key":"SteroidPotion"},{"floor":31,"key":"FearPotion"}],"is_trial":false,"path_per_floor":["M","M","$","?","$","R","E","M","T","M","M","E","R","E","R","B",null,"M","M","?","$","M","R","E","R","T","E","M","M","$","M","R","B"],"character_chosen":"IRONCLAD","items_purchased":["Torii","Shrug It Off","Anger"],"campfire_rested":1,"item_purchase_floors":[21,21,30],"current_hp_per_floor":[74,75,75,80,80,80,80,80,80,71,66,76,76,54,54,37,69,75,74,80,80,75,75,73,73,73,21,25,31,31,24,48,0],"gold":58,"neow_bonus":"THREE_ENEMY_KILL","is_prod":false,"is_daily":false,"chose_seed":false,"campfire_upgraded":5,"win_rate":0,"timestamp":1565799993,"path_taken":["M","?","$","?","?","R","E","M","T","M","M","E","R","E","R","BOSS","M","?","?","$","?","R","E","R","T","E","M","M","$","M","R","BOSS"],"build_version":"2019-07-17","purchased_purges":1,"victory":false,"max_hp_per_floor":[75,75,75,80,80,80,80,80,80,80,80,80,80,80,80,80,80,80,80,80,80,83,83,83,83,83,83,83,83,83,83,83,83],"card_choices":[{"not_picked":["Second Wind","Twin Strike"],"picked":"Flame Barrier","floor":1},{"not_picked":["Hemokinesis","Blood for Blood"],"picked":"True Grit","floor":2},{"not_picked":["Heavy Blade","Headbutt"],"picked":"Immolate","floor":7},{"not_picked":["Headbutt","Armaments"],"picked":"Anger","floor":8},{"not_picked":["Clash","Searing Blow"],"picked":"Clothesline","floor":10},{"not_picked":["Wild Strike","Clothesline"],"picked":"Anger","floor":11},{"not_picked":["Sentinel","Body Slam"],"picked":"Bludgeon","floor":12},{"not_picked":["Burning Pact","Flex"],"picked":"Body Slam","floor":14},{"not_picked":["Reaper","Impervious"],"picked":"Feed","floor":16},{"not_picked":["Hemokinesis","Cleave"],"picked":"Iron Wave","floor":18},{"not_picked":["Perfected Strike","Evolve"],"picked":"Shrug It Off","floor":19},{"not_picked":["Corruption","Pommel Strike"],"picked":"Rage+1","floor":22},{"not_picked":["Body Slam","Wild Strike"],"picked":"Armaments","floor":24},{"not_picked":["Heavy Blade","Feed"],"picked":"Flex","floor":27},{"not_picked":["Wild Strike","Rage"],"picked":"Thunderclap+1","floor":28},{"not_picked":["Clash","Havoc"],"picked":"Power Through","floor":29},{"not_picked":["Shockwave","Heavy Blade"],"picked":"Demon Form","floor":31},{"not_picked":["Searing Blow","Iron Wave"],"picked":"Whirlwind","floor":32}],"player_experience":1887617,"relics_obtained":[{"floor":7,"key":"Shuriken"},{"floor":9,"key":"Letter Opener"},{"floor":12,"key":"Happy Flower"},{"floor":14,"key":"Pen Nib"},{"floor":24,"key":"Boot"},{"floor":26,"key":"Dream Catcher"},{"floor":27,"key":"Tiny Chest"}],"event_choices":[{"damage_healed":0,"gold_gain":0,"player_choice":"Donut","damage_taken":0,"max_hp_gain":5,"max_hp_loss":0,"event_name":"Big Fish","floor":4,"gold_loss":0},{"damage_healed":6,"gold_gain":0,"player_choice":"Full Heal","damage_taken":0,"max_hp_gain":0,"max_hp_loss":0,"event_name":"Wheel of Change","floor":20,"gold_loss":0}],"is_beta":false,"boss_relics":[{"not_picked":["Eternal Feather","Tiny House"],"picked":"Philosopher\u0027s Stone"}],"items_purged_floors":[30],"is_endless":false,"potions_floor_spawned":[1,2,8,12,18,27,29,31],"killed_by":"Automaton","ascension_level":18}