{"gold_per_floor":[119,136,196,208,208,208,240,240,240,273,285,285,301,330,330,407,407,419,419,184,196,146,162,162,197,197,226,226,70,70,87,87,87],"floor_reached":33,"playtime":1154,"items_purged":["Anger"],"score":681,"play_id":"76803822-dfc9-414e-9503-e52e5640061f","local_time":"20190413025920","is_ascension_mode":true,"campfire_choices":[{"data":"Feed","floor":6.0,"key":"SMITH"},{"data":"Bash","floor":8.0,"key":"SMITH"},{"data":"Inflame","floor":12.0,"key":"SMITH"},{"floor":15.0,"key":"REST"},{"data":"Limit Break","floor":24.0,"key":"SMITH"},{"floor":28.0,"key":"REST"},{"data":"Flame Barrier","floor":32.0,"key":"SMITH"}],"neow_cost":"NONE","seed_source_timestamp":29360260420289,"circlet_count":0,"master_deck":["AscendersBane","Defend_R+1","Defend_R","Defend_R","Defend_R","Bash+1","Feed+1","Inflame+1","Shrug It Off+1","Shockwave","Juggernaut+1","Flame Barrier+1","Bite+1","Bite+1","Bite+1","Bite+1","Bite+1","Limit Break+1","Corruption+1","Whirlwind+1","Pommel Strike+1","Feel No Pain+1"],"special_seed":0,"relics":["Burning Blood","NeowsBlessing","Singing Bowl","Molten Egg 2","Bag of Preparation","Frozen Egg 2","Mark of Pain","Ancient Tea Set","Bottled Tornado","Kunai","MutagenicStrength"],"potions_floor_usage":[33],"damage_taken":[{"damage":0.0,"enemies":"Jaw Worm","floor":1.0,"turns":1.0},{"damage":0.0,"enemies":"Small Slimes","floor":2.0,"turns":1.0},{"damage":0.0,"enemies":"Cultist","floor":4.0,"turns":2.0},{"damage":42.0,"enemies":"Lagavulin","floor":7.0,"turns":6.0},{"damage":32.0,"enemies":"Gremlin Nob","floor":10.0,"turns":4.0},{"damage":11.0,"enemies":"Red Slaver","floor":11.0,"turns":5.0},{"damage":0.0,"enemies":"2 Fungi Beasts","floor":13.0,"turns":4.0},{"damage":30.0,"enemies":"Lagavulin","floor":14.0,"turns":5.0},{"damage":31.0,"enemies":"The Guardian","floor":16.0,"turns":11.0},{"damage":26.0,"enemies":"Shell Parasite","floor":18.0,"turns":6.0},{"damage":17.0,"enemies":"Chosen","floor":21.0,"turns":5.0},{"damage":7.0,"enemies":"Snake Plant","floor":23.0,"turns":3.0},{"damage":80.0,"enemies":"Gremlin Leader","floor":25.0,"turns":7.0},{"damage":0.0,"enemies":"Slavers","floor":27.0,"turns":1.0},{"damage":24.0,"enemies":"Sentry and Sphere","floor":31.0,"turns":4.0},{"damage":65,"enemies":"Automaton","floor":33,"turns":8}],"seed_played":"1225427993412071174","potions_obtained":[{"floor":4.0,"key":"AttackPotion"},{"floor":10.0,"key":"Energy Potion"},{"floor":13.0,"key":"Ancient Potion"},{"floor":18.0,"key":"SteroidPotion"},{"floor":25.0,"key":"SkillPotion"},{"floor":31.0,"key":"EssenceOfSteel"}],"is_trial":false,"path_per_floor":["M","M","?","M","?","R","E","R","T","E","M","R","M","E","R","B",null,"M","?","$","M","?","M","R","E","T","E","R","$","?","M","R","B"],"character_chosen":"IRONCLAD","items_purchased":["Limit Break","Corruption+1","Feel No Pain+1"],"campfire_rested":2,"item_purchase_floors":[20,20,29],"current_hp_per_floor":[74,75,75,78,83,83,53,53,53,27,24,24,36,12,41,16,77,57,57,57,62,62,71,71,21,21,29,52,52,52,51,51,22],"gold":87,"neow_bonus":"THREE_ENEMY_KILL","is_prod":false,"is_daily":false,"chose_seed":false,"campfire_upgraded":5,"win_rate":0,"timestamp":1555117160,"path_taken":["M","M","?","M","?","R","E","R","T","E","M","R","M","E","R","BOSS","M","?","$","M","?","?","R","E","T","E","R","?","?","M","R","BOSS"],"build_version":"2019-01-23","purchased_purges":1,"victory":false,"max_hp_per_floor":[75,75,75,78,83,83,89,89,89,89,91,91,97,97,97,97,97,97,67,67,71,71,71,71,77,77,79,79,79,79,81,81,81],"card_choices":[{"not_picked":["Headbutt","Wild Strike"],"picked":"Anger","floor":1.0},{"not_picked":["Twin Strike","Pummel"],"picked":"Feed","floor":2.0},{"not_picked":["Corruption","Ghostly Armor"],"picked":"Inflame","floor":4.0},{"not_picked":["Perfected Strike","Double Tap","Twin Strike"],"picked":"Singing Bowl","floor":7.0},{"not_picked":["Twin Strike+1","Headbutt+1"],"picked":"Shrug It Off","floor":10.0},{"not_picked":["Shockwave","Shrug It Off","Fire Breathing"],"picked":"Singing Bowl","floor":11.0},{"not_picked":["Perfected Strike+1","Fiend Fire+1","Warcry"],"picked":"Singing Bowl","floor":13.0},{"not_picked":["Wild Strike+1","Fire Breathing"],"picked":"Shockwave","floor":14.0},{"not_picked":["Reaper+1","Dark Embrace+1"],"picked":"Juggernaut+1","floor":16.0},{"not_picked":["Hemokinesis+1","Twin Strike+1"],"picked":"Flame Barrier","floor":18.0},{"not_picked":["Corruption+1","Burning Pact"],"picked":"Whirlwind+1","floor":21.0},{"not_picked":["Cleave+1","Armaments+1"],"picked":"Pommel Strike+1","floor":23.0},{"not_picked":["Uppercut+1","Warcry","Metallicize+1"],"picked":"Singing Bowl","floor":25.0},{"not_picked":["Sword Boomerang+1","Spot Weakness","Armaments"],"picked":"Singing Bowl","floor":27.0},{"not_picked":["Second Wind","Heavy Blade+1","Flex"],"picked":"Singing Bowl","floor":31.0}],"player_experience":771087,"relics_obtained":[{"floor":7.0,"key":"Singing Bowl"},{"floor":9.0,"key":"Molten Egg 2"},{"floor":10.0,"key":"Bag of Preparation"},{"floor":14.0,"key":"Frozen Egg 2"},{"floor":25.0,"key":"Ancient Tea Set"},{"floor":26.0,"key":"Bottled Tornado"},{"floor":27.0,"key":"Kunai"}],"event_choices":[{"damage_healed":0.0,"max_hp_gain":0.0,"max_hp_loss":0.0,"gold_gain":60.0,"event_name":"Golden Wing","player_choice":"Gained Gold","floor":3.0,"gold_loss":0.0,"damage_taken":0.0},{"damage_healed":0.0,"max_hp_gain":5.0,"max_hp_loss":0.0,"gold_gain":0.0,"event_name":"Big Fish","player_choice":"Donut","floor":5.0,"gold_loss":0.0,"damage_taken":0.0},{"damage_healed":0.0,"max_hp_gain":0.0,"max_hp_loss":30.0,"gold_gain":0.0,"event_name":"Vampires","player_choice":"Became a vampire","floor":19.0,"gold_loss":0.0,"damage_taken":0.0,"cards_obtained":["Bite","Bite","Bite","Bite","Bite"]},{"damage_healed":0.0,"max_hp_gain":0.0,"max_hp_loss":0.0,"gold_gain":0.0,"event_name":"Designer","player_choice":"Upgraded Two","floor":22.0,"gold_loss":50.0,"damage_taken":0.0,"cards_upgraded":["Shrug It Off","Defend_R"]},{"damage_healed":0.0,"max_hp_gain":0.0,"max_hp_loss":0.0,"gold_gain":0.0,"event_name":"Drug Dealer","player_choice":"Inject Mutagens","floor":30.0,"gold_loss":0.0,"damage_taken":0.0,"relics_obtained":["MutagenicStrength"]}],"is_beta":false,"boss_relics":[{"not_picked":["Eternal Feather","Fusion Hammer"],"picked":"Mark of Pain"}],"items_purged_floors":[29],"is_endless":false,"potions_floor_spawned":[4,10,13,18,25,31],"killed_by":"Automaton","ascension_level":20}