{"gold_per_floor":[110,110,122,138,155,155,216,216,239,249,249,266,297,312,312,414,414,431,356,281,295,14,42,42,42,94,94,137,137,177,214,214,340,340,381,381,399,349,440,440,450,33,33,76,86,112,122,142,142,142],"floor_reached":51,"playtime":2696,"items_purged":["Strike_R","Strike_R","Strike_R"],"score":930,"play_id":"28a7be1b-f3fa-4a27-9838-c6dd05e271b9","local_time":"20190324074116","is_ascension_mode":false,"campfire_choices":[{"data":"True Grit","floor":6.0,"key":"SMITH"},{"data":"Cleave","floor":8.0,"key":"SMITH"},{"data":"Bash","floor":11.0,"key":"SMITH"},{"data":"Rampage","floor":15,"key":"SMITH"},{"data":"Barricade","floor":24,"key":"SMITH"},{"data":"HandOfGreed","floor":27,"key":"SMITH"},{"data":"Defend_R","floor":29,"key":"SMITH"},{"data":"Defend_R","floor":32,"key":"SMITH"},{"floor":40,"key":"REST"},{"floor":49,"key":"REST"}],"neow_cost":"","seed_source_timestamp":0,"circlet_count":0,"master_deck":["Strike_R+1","Defend_R","Defend_R","Defend_R+1","Defend_R+1","Bash+1","Battle Trance+1","Cleave+1","True Grit+1","Barricade+1","Rampage+1","Flame Barrier+1","HandOfGreed+1","Body Slam+1","Disarm+1","Offering","Shockwave+1"],"special_seed":0,"relics":["Burning Blood","Anchor","PreservedInsect","Ancient Tea Set","Philosopher\u0027s Stone","Membership Card","Unceasing Top","Mango","Vajra","Velvet Choker","Pocketwatch","Pen Nib","Medical Kit","Gremlin Horn","Calipers"],"potions_floor_usage":[50],"damage_taken":[{"damage":6.0,"enemies":"Cultist","floor":1.0,"turns":3.0},{"damage":6.0,"enemies":"Jaw Worm","floor":3.0,"turns":4.0},{"damage":0.0,"enemies":"2 Louse","floor":4.0,"turns":2.0},{"damage":12.0,"enemies":"Red Slaver","floor":5.0,"turns":7.0},{"damage":32.0,"enemies":"Gremlin Nob","floor":7.0,"turns":4.0},{"damage":0.0,"enemies":"Looter","floor":10.0,"turns":2.0},{"damage":0.0,"enemies":"Lots of Slimes","floor":12.0,"turns":1.0},{"damage":6.0,"enemies":"Gremlin Nob","floor":13.0,"turns":3.0},{"damage":9,"enemies":"Blue Slaver","floor":14,"turns":4},{"damage":3,"enemies":"The Guardian","floor":16,"turns":12},{"damage":9,"enemies":"2 Thieves","floor":18,"turns":4},{"damage":2,"enemies":"Chosen","floor":21,"turns":6},{"damage":24,"enemies":"Book of Stabbing","floor":23,"turns":5},{"damage":2,"enemies":"Centurion and Healer","floor":28,"turns":5},{"damage":0,"enemies":"Cultist and Chosen","floor":30,"turns":8},{"damage":0,"enemies":"Snake Plant","floor":31,"turns":4},{"damage":0,"enemies":"Champ","floor":33,"turns":11},{"damage":10,"enemies":"3 Darklings","floor":35,"turns":8},{"damage":14,"enemies":"Orb Walker","floor":37,"turns":3},{"damage":46,"enemies":"4 Shapes","floor":39,"turns":8},{"damage":6,"enemies":"Transient","floor":41,"turns":5},{"damage":6,"enemies":"Sphere and 2 Shapes","floor":44,"turns":5},{"damage":6,"enemies":"Spire Growth","floor":45,"turns":3},{"damage":0,"enemies":"Giant Head","floor":46,"turns":7},{"damage":0,"enemies":"Maw","floor":47,"turns":8},{"damage":0,"enemies":"3 Darklings","floor":48,"turns":3},{"damage":12,"enemies":"Awakened One","floor":50,"turns":8}],"seed_played":"-8337614904066928501","potions_obtained":[{"floor":3.0,"key":"Poison Potion"},{"floor":4.0,"key":"FearPotion"},{"floor":16,"key":"Fire Potion"},{"floor":23,"key":"FearPotion"},{"floor":28,"key":"GamblersBrew"},{"floor":30,"key":"Block Potion"},{"floor":35,"key":"SpeedPotion"}],"is_trial":false,"path_per_floor":["M","?","M","M","M","R","?","R","T","M","R","M","E","M","R","B",null,"M","$","?","M","$","E","R","?","T","R","M","R","M","M","R","B",null,"M","?","M","$","M","R","M","$","T","M","M","E","M","M","R","B",null],"character_chosen":"IRONCLAD","items_purchased":["Membership Card","HandOfGreed","Pocketwatch","Pen Nib","Medical Kit","GamblersBrew"],"campfire_rested":2,"item_purchase_floors":[22,22,42,42,42,42],"current_hp_per_floor":[80,64,64,70,64,64,38,38,38,44,44,50,50,47,47,50,80,77,77,77,80,80,62,62,76,76,76,80,80,86,92,92,94,94,90,90,82,82,42,70,70,70,70,70,70,76,82,88,94,88],"gold":142,"neow_bonus":"","is_prod":false,"is_daily":false,"chose_seed":false,"campfire_upgraded":8,"win_rate":0.0,"timestamp":1553438476,"path_taken":["M","?","M","M","M","R","?","R","T","M","R","M","E","M","R","BOSS","M","$","?","M","$","E","R","?","T","R","M","R","M","?","R","BOSS","M","?","?","$","M","R","M","$","T","M","M","E","M","M","R","BOSS"],"build_version":"2019-01-23","purchased_purges":3,"victory":true,"max_hp_per_floor":[80,80,80,80,80,80,80,80,80,80,80,80,80,80,80,80,80,80,80,80,80,80,80,80,94,94,94,94,94,94,94,94,94,94,94,94,94,94,94,94,94,94,94,94,94,94,94,94,94,94],"card_choices":[{"not_picked":["Perfected Strike","Disarm"],"picked":"Battle Trance","floor":1.0},{"not_picked":["Perfected Strike","Shrug It Off"],"picked":"Cleave","floor":3.0},{"not_picked":["Anger","Entrench"],"picked":"True Grit","floor":4.0},{"not_picked":["True Grit","Flex","Pummel"],"picked":"SKIP","floor":5.0},{"not_picked":["Iron Wave","Feel No Pain"],"picked":"Pommel Strike","floor":7.0},{"not_picked":["Anger","Clash","Perfected Strike"],"picked":"SKIP","floor":10.0},{"not_picked":["Battle Trance","Berserk","Body Slam"],"picked":"SKIP","floor":12.0},{"not_picked":["Sword Boomerang","Twin Strike"],"picked":"Barricade","floor":13.0},{"not_picked":["Shrug It Off","Armaments"],"picked":"Rampage","floor":14},{"not_picked":["Searing Blow","Headbutt"],"picked":"Flame Barrier+1","floor":18},{"not_picked":["Perfected Strike","Iron Wave+1","Thunderclap+1"],"picked":"SKIP","floor":21},{"not_picked":["Combust","Clothesline+1","Headbutt"],"picked":"SKIP","floor":23},{"not_picked":["Clothesline","True Grit"],"picked":"Body Slam+1","floor":28},{"not_picked":["Ghostly Armor","Reckless Charge"],"picked":"Disarm+1","floor":30},{"not_picked":["Rampage","Cleave+1","Uppercut"],"picked":"SKIP","floor":31},{"not_picked":["Juggernaut","Feed"],"picked":"Offering","floor":33},{"not_picked":["Rupture","True Grit","Armaments+1"],"picked":"SKIP","floor":35},{"not_picked":["Inflame+1","True Grit","Sever Soul+1"],"picked":"SKIP","floor":37},{"not_picked":["Clothesline+1","Clash+1","Cleave"],"picked":"SKIP","floor":39},{"not_picked":["Flex+1","Clothesline","Feel No Pain"],"picked":"SKIP","floor":41},{"not_picked":["Corruption+1","Demon Form","Sever Soul+1"],"picked":"SKIP","floor":44},{"not_picked":["Sword Boomerang+1","Whirlwind","Infernal Blade"],"picked":"SKIP","floor":45},{"not_picked":["Clash+1","Warcry","Juggernaut"],"picked":"SKIP","floor":46},{"not_picked":["Uppercut","Disarm","Dropkick"],"picked":"SKIP","floor":47},{"not_picked":["Body Slam+1","Clothesline"],"picked":"Shockwave+1","floor":48}],"player_experience":0,"relics_obtained":[{"floor":7.0,"key":"Anchor"},{"floor":9.0,"key":"PreservedInsect"},{"floor":13.0,"key":"Ancient Tea Set"},{"floor":23,"key":"Unceasing Top"},{"floor":26,"key":"Vajra"},{"floor":43,"key":"Gremlin Horn"},{"floor":46,"key":"Calipers"}],"event_choices":[{"damage_healed":0.0,"max_hp_gain":0.0,"max_hp_loss":0.0,"gold_gain":0.0,"event_name":"Shining Light","player_choice":"Entered Light","floor":2.0,"gold_loss":0.0,"damage_taken":16.0,"cards_upgraded":["Battle Trance","Strike_R"]},{"damage_healed":0.0,"max_hp_gain":0.0,"max_hp_loss":0.0,"gold_gain":0.0,"event_name":"Dead Adventurer","player_choice":"Searched \u00272\u0027 times","floor":7.0,"gold_loss":0.0,"damage_taken":0.0},{"cards_removed":["Strike_R"],"damage_healed":0,"gold_gain":0,"player_choice":"Gave Gold","damage_taken":0,"max_hp_gain":0,"max_hp_loss":0,"event_name":"Beggar","floor":20,"gold_loss":75},{"cards_removed":["Pommel Strike"],"damage_healed":0,"gold_gain":0,"player_choice":"Gave Card","damage_taken":0,"relics_obtained":["Mango"],"max_hp_gain":0,"max_hp_loss":0,"event_name":"WeMeetAgain","floor":25,"gold_loss":0},{"damage_healed":0,"gold_gain":0,"player_choice":"Ignored","damage_taken":0,"max_hp_gain":0,"max_hp_loss":0,"event_name":"SecretPortal","floor":36,"gold_loss":0}],"is_beta":false,"boss_relics":[{"not_picked":["Coffee Dripper","Fusion Hammer"],"picked":"Philosopher\u0027s Stone"},{"not_picked":["Black Blood","Eternal Feather"],"picked":"Velvet Choker"}],"items_purged_floors":[19,38,42],"is_endless":false,"potions_floor_spawned":[3,4,16,23,28,30,35,37,44,47],"ascension_level":0}