{"gold_per_floor":[115,129,129,129,142,142,166,199,281,231,285,285,62,26,26,152,152,171,71,71,84,107,107,120,138,138,162,162,182,23,23,23,143,143,168,181,181,56,74,74,74,99,99,19,42,105,57,73,73,73],"floor_reached":50,"playtime":2583,"items_purged":["Strike_G","Strike_G","Shame"],"score":519,"play_id":"7879d2bf-f724-4278-a0e1-66a12cc9694b","local_time":"20190609232645","is_ascension_mode":false,"campfire_choices":[{"floor":6,"key":"REST"},{"floor":15,"key":"REST"},{"data":"Catalyst","floor":23,"key":"SMITH"},{"floor":32,"key":"REST"},{"data":"Catalyst","floor":40,"key":"SMITH"},{"floor":49,"key":"RECALL"}],"neow_cost":"NONE","seed_source_timestamp":74553983255125,"circlet_count":0,"master_deck":["Defend_G+1","Defend_G+1","Defend_G+1","Defend_G+1","Defend_G+1","Strike_G+1","Strike_G+1","Survivor","Neutralize","Backflip","Crippling Poison","Noxious Fumes","Catalyst+1","Corpse Explosion","Catalyst+1","Bouncing Flask+1","Backflip","Adrenaline","Burst","Corpse Explosion","Dash","Crippling Poison+1","Deflect","Deflect+1"],"relics":["Philosopher\u0027s Stone","StoneCalendar","Golden Idol","Bag of Marbles","Singing Bowl","Ancient Tea Set","PreservedInsect","Runic Pyramid","Letter Opener","Lantern","Ice Cream"],"potions_floor_usage":[8,8,16,18,24,24,29,33,33,42,46,48,50],"damage_taken":[{"damage":0,"enemies":"2 Louse","floor":1,"turns":3},{"damage":1,"enemies":"Small Slimes","floor":2,"turns":5},{"damage":3,"enemies":"Cultist","floor":5,"turns":5},{"damage":2,"enemies":"Red Slaver","floor":7,"turns":5},{"damage":45,"enemies":"Gremlin Nob","floor":8,"turns":6},{"damage":6,"enemies":"The Guardian","floor":16,"turns":8},{"damage":1,"enemies":"Shell Parasite","floor":18,"turns":5},{"damage":2,"enemies":"Spheric Guardian","floor":21,"turns":3},{"damage":13,"enemies":"Cultist and Chosen","floor":22,"turns":5},{"damage":3,"enemies":"Snake Plant","floor":24,"turns":3},{"damage":16,"enemies":"Centurion and Healer","floor":25,"turns":3},{"damage":21,"enemies":"Sentry and Sphere","floor":27,"turns":5},{"damage":0,"enemies":"Snecko","floor":29,"turns":3},{"damage":12,"enemies":"Collector","floor":33,"turns":3},{"damage":17,"enemies":"Orb Walker","floor":35,"turns":4},{"damage":3,"enemies":"3 Shapes","floor":36,"turns":3},{"damage":0,"enemies":"3 Darklings","floor":39,"turns":2},{"damage":18,"enemies":"Writhing Mass","floor":42,"turns":3},{"damage":0,"enemies":"Transient","floor":45,"turns":5},{"damage":8,"enemies":"2 Orb Walkers","floor":46,"turns":3},{"damage":0,"enemies":"Jaw Worm Horde","floor":48,"turns":2},{"damage":42,"enemies":"Awakened One","floor":50,"turns":7}],"seed_played":"-7153611162957722155","potions_obtained":[{"floor":2,"key":"SkillPotion"},{"floor":5,"key":"Regen Potion"},{"floor":7,"key":"Strength Potion"},{"floor":16,"key":"EssenceOfSteel"},{"floor":18,"key":"Ancient Potion"},{"floor":21,"key":"SpeedPotion"},{"floor":22,"key":"Weak Potion"},{"floor":28,"key":"AttackPotion"},{"floor":28,"key":"SteroidPotion"},{"floor":29,"key":"Swift Potion"},{"floor":39,"key":"Poison Potion"},{"floor":45,"key":"SkillPotion"},{"floor":46,"key":"Swift Potion"},{"floor":48,"key":"Energy Potion"}],"is_trial":false,"path_per_floor":["M","M","?","?","M","R","M","E","T","?","T","?","$","?","R","B",null,"M","$","?","M","M","R","M","M","T","M","?","M","$","?","R","B",null,"M","M","?","$","M","R","?","M","T","$","M","?","$","M","R","B"],"character_chosen":"THE_SILENT","items_purchased":["PreservedInsect","Adrenaline","Dash","Deflect"],"campfire_rested":3,"item_purchase_floors":[13,30,44,47],"current_hp_per_floor":[70,69,69,52,49,70,68,37,37,37,37,30,30,30,51,45,70,71,71,71,69,58,58,57,43,43,22,22,22,22,22,45,33,78,63,62,62,62,64,64,64,46,46,46,48,40,40,40,40,0],"gold":73,"neow_bonus":"BOSS_RELIC","is_prod":false,"is_daily":false,"chose_seed":false,"campfire_upgraded":2,"win_rate":0,"timestamp":1560137205,"path_taken":["M","M","?","?","M","R","M","E","T","?","?","?","$","?","R","BOSS","M","$","?","M","M","R","M","M","T","M","?","?","?","?","R","BOSS","M","M","?","$","M","R","?","M","T","?","?","?","$","M","R","BOSS"],"build_version":"2019-01-23","purchased_purges":3,"victory":false,"max_hp_per_floor":[70,70,70,70,70,70,70,70,70,70,70,70,70,70,70,70,70,72,72,72,72,74,74,76,78,78,78,78,78,78,78,78,78,78,80,82,82,82,84,84,84,84,84,84,86,86,86,86,86,86],"card_choices":[{"not_picked":["Flying Knee","Masterful Stab"],"picked":"Backflip","floor":1},{"not_picked":["Setup","Cloak And Dagger"],"picked":"Crippling Poison","floor":2},{"not_picked":["Prepared","Expertise"],"picked":"Noxious Fumes","floor":5},{"not_picked":["Deadly Poison","Deflect"],"picked":"Catalyst","floor":7},{"not_picked":["Flying Knee","Deflect"],"picked":"Poisoned Stab","floor":8},{"not_picked":["Venomology","Night Terror"],"picked":"Corpse Explosion","floor":16},{"not_picked":["Footwork","Underhanded Strike","Prepared+1"],"picked":"Singing Bowl","floor":18},{"not_picked":["Acrobatics","Underhanded Strike"],"picked":"Catalyst","floor":21},{"not_picked":["Bane","Outmaneuver","Terror"],"picked":"Singing Bowl","floor":22},{"not_picked":["Quick Slash","Outmaneuver+1","Slice"],"picked":"Singing Bowl","floor":24},{"not_picked":["Doppelganger","Dodge and Roll","Acrobatics"],"picked":"Singing Bowl","floor":25},{"not_picked":["Dodge and Roll","Terror"],"picked":"Bouncing Flask+1","floor":27},{"not_picked":["Slice","Deflect"],"picked":"Backflip","floor":29},{"not_picked":["Storm of Steel","Doppelganger"],"picked":"Burst","floor":33},{"not_picked":["Dagger Throw+1","PiercingWail","Footwork+1"],"picked":"Singing Bowl","floor":35},{"not_picked":["PiercingWail+1","Sucker Punch","Blur"],"picked":"Singing Bowl","floor":36},{"not_picked":["Quick Slash","PiercingWail","Slice+1"],"picked":"Singing Bowl","floor":39},{"not_picked":["Cloak And Dagger+1","Masterful Stab+1"],"picked":"Corpse Explosion","floor":42},{"not_picked":["Sucker Punch","Outmaneuver+1","Cloak And Dagger"],"picked":"Singing Bowl","floor":45},{"not_picked":["Infinite Blades+1","Reflex"],"picked":"Crippling Poison+1","floor":46},{"not_picked":["Bane+1","Dagger Throw"],"picked":"Deflect+1","floor":48}],"player_experience":184363,"relics_obtained":[{"floor":8,"key":"Bag of Marbles"},{"floor":9,"key":"Singing Bowl"},{"floor":11,"key":"Ancient Tea Set"},{"floor":26,"key":"Lantern"},{"floor":46,"key":"Ice Cream"}],"event_choices":[{"damage_healed":0,"gold_gain":0,"player_choice":"Box","damage_taken":0,"relics_obtained":["StoneCalendar"],"max_hp_gain":0,"max_hp_loss":0,"event_name":"Big Fish","floor":3,"gold_loss":0,"cards_obtained":["Regret"]},{"damage_healed":0,"gold_gain":0,"player_choice":"Take Damage","damage_taken":17,"relics_obtained":["Golden Idol"],"max_hp_gain":0,"max_hp_loss":0,"event_name":"Golden Idol","floor":4,"gold_loss":0},{"cards_removed":["Regret"],"damage_healed":0,"gold_gain":0,"player_choice":"Card Removal","damage_taken":0,"max_hp_gain":0,"max_hp_loss":0,"event_name":"The Cleric","floor":10,"gold_loss":50},{"cards_removed":["Strike_G"],"damage_healed":0,"gold_gain":0,"player_choice":"Card Removal","damage_taken":7,"max_hp_gain":0,"max_hp_loss":0,"event_name":"Golden Wing","floor":12,"gold_loss":0},{"damage_healed":0,"gold_gain":0,"player_choice":"Left Gold","damage_taken":0,"max_hp_gain":0,"max_hp_loss":0,"event_name":"World of Goop","floor":14,"gold_loss":36},{"damage_healed":0,"gold_gain":0,"player_choice":"Stole Relic","damage_taken":0,"relics_obtained":["Letter Opener"],"max_hp_gain":0,"max_hp_loss":0,"event_name":"Addict","floor":20,"gold_loss":0,"cards_obtained":["Shame"]},{"damage_healed":0,"gold_gain":0,"player_choice":"Got Potions","damage_taken":0,"max_hp_gain":0,"max_hp_loss":0,"event_name":"Lab","floor":28,"gold_loss":0},{"damage_healed":0,"gold_gain":0,"player_choice":"Simplicity","damage_taken":0,"max_hp_gain":0,"max_hp_loss":0,"event_name":"Back to Basics","floor":31,"gold_loss":0,"cards_upgraded":["Defend_G","Defend_G","Defend_G","Defend_G","Defend_G","Strike_G","Strike_G"]},{"cards_removed":["Poisoned Stab"],"damage_healed":0,"gold_gain":0,"player_choice":"Removed Attack","damage_taken":0,"max_hp_gain":0,"max_hp_loss":0,"event_name":"Falling","floor":37,"gold_loss":0},{"damage_healed":0,"gold_gain":0,"player_choice":"Ignored","damage_taken":0,"max_hp_gain":0,"max_hp_loss":0,"event_name":"Tomb of Lord Red Mask","floor":41,"gold_loss":0},{"damage_healed":0,"gold_gain":0,"player_choice":"Fight","damage_taken":0,"max_hp_gain":0,"max_hp_loss":0,"event_name":"Mysterious Sphere","floor":46,"gold_loss":0}],"is_beta":false,"boss_relics":[{"not_picked":["Eternal Feather","Orrery"],"picked":"Runic Pyramid"},{"not_picked":["Snecko Eye","Astrolabe","Pandora\u0027s Box"]}],"items_purged_floors":[13,19,38],"is_endless":false,"potions_floor_spawned":[2,5,7,16,18,21,22,29,39,45,46,48],"killed_by":"Awakened One","ascension_level":0}