{"path_per_floor":["M","M","$","M","?","R","E","M","T","E","R","M","E","?","R","B",null,"M","?","$","M","M","R","M","?","T","E","M","M","M","$","R","B",null,"M","M","?","$","?","R","M","R","T","R","M"],"character_chosen":"IRONCLAD","items_purchased":["Shockwave","Metallicize","Block Potion","Regen Potion"],"gold_per_floor":[113,123,41,55,55,55,82,100,100,132,132,150,176,176,176,274,274,214,214,143,143,143,143,143,143,143,143,143,143,143,44,44,44,44,44,44,44,44,44,44,44,44,44,44,44],"floor_reached":46,"campfire_rested":1,"playtime":2323,"current_hp_per_floor":[72,75,75,72,77,77,64,67,67,49,74,68,61,61,61,32,72,60,60,60,49,46,46,44,50,50,31,46,52,38,38,38,18,73,77,63,63,63,51,63,49,61,61,73,24],"items_purged":[],"gold":44,"score":581,"play_id":"b7dbd00a-3c4b-4825-9439-a0393284471c","is_prod":false,"is_daily":false,"is_ascension_mode":true,"campfire_upgraded":7,"path_taken":["M","M","$","?","?","R","E","M","T","E","R","M","E","?","R","BOSS","M","?","$","M","M","R","M","?","T","E","?","M","?","?","R","BOSS","M","M","?","$","?","R","?","R","T","R","M","M"],"build_version":"2018-02-22-PROD2","purchased_purges":1,"victory":false,"master_deck":["Strike_R","Strike_R","Strike_R","Strike_R","Strike_R","Defend_R","Defend_R","Defend_R","Defend_R","Bash+1","Pommel Strike","Seeing Red","Shockwave","Shrug It Off+1","Seeing Red+1","Pommel Strike","Disarm","Rampage","Shrug It Off","Barricade+1","Finesse","Berserk+1","Shrug It Off+1","Metallicize","Sword Boomerang+1","Writhe","Feed","Inflame+1","Demon Form+1","Madness","Madness","Heavy Blade"],"max_hp_per_floor":[80,80,80,80,85,85,85,85,85,85,85,85,85,85,85,85,85,85,85,85,85,85,85,85,91,91,91,91,91,91,91,91,91,91,91,94,94,94,94,94,94,94,94,94,97],"relics":["Burning Blood","Dream Catcher","Darkstone Periapt","Bronze Scales","Mummified Hand","Ectoplasm","Smiling Mask","Oddly Smooth Stone","Bag of Marbles","Eternal Feather","Tiny Chest"],"card_choices":[{"not_picked":["Body Slam","Wild Strike"],"picked":"Pommel Strike"},{"not_picked":["Bloodletting","Wild Strike"],"picked":"Seeing Red"},{"not_picked":["Headbutt","Reaper"],"picked":"Shrug It Off"},{"not_picked":["Power Through","Reckless Charge"],"picked":"Seeing Red"},{"not_picked":["Cleave","True Grit"],"picked":"Pommel Strike"},{"not_picked":["Intimidate","Corruption"],"picked":"Disarm"},{"not_picked":["Searing Blow","Iron Wave"],"picked":"Rampage"},{"not_picked":["Clash","Cleave"],"picked":"Shrug It Off"},{"not_picked":["Offering","Immolate"],"picked":"Berserk"},{"not_picked":["Flex","Warcry"],"picked":"Shrug It Off"},{"not_picked":["Corruption","Carnage"],"picked":"Sword Boomerang"},{"not_picked":["Infernal Blade","Twin Strike"],"picked":"Feed"},{"not_picked":["Iron Wave","Sever Soul"],"picked":"Inflame"},{"not_picked":["Barricade","Exhume"],"picked":"Demon Form"},{"not_picked":["Bludgeon","Sword Boomerang"],"picked":"Heavy Blade"}],"player_experience":234170,"potions_floor_usage":[7,7,13,13,22,24,24,28,33,33,35,36,45],"damage_taken":[{"damage":6,"enemies":"Cultist","floor":1,"turns":3},{"damage":3,"enemies":"Small Slimes","floor":2,"turns":4},{"damage":9,"enemies":"Jaw Worm","floor":4,"turns":4},{"damage":19,"enemies":"Lagavulin","floor":7,"turns":5},{"damage":3,"enemies":"Looter","floor":8,"turns":3},{"damage":24,"enemies":"Gremlin Nob","floor":10,"turns":4},{"damage":12,"enemies":"Exordium Thugs","floor":12,"turns":3},{"damage":13,"enemies":"Lagavulin","floor":13,"turns":5},{"damage":35,"enemies":"Hexaghost","floor":16,"turns":10},{"damage":18,"enemies":"2 Thieves","floor":18,"turns":5},{"damage":17,"enemies":"Spheric Guardian","floor":21,"turns":5},{"damage":9,"enemies":"3 Cultists","floor":22,"turns":6},{"damage":8,"enemies":"Snake Plant","floor":24,"turns":4},{"damage":25,"enemies":"Gremlin Leader","floor":27,"turns":8},{"damage":3,"enemies":"Snecko","floor":28,"turns":5},{"damage":0,"enemies":"Centurion and Healer","floor":29,"turns":7},{"damage":20,"enemies":"Snake Plant","floor":30,"turns":3},{"damage":41,"enemies":"Collector","floor":33,"turns":13},{"damage":2,"enemies":"Orb Walker","floor":35,"turns":4},{"damage":23,"enemies":"3 Shapes","floor":36,"turns":8},{"damage":20,"enemies":"Maw","floor":41,"turns":8},{"damage":58,"enemies":"Sphere and 2 Shapes","floor":45,"turns":7},{"damage":27,"enemies":"3 Darklings","floor":46,"turns":3}],"event_choices":[{"event_name":"Big Fish","player_choice":"Donut","floor":5,"damage_taken":0},{"event_name":"Match and Keep!","player_choice":"2 cards matched","floor":14,"damage_taken":0},{"event_name":"Golden Shrine","player_choice":"Pray","floor":19,"damage_taken":0},{"event_name":"The Mausoleum","player_choice":"Yes","floor":25,"damage_taken":0},{"event_name":"Duplicator","player_choice":"Ignored","floor":37,"damage_taken":0},{"event_name":"Winding Halls","player_choice":"Embrace Madness","floor":39,"damage_taken":0}],"boss_relics":[{"not_picked":["Tiny House","Snecko Eye"],"picked":"Ectoplasm"},{"not_picked":["Philosopher\u0027s Stone","Lizard Tail"],"picked":"Eternal Feather"}],"potions_floor_spawned":[2,4,8,12,16,18,21,24,27,33,36],"seed_played":"6221184498937967141","killed_by":"3 Darklings","ascension_level":7,"is_trial":false}