{"gold_per_floor":[118,118,118,129,70,70,90,122,146,76,76,76,87,87,87,87],"floor_reached":16,"playtime":448,"items_purged":[],"score":191,"play_id":"4813d296-2bd5-4ba3-a7a0-f12e0292132a","local_time":"20181120225407","is_ascension_mode":true,"campfire_choices":[{"data":"Doubt","floor":6,"key":"PURGE"},{"floor":11,"key":"REST"},{"floor":15,"key":"DIG"}],"neow_cost":"CURSE","seed_source_timestamp":264077251583680,"circlet_count":0,"master_deck":["AscendersBane","Strike_R","Strike_R","Strike_R","Strike_R","Strike_R","Defend_R","Defend_R","Defend_R","Defend_R","Bash+1","Feel No Pain","Sword Boomerang","Shrug It Off","Shrug It Off","Wild Strike","Impervious"],"relics":["Burning Blood","Peace Pipe","Boot","Juzu Bracelet","Bag of Marbles","Shovel","Vajra"],"potions_floor_usage":[8],"damage_taken":[{"damage":8,"enemies":"Small Slimes","floor":1,"turns":6},{"damage":7,"enemies":"Jaw Worm","floor":4,"turns":5},{"damage":1,"enemies":"2 Louse","floor":7,"turns":2},{"damage":49,"enemies":"Gremlin Nob","floor":8,"turns":5},{"damage":8,"enemies":"Blue Slaver","floor":13,"turns":3},{"damage":46,"enemies":"Slime Boss","floor":16,"turns":7}],"seed_played":"-3700009776837345978","potions_obtained":[{"floor":4,"key":"Strength Potion"},{"floor":8,"key":"SmokeBomb"}],"is_trial":false,"path_per_floor":["M","?","?","M","$","R","M","E","T","?","R","?","M","T","R","B"],"character_chosen":"IRONCLAD","items_purchased":["Shrug It Off"],"campfire_rested":1,"item_purchase_floors":[5],"current_hp_per_floor":[66,66,48,47,47,47,52,9,9,9,31,31,29,29,29,0],"gold":87,"neow_bonus":"ONE_RARE_RELIC","is_prod":false,"is_daily":false,"chose_seed":false,"campfire_upgraded":0,"win_rate":0,"timestamp":1542754447,"path_taken":["M","?","?","M","$","R","M","E","T","?","R","?","M","?","R","BOSS"],"build_version":"2018-11-15","purchased_purges":0,"victory":false,"max_hp_per_floor":[75,75,75,75,75,75,75,75,75,75,75,75,75,75,75,75],"card_choices":[{"not_picked":["Pummel","Flex"],"picked":"Feel No Pain","floor":1},{"not_picked":["Thunderclap","Heavy Blade"],"picked":"Sword Boomerang","floor":4},{"not_picked":["Clash","Rage"],"picked":"Shrug It Off","floor":7},{"not_picked":["Combust","Warcry"],"picked":"Wild Strike","floor":8},{"not_picked":["Fire Breathing","Clash"],"picked":"Impervious","floor":13}],"player_experience":998296,"relics_obtained":[{"floor":8,"key":"Juzu Bracelet"},{"floor":9,"key":"Bag of Marbles"},{"floor":14,"key":"Shovel"},{"floor":15,"key":"Vajra"}],"event_choices":[{"damage_healed":0,"gold_gain":0,"player_choice":"Leave","damage_taken":0,"max_hp_gain":0,"max_hp_loss":0,"event_name":"The Cleric","floor":2,"gold_loss":0},{"damage_healed":0,"gold_gain":0,"player_choice":"Success","damage_taken":18,"relics_obtained":["Boot"],"max_hp_gain":0,"max_hp_loss":0,"event_name":"Scrap Ooze","floor":3,"gold_loss":0},{"damage_healed":0,"gold_gain":0,"player_choice":"Left Gold","damage_taken":0,"max_hp_gain":0,"max_hp_loss":0,"event_name":"World of Goop","floor":10,"gold_loss":70},{"damage_healed":0,"gold_gain":0,"player_choice":"Grow","damage_taken":0,"max_hp_gain":0,"max_hp_loss":0,"event_name":"Living Wall","floor":12,"gold_loss":0,"cards_upgraded":["Bash"]}],"is_beta":false,"boss_relics":[],"items_purged_floors":[],"is_endless":false,"potions_floor_spawned":[4,8],"killed_by":"Slime Boss","ascension_level":19}