{"gold_per_floor":[112,125,125,138,156,156,156,156,156,41,58,77,89,102,102,176,176,193,193,213,248,248],"floor_reached":22,"playtime":696,"items_purged":["Strike_B"],"score":358,"play_id":"b0775060-6782-4da5-b069-7a49fb86494e","local_time":"20190719224345","is_ascension_mode":true,"campfire_choices":[{"data":"Defragment","floor":6,"key":"SMITH"},{"data":"Gash","floor":8,"key":"SMITH"},{"floor":15,"key":"REST"}],"neow_cost":"NONE","seed_source_timestamp":611960952072500,"circlet_count":0,"master_deck":["AscendersBane","Defend_B","Defend_B","Defend_B","Defend_B","Zap+1","Dualcast","Defragment+1","Gash+1","Ball Lightning","Redo","Glacier","Cold Snap","Compile Driver","Leap","Capacitor","All For One","Bite","Bite","Bite","Bite","Bite","Self Repair","Go for the Eyes"],"relics":["Cracked Core","Mango","Mercury Hourglass","Empty Cage","Red Mask"],"potions_floor_usage":[5,16,18,20],"damage_taken":[{"damage":1,"enemies":"2 Louse","floor":1,"turns":2},{"damage":2,"enemies":"Jaw Worm","floor":2,"turns":4},{"damage":0,"enemies":"Cultist","floor":4,"turns":3},{"damage":10,"enemies":"3 Louse","floor":5,"turns":3},{"damage":18,"enemies":"Exordium Wildlife","floor":11,"turns":4},{"damage":0,"enemies":"Exordium Thugs","floor":12,"turns":4},{"damage":8,"enemies":"Blue Slaver","floor":13,"turns":2},{"damage":1,"enemies":"Lots of Slimes","floor":14,"turns":3},{"damage":26,"enemies":"Slime Boss","floor":16,"turns":7},{"damage":8,"enemies":"Shell Parasite","floor":18,"turns":5},{"damage":0,"enemies":"Chosen","floor":20,"turns":3},{"damage":39,"enemies":"Masked Bandits","floor":21,"turns":7},{"damage":36,"enemies":"Snake Plant","floor":22,"turns":2}],"seed_played":"-8029176941110809559","potions_obtained":[{"floor":1,"key":"Dexterity Potion"},{"floor":4,"key":"SneckoOil"},{"floor":16,"key":"EssenceOfSteel"},{"floor":18,"key":"Fire Potion"},{"floor":21,"key":"Fire Potion"}],"is_trial":false,"path_per_floor":["M","M","?","M","M","R","?","R","T","$","M","M","M","M","R","B",null,"M","?","M","?","M"],"character_chosen":"DEFECT","items_purchased":["Glacier"],"campfire_rested":1,"item_purchase_floors":[10],"current_hp_per_floor":[63,61,54,54,44,44,32,32,32,32,14,14,6,5,30,4,65,57,57,59,31,0],"gold":248,"neow_bonus":"UPGRADE_CARD","is_prod":false,"is_daily":false,"chose_seed":false,"campfire_upgraded":2,"win_rate":0,"timestamp":1563569025,"path_taken":["M","M","?","M","M","R","?","R","T","?","M","M","M","M","R","BOSS","M","?","M","?","M"],"build_version":"2019-07-17","purchased_purges":1,"victory":false,"max_hp_per_floor":[71,71,71,71,71,71,85,85,85,85,85,85,85,85,85,85,85,85,59,59,59,59],"card_choices":[{"not_picked":["Beam Cell","Melter"],"picked":"Defragment","floor":1},{"not_picked":["Stack","Sweeping Beam"],"picked":"Gash","floor":2},{"not_picked":["Compile Driver","Rebound"],"picked":"Ball Lightning","floor":4},{"not_picked":["Force Field","Steam"],"picked":"Redo","floor":5},{"not_picked":["Redo","Compile Driver"],"picked":"Cold Snap","floor":11},{"not_picked":["Stack","FTL"],"picked":"Compile Driver","floor":12},{"not_picked":["Storm","Hologram"],"picked":"Leap","floor":13},{"not_picked":["Tempest","Hyperbeam"],"picked":"Capacitor","floor":14},{"not_picked":["Multi-Cast","Amplify"],"picked":"All For One","floor":16},{"not_picked":["Ball Lightning","Streamline","Turbo"],"picked":"SKIP","floor":18},{"not_picked":["Coolheaded","Stack"],"picked":"Self Repair","floor":20},{"not_picked":["Coolheaded","Reinforced Body"],"picked":"Go for the Eyes","floor":21}],"player_experience":1693153,"relics_obtained":[{"floor":9,"key":"Mercury Hourglass"},{"floor":21,"key":"Red Mask"}],"event_choices":[{"cards_removed":["Strike_B"],"damage_healed":0,"gold_gain":0,"player_choice":"Card Removal","damage_taken":7,"max_hp_gain":0,"max_hp_loss":0,"event_name":"Golden Wing","floor":3,"gold_loss":0},{"damage_healed":0,"gold_gain":0,"player_choice":"Success","damage_taken":26,"relics_obtained":["Mango"],"max_hp_gain":0,"max_hp_loss":0,"event_name":"Scrap Ooze","floor":7,"gold_loss":0},{"damage_healed":0,"gold_gain":0,"player_choice":"Became a vampire","damage_taken":0,"max_hp_gain":0,"max_hp_loss":26,"event_name":"Vampires","floor":19,"gold_loss":0,"cards_obtained":["Bite","Bite","Bite","Bite","Bite"]},{"damage_healed":0,"gold_gain":0,"player_choice":"Fought Bandits","damage_taken":0,"max_hp_gain":0,"max_hp_loss":0,"event_name":"Masked Bandits","floor":21,"gold_loss":0}],"is_beta":false,"boss_relics":[{"not_picked":["Eternal Feather","FrozenCore"],"picked":"Empty Cage"}],"items_purged_floors":[10],"is_endless":false,"potions_floor_spawned":[1,4,16,18,21],"killed_by":"Snake Plant","ascension_level":17}