{"gold_per_floor":[117,130,130,148,44,44,44,44,44,71,71,71,86,167,167,238,238,252,252,252,252,263,263,6,38,86,10,10,10,10,20,20,97,97,109,109,17,40,53,53],"floor_reached":40,"playtime":1473,"items_purged":["Strike_G","Writhe"],"score":796,"play_id":"d96847ea-0b84-4d5f-8193-78d43a745ca9","local_time":"20190316130541","is_ascension_mode":true,"campfire_choices":[{"data":"A Thousand Cuts","floor":6.0,"key":"SMITH"},{"data":"Deadly Poison","floor":8.0,"key":"SMITH"},{"floor":12.0,"key":"REST"},{"floor":15.0,"key":"REST"},{"floor":23.0,"key":"REST"},{"floor":29.0,"key":"REST"},{"data":"Malaise","floor":32.0,"key":"SMITH"}],"neow_cost":"TEN_PERCENT_HP_LOSS","seed_source_timestamp":0,"circlet_count":0,"master_deck":["AscendersBane","Defend_G+1","Defend_G+1","Defend_G+1","Defend_G+1","Defend_G+1","Strike_G+1","Strike_G+1","Survivor","Neutralize","A Thousand Cuts+1","Cloak And Dagger","Deadly Poison+1","Dodge and Roll","Doppelganger","Noxious Fumes","Malaise+1","Deadly Poison","Catalyst","Footwork+1","Caltrops","Footwork","Caltrops","Adrenaline","Master of Strategy","Noxious Fumes","Dodge and Roll","Dodge and Roll"],"special_seed":0,"relics":["Ring of the Snake","Bronze Scales","Snake Skull","Letter Opener","Tiny Chest","Empty Cage","Paper Crane","Ancient Tea Set","Regal Pillow","Bag of Preparation","Sozu","Anchor"],"potions_floor_usage":[],"damage_taken":[{"damage":4.0,"enemies":"Small Slimes","floor":1.0,"turns":4.0},{"damage":0.0,"enemies":"2 Louse","floor":2.0,"turns":4.0},{"damage":0.0,"enemies":"Jaw Worm","floor":4.0,"turns":5.0},{"damage":41.0,"enemies":"Gremlin Nob","floor":10.0,"turns":5.0},{"damage":4.0,"enemies":"Exordium Wildlife","floor":13.0,"turns":5.0},{"damage":29.0,"enemies":"Slime Boss","floor":16.0,"turns":8.0},{"damage":1.0,"enemies":"3 Byrds","floor":18.0,"turns":2.0},{"damage":11.0,"enemies":"Shell Parasite","floor":22.0,"turns":6.0},{"damage":35.0,"enemies":"Gremlin Leader","floor":25.0,"turns":7.0},{"damage":3.0,"enemies":"Chosen and Byrds","floor":31.0,"turns":5.0},{"damage":60.0,"enemies":"Collector","floor":33.0,"turns":10.0},{"damage":30.0,"enemies":"3 Darklings","floor":35.0,"turns":5.0},{"damage":0.0,"enemies":"Orb Walker","floor":39.0,"turns":4.0},{"damage":30,"enemies":"Nemesis","floor":40,"turns":10}],"seed_played":"-3552163503275556285","potions_obtained":[{"floor":10.0,"key":"FairyPotion"},{"floor":13.0,"key":"SkillPotion"},{"floor":18.0,"key":"GamblersBrew"}],"is_trial":false,"path_per_floor":["M","M","?","M","$","R","?","R","T","E","?","R","M","T","R","B",null,"M","?","?","?","M","R","$","E","T","$","$","R","?","M","R","B",null,"M","?","$","T","M","E"],"character_chosen":"THE_SILENT","items_purchased":["Dodge and Roll","Ancient Tea Set","Footwork","Noxious Fumes","Dodge and Roll"],"campfire_rested":4,"item_purchase_floors":[5,24,27,37,37],"current_hp_per_floor":[55,55,50,50,50,50,55,55,55,14,14,33,29,29,48,19,54,53,53,53,53,42,61,61,26,26,26,26,60,60,57,57,6,50,20,20,20,20,20,0],"gold":53,"neow_bonus":"THREE_RARE_CARDS","is_prod":false,"is_daily":false,"chose_seed":false,"campfire_upgraded":3,"win_rate":0,"timestamp":1552737941,"path_taken":["M","M","?","M","$","R","?","R","T","E","?","R","M","?","R","BOSS","M","?","?","?","M","R","$","E","T","?","$","R","?","M","R","BOSS","M","?","$","?","M","E"],"build_version":"2019-01-23","purchased_purges":2,"victory":false,"max_hp_per_floor":[60,60,60,60,60,60,65,65,65,65,65,65,65,65,65,65,65,65,65,65,65,65,65,65,65,65,65,65,65,65,65,65,65,65,65,65,65,65,65,65],"card_choices":[{"not_picked":["Burst","Venomology"],"picked":"A Thousand Cuts","floor":0.0},{"not_picked":["Slice","Bane","Quick Slash"],"picked":"SKIP","floor":1.0},{"not_picked":["Bane","Riddle With Holes"],"picked":"Cloak And Dagger","floor":2.0},{"not_picked":["Setup","Backflip"],"picked":"Deadly Poison","floor":4.0},{"not_picked":["Expertise","Skewer"],"picked":"Doppelganger","floor":10.0},{"not_picked":["Dodge and Roll","Deadly Poison"],"picked":"Noxious Fumes","floor":13.0},{"not_picked":["Grand Finale","Corpse Explosion"],"picked":"Malaise","floor":16.0},{"not_picked":["Underhanded Strike","Prepared"],"picked":"Deadly Poison","floor":18.0},{"not_picked":["Quick Slash+1","Riddle With Holes"],"picked":"Footwork+1","floor":22.0},{"not_picked":["Quick Slash","Malaise"],"picked":"Caltrops","floor":25.0},{"not_picked":["Sucker Punch","Deflect"],"picked":"Caltrops","floor":31.0},{"not_picked":["Grand Finale","Tools of the Trade"],"picked":"Adrenaline","floor":33.0},{"not_picked":["Blade Dance","Acrobatics","Dagger Throw"],"picked":"SKIP","floor":35.0},{"not_picked":["Blind","Transmutation"],"picked":"Master of Strategy","floor":36.0},{"not_picked":["Predator","Outmaneuver+1"],"picked":"Dodge and Roll","floor":39.0}],"player_experience":709841,"relics_obtained":[{"floor":9.0,"key":"Snake Skull"},{"floor":10.0,"key":"Letter Opener"},{"floor":14.0,"key":"Tiny Chest"},{"floor":25.0,"key":"Regal Pillow"},{"floor":26.0,"key":"Bag of Preparation"},{"floor":38.0,"key":"Anchor"}],"event_choices":[{"damage_healed":0.0,"max_hp_gain":0.0,"max_hp_loss":0.0,"gold_gain":0.0,"event_name":"Scrap Ooze","player_choice":"Success","floor":3.0,"gold_loss":0.0,"damage_taken":5.0,"relics_obtained":["Bronze Scales"]},{"damage_healed":0.0,"max_hp_gain":5.0,"max_hp_loss":0.0,"gold_gain":0.0,"event_name":"Big Fish","player_choice":"Donut","floor":7.0,"gold_loss":0.0,"damage_taken":0.0},{"damage_healed":0.0,"max_hp_gain":0.0,"max_hp_loss":0.0,"gold_gain":0.0,"event_name":"Shining Light","player_choice":"Ignored","floor":11.0,"gold_loss":0.0,"damage_taken":0.0},{"damage_healed":0.0,"max_hp_gain":0.0,"max_hp_loss":0.0,"gold_gain":0.0,"event_name":"The Mausoleum","player_choice":"Opened","floor":19.0,"gold_loss":0.0,"damage_taken":0.0,"relics_obtained":["Paper Crane"],"cards_obtained":["Writhe"]},{"damage_healed":0.0,"max_hp_gain":0.0,"max_hp_loss":0.0,"gold_gain":0.0,"event_name":"The Library","player_choice":"Read","floor":20.0,"gold_loss":0.0,"damage_taken":0.0,"cards_obtained":["Catalyst"]},{"damage_healed":0.0,"max_hp_gain":0.0,"max_hp_loss":0.0,"gold_gain":0.0,"event_name":"Back to Basics","player_choice":"Simplicity","floor":21.0,"gold_loss":0.0,"damage_taken":0.0,"cards_upgraded":["Defend_G","Defend_G","Defend_G","Defend_G","Defend_G","Strike_G","Strike_G"]},{"damage_healed":0.0,"max_hp_gain":0.0,"max_hp_loss":0.0,"gold_gain":0.0,"event_name":"Cursed Tome","player_choice":"Ignored","floor":30.0,"gold_loss":0.0,"damage_taken":0.0},{"damage_healed":0.0,"max_hp_gain":0.0,"max_hp_loss":0.0,"gold_gain":0.0,"event_name":"SensoryStone","player_choice":"Memory 1","floor":36.0,"gold_loss":0.0,"damage_taken":0.0}],"is_beta":false,"boss_relics":[{"not_picked":["Black Star","Philosopher\u0027s Stone"],"picked":"Empty Cage"},{"not_picked":["Snecko Eye","WristBlade"],"picked":"Sozu"}],"items_purged_floors":[5,24],"is_endless":false,"potions_floor_spawned":[10,13,18,25,35,39],"killed_by":"Nemesis","ascension_level":20}