{"path_per_floor":["M","M","$","?","?","R","M","M","T","M","R","M","M","M","R","B",null,"M","M","M","M","?","R","E","$","T","E","R","?","$","?","R"],"character_chosen":"IRONCLAD","items_purchased":["Dramatic Entrance","Blood Vial","Juzu Bracelet"],"gold_per_floor":[113,130,32,32,32,32,46,59,59,76,76,91,109,126,126,225,225,240,256,268,278,278,278,308,2,2,34,34,34,34,34,34,34],"floor_reached":33,"campfire_rested":2,"playtime":902,"current_hp_per_floor":[75,78,78,83,65,65,71,71,71,70,70,67,73,79,79,64,85,85,75,66,68,68,85,52,52,52,39,39,39,39,39,64,0],"items_purged":[],"gold":34,"score":304,"play_id":"e48d405d-a7ac-4ad0-92b3-3937d4ba26bf","local_time":"20180512213910","is_prod":false,"is_daily":false,"chose_seed":false,"is_ascension_mode":false,"campfire_upgraded":4,"timestamp":1526157550,"path_taken":["M","M","$","?","?","R","M","M","T","M","R","?","M","M","R","BOSS","M","M","M","M","?","R","E","$","T","E","R","?","$","?","R","BOSS"],"build_version":"2018-05-10","seed_source_timestamp":261302285632338,"purchased_purges":1,"victory":false,"master_deck":["Strike_R","Strike_R","Strike_R","Strike_R","Strike_R","Defend_R","Defend_R","Defend_R","Defend_R","Bash","Heavy Blade+1","Dramatic Entrance+1","Spot Weakness+1","Offering","Flex+1","Inflame+1","Flex+1"],"max_hp_per_floor":[80,80,80,85,85,85,85,85,85,85,85,85,85,85,85,85,85,85,85,85,85,85,85,85,85,85,85,85,85,85,85,85,85],"relics":["Burning Blood","Bronze Scales","Ornamental Fan","Orichalcum","Sozu","Blue Candle","Blood Vial","Juzu Bracelet","Paper Frog","Dodecahedron"],"card_choices":[{"not_picked":["Pommel Strike","Anger"],"picked":"Heavy Blade","floor":2},{"not_picked":["Headbutt","Bloodletting"],"picked":"Spot Weakness","floor":12},{"not_picked":["Fiend Fire","Berserk"],"picked":"Offering","floor":16},{"not_picked":["Cleave","Clash"],"picked":"Flex","floor":20},{"not_picked":["Body Slam","Rampage"],"picked":"Inflame","floor":21},{"not_picked":["Havoc","Twin Strike"],"picked":"Flex","floor":27}],"player_experience":296522,"potions_floor_usage":[14,16,16],"damage_taken":[{"damage":11,"enemies":"Jaw Worm","floor":1,"turns":3},{"damage":3,"enemies":"Small Slimes","floor":2,"turns":4},{"damage":0,"enemies":"2 Louse","floor":7,"turns":2},{"damage":6,"enemies":"Looter","floor":8,"turns":2},{"damage":7,"enemies":"Exordium Wildlife","floor":10,"turns":2},{"damage":9,"enemies":"Red Slaver","floor":12,"turns":2},{"damage":0,"enemies":"3 Louse","floor":13,"turns":2},{"damage":0,"enemies":"Lots of Slimes","floor":14,"turns":1},{"damage":21,"enemies":"The Guardian","floor":16,"turns":6},{"damage":1,"enemies":"3 Byrds","floor":18,"turns":4},{"damage":16,"enemies":"2 Thieves","floor":19,"turns":3},{"damage":15,"enemies":"Snake Plant","floor":20,"turns":2},{"damage":4,"enemies":"Centurion and Healer","floor":21,"turns":3},{"damage":39,"enemies":"Gremlin Leader","floor":24,"turns":4},{"damage":21,"enemies":"Book of Stabbing","floor":27,"turns":2},{"damage":71,"enemies":"Collector","floor":33,"turns":6}],"event_choices":[{"event_name":"Big Fish","player_choice":"Donut","floor":4,"damage_taken":0},{"event_name":"Scrap Ooze","player_choice":"success","floor":5,"damage_taken":18},{"event_name":"Upgrade Shrine","player_choice":"Upgraded","floor":22,"damage_taken":0},{"event_name":"Transmorgrifier","player_choice":"Skipped","floor":29,"damage_taken":0},{"event_name":"Drug Dealer","player_choice":"Ignored","floor":31,"damage_taken":0}],"boss_relics":[{"not_picked":["Lizard Tail","Runic Pyramid"],"picked":"Sozu"}],"potions_floor_spawned":[2,7,10,18,24],"seed_played":"1449213476361390742","killed_by":"Collector","ascension_level":0,"is_trial":false}