{"gold_per_floor":[118,268,165,180,180,211,211,211,279,304,304,347,347,362,362,452,452,467,467,122,100,121,121,121],"floor_reached":24,"playtime":1759,"items_purged":["Doubt","Shame"],"score":483,"play_id":"a235c222-7205-40c8-80ed-aec0a270c0e9","local_time":"20190317111144","is_ascension_mode":true,"campfire_choices":[{"data":"Poisoned Stab","floor":7.0,"key":"SMITH"},{"data":"Poisoned Stab","floor":11.0,"key":"SMITH"},{"floor":15.0,"key":"REST"},{"floor":23,"key":"REST"}],"neow_cost":"NONE","seed_source_timestamp":1618166407619,"circlet_count":0,"master_deck":["AscendersBane","Defend_G","Defend_G","Defend_G","Defend_G","Defend_G","Strike_G","Strike_G","Strike_G","Strike_G","Strike_G","Survivor","Neutralize","Dagger Throw","Poisoned Stab+1","Deadly Poison","Poisoned Stab+1","PiercingWail","PiercingWail","Deadly Poison","Malaise","Pain","Regret","PiercingWail","Malaise","Footwork","PiercingWail"],"special_seed":0,"relics":["Ring of the Snake","NeowsBlessing","Golden Idol","Question Card","Letter Opener","Darkstone Periapt","The Courier","Calling Bell","Smiling Mask","Blue Candle","Turnip","Snake Skull","Tiny Chest"],"potions_floor_usage":[21],"damage_taken":[{"damage":0.0,"enemies":"2 Louse","floor":1.0,"turns":1.0},{"damage":0.0,"enemies":"Jaw Worm","floor":4.0,"turns":1.0},{"damage":0.0,"enemies":"Gremlin Nob","floor":6.0,"turns":1.0},{"damage":0.0,"enemies":"Small Slimes","floor":10.0,"turns":2.0},{"damage":39.0,"enemies":"3 Sentries","floor":12.0,"turns":9.0},{"damage":5.0,"enemies":"Gremlin Gang","floor":14.0,"turns":2.0},{"damage":15.0,"enemies":"The Guardian","floor":16.0,"turns":8.0},{"damage":13.0,"enemies":"3 Byrds","floor":18.0,"turns":6.0},{"damage":17,"enemies":"2 Thieves","floor":21,"turns":4},{"damage":35,"enemies":"Centurion and Healer","floor":22,"turns":11},{"damage":42,"enemies":"Book of Stabbing","floor":24,"turns":6}],"seed_played":"2018282922138019884","potions_obtained":[{"floor":6.0,"key":"EntropicBrew"},{"floor":10.0,"key":"SteroidPotion"},{"floor":14.0,"key":"Swift Potion"},{"floor":18.0,"key":"Block Potion"}],"is_trial":false,"path_per_floor":["M","?","$","M","?","E","R","?","T","M","R","E","T","M","R","B",null,"M","?","$","M","M","R","E"],"character_chosen":"THE_SILENT","items_purchased":["Poisoned Stab","Footwork","Snake Skull","Tiny Chest"],"campfire_rested":2,"item_purchase_floors":[3,20,20,20],"current_hp_per_floor":[59,59,59,59,59,59,59,64,64,64,64,25,25,20,39,24,73,60,60,60,43,8,32,0],"gold":121,"neow_bonus":"THREE_ENEMY_KILL","is_prod":false,"is_daily":false,"chose_seed":false,"campfire_upgraded":2,"win_rate":0,"timestamp":1552817504,"path_taken":["M","?","$","M","?","E","R","?","T","M","R","E","?","M","R","BOSS","M","?","$","M","?","R","E"],"build_version":"2019-01-23","purchased_purges":2,"victory":false,"max_hp_per_floor":[66,66,66,66,60,60,60,65,65,65,65,65,65,65,65,65,83,83,83,83,83,83,83,83],"card_choices":[{"not_picked":["Masterful Stab","Well Laid Plans"],"picked":"Dagger Throw","floor":1.0},{"not_picked":["Deflect","Prepared"],"picked":"Deadly Poison","floor":4.0},{"not_picked":["Leg Sweep","Distraction"],"picked":"Poisoned Stab","floor":6.0},{"not_picked":["Accuracy","Quick Slash","Deflect"],"picked":"PiercingWail","floor":10.0},{"not_picked":["Wraith Form v2","Quick Slash","Underhanded Strike"],"picked":"PiercingWail","floor":12.0},{"not_picked":["Blur","Setup","Deflect"],"picked":"Deadly Poison","floor":14.0},{"not_picked":["Phantasmal Killer","Bullet Time","Envenom"],"picked":"Malaise","floor":16.0},{"not_picked":["Dagger Throw","Cloak And Dagger","Riddle With Holes"],"picked":"PiercingWail","floor":18.0},{"not_picked":["Skewer","Escape Plan","Slice"],"picked":"PiercingWail","floor":21},{"not_picked":["Burst","Underhanded Strike","Tactician","Outmaneuver"],"picked":"SKIP","floor":22}],"player_experience":713608,"relics_obtained":[{"floor":6.0,"key":"Question Card"},{"floor":9.0,"key":"Letter Opener"},{"floor":12.0,"key":"Darkstone Periapt"},{"floor":13.0,"key":"The Courier"},{"floor":17.0,"key":"Smiling Mask"},{"floor":17.0,"key":"Blue Candle"},{"floor":17.0,"key":"Turnip"}],"event_choices":[{"damage_healed":0.0,"max_hp_gain":0.0,"max_hp_loss":0.0,"gold_gain":150.0,"event_name":"Liars Game","player_choice":"AGREE","floor":2.0,"gold_loss":0.0,"damage_taken":0.0,"cards_obtained":["Doubt"]},{"damage_healed":0.0,"max_hp_gain":0.0,"max_hp_loss":6.0,"gold_gain":0.0,"event_name":"Golden Idol","player_choice":"Lose Max HP","floor":5.0,"gold_loss":0.0,"damage_taken":0.0,"relics_obtained":["Golden Idol"]},{"damage_healed":0.0,"max_hp_gain":5.0,"max_hp_loss":0.0,"gold_gain":0.0,"event_name":"Big Fish","player_choice":"Donut","floor":8.0,"gold_loss":0.0,"damage_taken":0.0},{"damage_healed":0.0,"max_hp_gain":0.0,"max_hp_loss":0.0,"gold_gain":0.0,"event_name":"Duplicator","player_choice":"Copied","floor":19.0,"gold_loss":0.0,"damage_taken":0.0,"cards_obtained":["Malaise"]}],"is_beta":false,"boss_relics":[{"not_picked":["Eternal Feather","Cursed Key"],"picked":"Calling Bell"}],"items_purged_floors":[3,20],"is_endless":false,"potions_floor_spawned":[6,10,14,18],"killed_by":"Book of Stabbing","ascension_level":20}