{"gold_per_floor":[111,31,48,48,48,74,74,105,130,130,155,155,167,183,183,183],"floor_reached":16,"playtime":1065,"items_purged":[],"score":286,"play_id":"731ca65b-f19f-4215-a6de-ae5a712433d6","local_time":"20190104212828","is_ascension_mode":true,"campfire_choices":[{"floor":10.0,"key":"REST"},{"data":"Hyperbeam","floor":12.0,"key":"SMITH"},{"data":"Hologram","floor":15.0,"key":"SMITH"}],"neow_cost":"NONE","seed_source_timestamp":185459643972801,"circlet_count":0,"master_deck":["AscendersBane","Strike_B","Strike_B","Strike_B","Defend_B+1","Defend_B","Defend_B","Defend_B+1","Zap","Dualcast+1","Self Repair","Gash","Coolheaded+1","Hologram+1","Hologram","Hyperbeam+1","Glacier","Rebound","Rebound","Compile Driver"],"special_seed":0,"relics":["Cracked Core","NeowsBlessing","War Paint","Dream Catcher","Regal Pillow","Juzu Bracelet"],"potions_floor_usage":[],"damage_taken":[{"damage":0.0,"enemies":"Jaw Worm","floor":1.0,"turns":1.0},{"damage":0.0,"enemies":"2 Louse","floor":3.0,"turns":1.0},{"damage":0.0,"enemies":"Gremlin Nob","floor":6.0,"turns":1.0},{"damage":21.0,"enemies":"Lagavulin","floor":8.0,"turns":7.0},{"damage":2.0,"enemies":"3 Sentries","floor":11.0,"turns":3.0},{"damage":0.0,"enemies":"Small Slimes","floor":13.0,"turns":3.0},{"damage":13.0,"enemies":"Blue Slaver","floor":14.0,"turns":2.0},{"damage":42,"enemies":"The Guardian","floor":16,"turns":6}],"seed_played":"5636755281003960859","potions_obtained":[{"floor":1.0,"key":"Explosive Potion"},{"floor":3.0,"key":"Weak Potion"},{"floor":13.0,"key":"SteroidPotion"}],"is_trial":false,"path_per_floor":["M","$","M","$","?","E","?","E","T","R","E","R","M","M","R","B"],"character_chosen":"DEFECT","items_purchased":["Gash","Coolheaded"],"campfire_rested":1,"item_purchase_floors":[2,2],"current_hp_per_floor":[64,64,64,64,64,64,43,29,29,65,70,70,70,57,57,15],"gold":183,"neow_bonus":"THREE_ENEMY_KILL","is_prod":false,"is_daily":false,"chose_seed":false,"campfire_upgraded":2,"win_rate":0,"timestamp":1546633708,"path_taken":["M","$","M","$","?","E","?","E","T","R","E","R","M","M","R","BOSS"],"build_version":"2019-01-03v3","purchased_purges":0,"victory":false,"max_hp_per_floor":[71,71,71,71,71,71,71,71,71,71,71,71,71,71,71,71],"card_choices":[{"not_picked":["Redo","Double Energy"],"picked":"Self Repair","floor":1.0},{"not_picked":["Redo","Chill"],"picked":"Hologram","floor":3.0},{"not_picked":["Hello World","Sweeping Beam"],"picked":"Hologram","floor":6.0},{"not_picked":["Genetic Algorithm","Go for the Eyes"],"picked":"Hyperbeam","floor":8.0},{"not_picked":["Barrage","Streamline"],"picked":"Glacier","floor":10.0},{"not_picked":["Leap","Buffer"],"picked":"Rebound","floor":11.0},{"not_picked":["Stack","Heatsinks"],"picked":"Rebound","floor":13.0},{"not_picked":["Rebound","Coolheaded"],"picked":"Compile Driver","floor":14.0}],"player_experience":574943,"relics_obtained":[{"floor":6.0,"key":"War Paint"},{"floor":8.0,"key":"Dream Catcher"},{"floor":9.0,"key":"Regal Pillow"},{"floor":11.0,"key":"Juzu Bracelet"}],"event_choices":[{"cards_removed":["Strike_B"],"damage_healed":0.0,"max_hp_gain":0.0,"max_hp_loss":0.0,"gold_gain":0.0,"event_name":"Living Wall","player_choice":"Forget","floor":5.0,"gold_loss":0.0,"damage_taken":0.0},{"damage_healed":0.0,"max_hp_gain":0.0,"max_hp_loss":0.0,"gold_gain":0.0,"event_name":"Shining Light","player_choice":"Entered Light","floor":7.0,"gold_loss":0.0,"damage_taken":21.0,"cards_upgraded":["Dualcast","Defend_B"]}],"is_beta":false,"boss_relics":[],"items_purged_floors":[],"is_endless":false,"potions_floor_spawned":[1,3,13],"killed_by":"The Guardian","ascension_level":20}