{"gold_per_floor":[112,128,53,66,116,143,143,160,213,239,239,253,49,60,60,137,137,151,168,43,43,43,43,72,72,118,143,143,68,68,84,84,84],"floor_reached":33,"playtime":1263,"items_purged":["Strike_R","Strike_R","Strike_R"],"score":527,"play_id":"e484ebd8-8c58-453a-8de7-03cc5d8d467c","local_time":"20190610144231","is_ascension_mode":true,"campfire_choices":[{"data":"Armaments","floor":7,"key":"SMITH"},{"data":"Limit Break","floor":11,"key":"SMITH"},{"data":"Flex","floor":15,"key":"SMITH"},{"data":"Ghostly","floor":23,"key":"SMITH"},{"data":"Ghostly","floor":25,"key":"SMITH"},{"data":"Inflame","floor":28,"key":"SMITH"},{"data":"Heavy Blade","floor":30,"key":"SMITH"},{"data":"Immolate","floor":32,"key":"SMITH"}],"neow_cost":"PERCENT_DAMAGE","seed_source_timestamp":294774042125800,"circlet_count":0,"master_deck":["AscendersBane","Strike_R","Defend_R","Defend_R","Defend_R","Defend_R","Bash","Power Through","Anger","Body Slam","Armaments+1","Heavy Blade+1","Limit Break+1","Shrug It Off","Flex+1","Iron Wave","Feel No Pain","Immolate+1","Seeing Red+1","Inflame+1","Battle Trance","Ghostly+1","Ghostly+1","Ghostly","Body Slam","Anger"],"relics":["Burning Blood","Unceasing Top","Lantern","Meat on the Bone","Bag of Marbles","Orichalcum","Velvet Choker","Pear","Red Skull","Frozen Egg 2"],"potions_floor_usage":[2,6,16,24,31,33],"damage_taken":[{"damage":6,"enemies":"Cultist","floor":1,"turns":4},{"damage":0,"enemies":"2 Louse","floor":2,"turns":1},{"damage":7,"enemies":"Small Slimes","floor":4,"turns":3},{"damage":26,"enemies":"Lagavulin","floor":6,"turns":6},{"damage":7,"enemies":"2 Fungi Beasts","floor":8,"turns":4},{"damage":25,"enemies":"3 Sentries","floor":10,"turns":9},{"damage":0,"enemies":"Blue Slaver","floor":12,"turns":2},{"damage":7,"enemies":"Exordium Wildlife","floor":14,"turns":5},{"damage":41,"enemies":"The Guardian","floor":16,"turns":14},{"damage":0,"enemies":"Shell Parasite","floor":18,"turns":3},{"damage":16,"enemies":"Chosen","floor":19,"turns":5},{"damage":9,"enemies":"Slavers","floor":24,"turns":5},{"damage":29,"enemies":"Book of Stabbing","floor":27,"turns":4},{"damage":0,"enemies":"Centurion and Healer","floor":31,"turns":5},{"damage":41,"enemies":"Automaton","floor":33,"turns":6}],"seed_played":"-8773396421886131470","potions_obtained":[{"floor":1,"key":"Fire Potion"},{"floor":2,"key":"Strength Potion"},{"floor":8,"key":"Ancient Potion"},{"floor":14,"key":"Poison Potion"},{"floor":16,"key":"SpeedPotion"},{"floor":19,"key":"SteroidPotion"},{"floor":27,"key":"Block Potion"},{"floor":31,"key":"Block Potion"}],"is_trial":false,"path_per_floor":["M","M","$","M","T","E","R","M","T","E","R","M","$","M","R","B",null,"M","M","$","?","?","R","E","R","T","E","R","?","R","M","R","B"],"character_chosen":"IRONCLAD","items_purchased":["Flex","Iron Wave"],"campfire_rested":0,"item_purchase_floors":[13,13],"current_hp_per_floor":[50,56,56,55,55,35,35,46,46,39,39,45,45,44,44,21,62,68,58,58,58,37,37,44,44,44,33,33,33,33,39,39,0],"gold":84,"neow_bonus":"ONE_RARE_RELIC","is_prod":false,"is_daily":false,"chose_seed":false,"campfire_upgraded":8,"win_rate":0,"timestamp":1560170551,"path_taken":["M","?","$","M","?","E","R","M","T","E","R","M","$","M","R","BOSS","M","M","$","?","?","R","E","R","T","E","R","?","R","M","R","BOSS"],"build_version":"2019-01-23","purchased_purges":3,"victory":false,"max_hp_per_floor":[75,75,75,75,75,75,75,75,75,75,75,75,75,75,75,75,75,75,75,75,75,37,37,47,47,47,47,47,47,47,47,47,47],"card_choices":[{"not_picked":["Bloodletting","Intimidate"],"picked":"Power Through","floor":1},{"not_picked":["Infernal Blade","Sever Soul"],"picked":"Anger","floor":2},{"not_picked":["Clothesline","Wild Strike"],"picked":"Body Slam","floor":4},{"not_picked":["Iron Wave","Havoc"],"picked":"Armaments","floor":6},{"not_picked":["Rupture","Armaments"],"picked":"Heavy Blade","floor":8},{"not_picked":["Pummel","Twin Strike"],"picked":"Limit Break","floor":10},{"not_picked":["Iron Wave","Cleave"],"picked":"Shrug It Off","floor":12},{"not_picked":["Anger","Dropkick"],"picked":"Feel No Pain","floor":14},{"not_picked":["Impervious","Exhume"],"picked":"Immolate","floor":16},{"not_picked":["Searing Blow","Warcry"],"picked":"Seeing Red+1","floor":18},{"not_picked":["Flex","Dropkick"],"picked":"Inflame","floor":19},{"not_picked":["Havoc","Entrench"],"picked":"Body Slam","floor":24},{"not_picked":["Feel No Pain","Wild Strike+1"],"picked":"Anger","floor":27},{"not_picked":["Burning Pact","Thunderclap","Rupture+1"],"picked":"SKIP","floor":31}],"player_experience":1284903,"relics_obtained":[{"floor":5,"key":"Lantern"},{"floor":6,"key":"Meat on the Bone"},{"floor":9,"key":"Bag of Marbles"},{"floor":10,"key":"Orichalcum"},{"floor":24,"key":"Pear"},{"floor":26,"key":"Red Skull"},{"floor":27,"key":"Frozen Egg 2"}],"event_choices":[{"damage_healed":0,"gold_gain":0,"player_choice":"Read","damage_taken":0,"max_hp_gain":0,"max_hp_loss":0,"event_name":"The Library","floor":21,"gold_loss":0,"cards_obtained":["Battle Trance"]},{"damage_healed":0,"gold_gain":0,"player_choice":"Became a Ghost","damage_taken":0,"max_hp_gain":0,"max_hp_loss":38,"event_name":"Ghosts","floor":22,"gold_loss":0,"cards_obtained":["Ghostly","Ghostly","Ghostly"]},{"cards_removed":["Strike_R"],"damage_healed":0,"gold_gain":0,"player_choice":"Gave Gold","damage_taken":0,"max_hp_gain":0,"max_hp_loss":0,"event_name":"Beggar","floor":29,"gold_loss":75}],"is_beta":false,"boss_relics":[{"not_picked":["Eternal Feather","Cursed Key"],"picked":"Velvet Choker"}],"items_purged_floors":[3,13,20],"is_endless":false,"potions_floor_spawned":[1,2,8,14,16,19,27,31],"killed_by":"Automaton","ascension_level":16}