{"gold_per_floor":[113,113,188,188,8,48,48,82,82,116,266,285,285,310,310,399,399,420,420,435,126,149,149,149],"floor_reached":24,"playtime":807,"items_purged":["Writhe"],"score":498,"play_id":"5bb08c38-a516-4742-918b-87a67120b9d8","local_time":"20190819023529","is_ascension_mode":true,"campfire_choices":[{"data":"Zap","floor":7,"key":"SMITH"},{"data":"Sunder","floor":13,"key":"SMITH"},{"floor":15,"key":"REST"},{"data":"Echo Form","floor":23,"key":"SMITH"}],"neow_cost":"NONE","seed_source_timestamp":422929972074700,"circlet_count":0,"master_deck":["AscendersBane","Strike_B","Strike_B","Strike_B","Strike_B","Defend_B","Defend_B","Defend_B","Defend_B","Zap+1","Dualcast","Cold Snap","Leap","Fusion","Static Discharge","Biased Cognition","Conserve Battery","Sunder+1","Leap","Loop","Echo Form+1","Ball Lightning+1","Defragment","Gash","Reinforced Body","Hologram","Storm","White Noise"],"relics":["Cracked Core","NeowsBlessing","Singing Bowl","Golden Idol","Dodecahedron","Oddly Smooth Stone","Gambling Chip","FossilizedHelix","Empty Cage","Boot"],"potions_floor_usage":[16,24],"damage_taken":[{"damage":0,"enemies":"Small Slimes","floor":1,"turns":1},{"damage":0,"enemies":"3 Sentries","floor":6,"turns":1},{"damage":0,"enemies":"Lagavulin","floor":8,"turns":1},{"damage":19,"enemies":"Gremlin Nob","floor":10,"turns":3},{"damage":0,"enemies":"2 Louse","floor":12,"turns":2},{"damage":0,"enemies":"Jaw Worm","floor":14,"turns":2},{"damage":31,"enemies":"The Guardian","floor":16,"turns":13},{"damage":0,"enemies":"Chosen","floor":18,"turns":4},{"damage":0,"enemies":"Spheric Guardian","floor":20,"turns":3},{"damage":20,"enemies":"Snake Plant","floor":22,"turns":4},{"damage":53,"enemies":"Slavers","floor":24,"turns":3}],"seed_played":"-4480143737428675438","potions_obtained":[{"floor":1,"key":"SmokeBomb"},{"floor":6,"key":"Strength Potion"},{"floor":10,"key":"EssenceOfSteel"},{"floor":16,"key":"SneckoOil"},{"floor":18,"key":"FocusPotion"},{"floor":20,"key":"Regen Potion"}],"is_trial":false,"path_per_floor":["M","?","?","?","$","E","R","E","T","E","?","M","R","M","R","B",null,"M","?","M","$","M","R","E"],"character_chosen":"DEFECT","items_purchased":["Leap","Fusion","Static Discharge","Gash","Reinforced Body","Hologram","Storm"],"campfire_rested":1,"item_purchase_floors":[5,5,5,21,21,21,21],"current_hp_per_floor":[64,46,35,35,35,35,35,35,35,16,16,16,16,16,37,6,55,55,55,55,55,35,35,0],"gold":149,"neow_bonus":"THREE_ENEMY_KILL","is_prod":false,"is_daily":false,"chose_seed":false,"campfire_upgraded":3,"win_rate":0,"timestamp":1566174929,"path_taken":["M","?","?","?","?","E","R","E","T","E","?","M","R","?","R","BOSS","M","?","M","$","M","R","E"],"build_version":"2019-07-17","purchased_purges":1,"victory":false,"max_hp_per_floor":[71,71,71,71,71,71,71,71,71,71,71,71,71,71,71,71,71,71,71,71,71,71,71,71],"card_choices":[{"not_picked":["Skim","Compile Driver"],"picked":"Cold Snap","floor":1},{"not_picked":["Leap","Stack"],"picked":"Biased Cognition","floor":6},{"not_picked":["FTL","Streamline"],"picked":"Conserve Battery","floor":8},{"not_picked":["Compile Driver","Static Discharge"],"picked":"Sunder","floor":10},{"not_picked":["Redo","Steam"],"picked":"Leap","floor":12},{"not_picked":["Turbo","Multi-Cast"],"picked":"Loop","floor":14},{"not_picked":["Machine Learning","Meteor Strike"],"picked":"Echo Form","floor":16},{"not_picked":["Leap","Barrage"],"picked":"Ball Lightning+1","floor":18},{"not_picked":["Barrage","Consume"],"picked":"Defragment","floor":20},{"not_picked":["Fusion","Go for the Eyes"],"picked":"White Noise","floor":22}],"player_experience":1926756,"relics_obtained":[{"floor":6,"key":"Dodecahedron"},{"floor":8,"key":"Oddly Smooth Stone"},{"floor":9,"key":"Gambling Chip"},{"floor":10,"key":"FossilizedHelix"}],"event_choices":[{"damage_healed":0,"gold_gain":0,"player_choice":"Success","damage_taken":18,"relics_obtained":["Singing Bowl"],"max_hp_gain":0,"max_hp_loss":0,"event_name":"Scrap Ooze","floor":2,"gold_loss":0},{"damage_healed":0,"gold_gain":75,"player_choice":"Gather Gold","damage_taken":11,"max_hp_gain":0,"max_hp_loss":0,"event_name":"World of Goop","floor":3,"gold_loss":0},{"damage_healed":0,"gold_gain":0,"player_choice":"Take Wound","damage_taken":0,"relics_obtained":["Golden Idol"],"max_hp_gain":0,"max_hp_loss":0,"event_name":"Golden Idol","floor":4,"gold_loss":0,"cards_obtained":["Injury"]},{"damage_healed":0,"gold_gain":150,"player_choice":"AGREE","damage_taken":0,"max_hp_gain":0,"max_hp_loss":0,"event_name":"Liars Game","floor":11,"gold_loss":0,"cards_obtained":["Doubt"]},{"damage_healed":0,"gold_gain":0,"player_choice":"Opened","damage_taken":0,"relics_obtained":["Boot"],"max_hp_gain":0,"max_hp_loss":0,"event_name":"The Mausoleum","floor":19,"gold_loss":0,"cards_obtained":["Writhe"]}],"is_beta":false,"boss_relics":[{"not_picked":["Ectoplasm","Sozu"],"picked":"Empty Cage"}],"items_purged_floors":[21],"is_endless":false,"potions_floor_spawned":[1,6,10,16,18,20],"killed_by":"Slavers","ascension_level":18}