{"gold_per_floor":[116,116,116,116,134,134,166,1,1,30,42,56,56,68,68,147,147,164,180,105,121,45,45,55,55],"floor_reached":25,"playtime":990,"items_purged":[],"score":464,"play_id":"134bb98f-055a-4b6e-9532-534dfddfed8c","local_time":"20190513230706","is_ascension_mode":true,"campfire_choices":[{"data":"Sword Boomerang","floor":6,"key":"SMITH"},{"data":"Limit Break","floor":13,"key":"SMITH"},{"data":"Bash","floor":15,"key":"SMITH"},{"floor":23,"key":"REST"}],"neow_cost":"NONE","seed_source_timestamp":1572897694793466,"circlet_count":0,"master_deck":["AscendersBane","Strike_R","Strike_R+1","Strike_R","Defend_R","Defend_R+1","Defend_R","Defend_R+1","Bash+1","Shockwave+1","Sword Boomerang+1","Cleave","Limit Break+1","Havoc","Whirlwind+1","Wild Strike+1","Juggernaut","Heavy Blade+1","Metallicize","Spot Weakness","Shrug It Off+1"],"relics":["Burning Blood","NeowsBlessing","War Paint","Vajra","Molten Egg 2","Nunchaku","Velvet Choker"],"potions_floor_usage":[10,24],"damage_taken":[{"damage":0,"enemies":"2 Louse","floor":1,"turns":1},{"damage":0,"enemies":"Jaw Worm","floor":5,"turns":1},{"damage":0,"enemies":"Lagavulin","floor":7,"turns":1},{"damage":22,"enemies":"Gremlin Nob","floor":10,"turns":4},{"damage":0,"enemies":"Small Slimes","floor":11,"turns":2},{"damage":9,"enemies":"Red Slaver","floor":12,"turns":2},{"damage":9,"enemies":"Blue Slaver","floor":14,"turns":3},{"damage":32,"enemies":"The Guardian","floor":16,"turns":9},{"damage":31,"enemies":"Shell Parasite","floor":18,"turns":4},{"damage":11,"enemies":"2 Thieves","floor":19,"turns":2},{"damage":12,"enemies":"Snecko","floor":21,"turns":4},{"damage":27,"enemies":"Shelled Parasite and Fungi","floor":24,"turns":2},{"damage":25,"enemies":"Book of Stabbing","floor":25,"turns":2}],"seed_played":"8591946883206539200","potions_obtained":[{"floor":1,"key":"Ancient Potion"},{"floor":7,"key":"Ancient Potion"},{"floor":21,"key":"AttackPotion"}],"is_trial":false,"path_per_floor":["M","?","$","?","M","R","E","$","T","E","M","M","R","M","R","B",null,"M","M","?","M","$","R","M","E"],"character_chosen":"IRONCLAD","items_purchased":["Vajra","Spot Weakness"],"campfire_rested":1,"item_purchase_floors":[8,22],"current_hp_per_floor":[74,67,67,44,50,50,56,56,56,40,46,43,43,40,40,14,60,35,30,30,24,24,46,25,0],"gold":55,"neow_bonus":"THREE_ENEMY_KILL","is_prod":false,"is_daily":false,"chose_seed":false,"campfire_upgraded":3,"win_rate":0,"timestamp":1557785226,"path_taken":["M","?","$","?","M","R","E","$","T","E","M","M","R","M","R","BOSS","M","M","?","M","$","R","M","E"],"build_version":"2019-01-23","purchased_purges":0,"victory":false,"max_hp_per_floor":[75,75,75,75,75,75,75,75,75,75,75,75,75,75,75,75,75,75,75,75,75,75,75,75,75],"card_choices":[{"not_picked":["Intimidate","True Grit"],"picked":"Shockwave","floor":1},{"not_picked":["Havoc","Shrug It Off"],"picked":"Sword Boomerang","floor":5},{"not_picked":["Dual Wield","Wild Strike"],"picked":"Cleave","floor":7},{"not_picked":["Body Slam+1","Flame Barrier"],"picked":"Limit Break","floor":10},{"not_picked":["Sentinel","Thunderclap+1"],"picked":"Havoc","floor":11},{"not_picked":["Armaments","Pommel Strike+1"],"picked":"Whirlwind+1","floor":12},{"not_picked":["Havoc","Ghostly Armor"],"picked":"Wild Strike+1","floor":14},{"not_picked":["Impervious","Berserk"],"picked":"Juggernaut","floor":16},{"not_picked":["Battle Trance","Metallicize"],"picked":"Heavy Blade+1","floor":18},{"not_picked":["Rage","Cleave+1","Armaments"],"picked":"SKIP","floor":19},{"not_picked":["Headbutt+1","Dropkick+1"],"picked":"Metallicize","floor":21},{"not_picked":["Pommel Strike+1","Body Slam+1"],"picked":"Shrug It Off+1","floor":24}],"player_experience":1015707,"relics_obtained":[{"floor":7,"key":"War Paint"},{"floor":9,"key":"Molten Egg 2"},{"floor":10,"key":"Nunchaku"}],"event_choices":[{"cards_removed":["Strike_R"],"damage_healed":0,"gold_gain":0,"player_choice":"Card Removal","damage_taken":7,"max_hp_gain":0,"max_hp_loss":0,"event_name":"Golden Wing","floor":2,"gold_loss":0},{"damage_healed":0,"gold_gain":0,"player_choice":"Entered Light","damage_taken":23,"max_hp_gain":0,"max_hp_loss":0,"event_name":"Shining Light","floor":4,"gold_loss":0,"cards_upgraded":["Strike_R","Defend_R"]},{"cards_removed":["Strike_R"],"damage_healed":0,"gold_gain":0,"player_choice":"Gave Gold","damage_taken":0,"max_hp_gain":0,"max_hp_loss":0,"event_name":"Beggar","floor":20,"gold_loss":75}],"is_beta":false,"boss_relics":[{"not_picked":["Sozu","Eternal Feather"],"picked":"Velvet Choker"}],"items_purged_floors":[],"is_endless":false,"potions_floor_spawned":[1,7,21],"killed_by":"Book of Stabbing","ascension_level":19}