{"gold_per_floor":[111,127,427,443,458,458,458,488,511,511,586,49,49,82,82,155,155,165,165,80,99,110,135,151,151,151,177,194,194,194,205,205,279,279,299,399,107,107,124,124,139,139,190,216,216,216,59,59],"floor_reached":48,"playtime":1775,"items_purged":["Strike_B","Strike_B+1"],"score":1112,"play_id":"f527ad7a-2e9c-4b78-bf8b-1d9fed73faf8","local_time":"20190410222948","is_ascension_mode":true,"campfire_choices":[{"data":"Tempest","floor":6.0,"key":"SMITH"},{"floor":10.0,"key":"REST"},{"data":"Sunder","floor":15,"key":"SMITH"},{"floor":25,"key":"REST"},{"floor":30,"key":"REST"},{"floor":32,"key":"REST"},{"floor":40,"key":"RECALL"},{"floor":45,"key":"REST"},{"floor":46,"key":"REST"}],"neow_cost":"NONE","seed_source_timestamp":5800571333476,"circlet_count":0,"master_deck":["AscendersBane","Defend_B","Defend_B","Defend_B","Defend_B","Zap","Dualcast","Ball Lightning","Beam Cell","Tempest+1","Coolheaded","Cold Snap","Sunder+1","Core Surge+1","Creative AI","Double Energy","Melter","Ball Lightning","Coolheaded","Steam","Meteor Strike","Conserve Battery","Leap","Amplify","Go for the Eyes","Undo","Conserve Battery","Heatsinks","Panacea","Sweeping Beam","Coolheaded+1","Coolheaded+1"],"special_seed":0,"relics":["Nuclear Battery","Old Coin","Letter Opener","Blood Vial","Lantern","ClockworkSouvenir","Bag of Preparation","Vajra","Sozu","Centennial Puzzle","Bag of Marbles","Whetstone","DataDisk","CultistMask","Runic Dome","WingedGreaves","Pen Nib","Singing Bowl","Strawberry"],"potions_floor_usage":[27],"damage_taken":[{"damage":7.0,"enemies":"Cultist","floor":1.0,"turns":4.0},{"damage":7.0,"enemies":"Jaw Worm","floor":2.0,"turns":3.0},{"damage":3.0,"enemies":"2 Louse","floor":4.0,"turns":4.0},{"damage":6.0,"enemies":"Looter","floor":5.0,"turns":2.0},{"damage":10.0,"enemies":"3 Sentries","floor":8.0,"turns":3.0},{"damage":4,"enemies":"Gremlin Nob","floor":14,"turns":3},{"damage":24,"enemies":"Hexaghost","floor":16,"turns":9},{"damage":2,"enemies":"3 Byrds","floor":18,"turns":2},{"damage":0,"enemies":"Spheric Guardian","floor":21,"turns":1},{"damage":18,"enemies":"Snecko","floor":22,"turns":3},{"damage":17,"enemies":"Slavers","floor":23,"turns":3},{"damage":14,"enemies":"Cultist and Chosen","floor":24,"turns":4},{"damage":11,"enemies":"Gremlin Leader","floor":27,"turns":4},{"damage":13,"enemies":"Shelled Parasite and Fungi","floor":28,"turns":2},{"damage":9,"enemies":"Snake Plant","floor":31,"turns":2},{"damage":1,"enemies":"Champ","floor":33,"turns":8},{"damage":12,"enemies":"3 Shapes","floor":35,"turns":2},{"damage":8,"enemies":"Mind Bloom Boss Battle","floor":36,"turns":5},{"damage":0,"enemies":"Orb Walker","floor":39,"turns":2},{"damage":21,"enemies":"Maw","floor":41,"turns":6},{"damage":8,"enemies":"Nemesis","floor":44,"turns":6},{"damage":80,"enemies":"Giant Head","floor":48,"turns":7}],"seed_played":"7433232654025490266","potions_obtained":[{"floor":4.0,"key":"Explosive Potion"},{"floor":5.0,"key":"Fire Potion"},{"floor":8.0,"key":"Weak Potion"}],"is_trial":false,"path_per_floor":["M","M","?","M","M","R","T","E","T","R","?","$","T","E","R","B",null,"M","?","?","M","M","E","M","R","T","E","M","?","R","M","R","B",null,"M","?","$","?","M","R","M","?","T","E","R","R","$","E"],"character_chosen":"DEFECT","items_purchased":["Cold Snap","Sunder","ClockworkSouvenir","Bag of Preparation","Conserve Battery","Heatsinks","Panacea","Strawberry"],"campfire_rested":6,"item_purchase_floors":[12,12,12,12,37,37,37,47],"current_hp_per_floor":[57,50,50,47,41,41,41,31,31,52,41,41,41,39,39,17,58,58,58,58,60,44,29,17,38,38,29,18,18,39,32,53,54,67,57,51,51,51,53,53,34,34,34,30,51,72,79,0],"gold":59,"neow_bonus":"BOSS_RELIC","is_prod":false,"is_daily":false,"chose_seed":false,"campfire_upgraded":2,"win_rate":0,"timestamp":1554928188,"path_taken":["M","?","?","M","?","R","?","E","T","R","?","$","?","E","R","BOSS","M","?","?","M","M","E","M","R","T","E","M","?","R","M","R","BOSS","M","?","$","?","?","R","M","?","T","E","R","R","?","E"],"build_version":"2019-01-23","purchased_purges":2,"victory":false,"max_hp_per_floor":[71,71,71,71,71,71,71,71,71,71,71,71,71,71,71,71,71,71,71,71,71,71,71,71,71,71,71,71,71,71,71,71,71,71,71,71,71,71,71,71,71,71,71,73,73,73,80,80],"card_choices":[{"not_picked":["Coolheaded","Aggregate"],"picked":"Compile Driver","floor":1.0},{"not_picked":["Lockon","Steam"],"picked":"Ball Lightning","floor":2.0},{"not_picked":["Rip and Tear","Hologram"],"picked":"Beam Cell","floor":4.0},{"not_picked":["Double Energy","Aggregate"],"picked":"Tempest","floor":5.0},{"not_picked":["Steam","Doom and Gloom"],"picked":"Coolheaded","floor":8.0},{"not_picked":["Ball Lightning","Streamline"],"picked":"Core Surge","floor":14},{"not_picked":["Buffer","All For One"],"picked":"Creative AI","floor":16},{"not_picked":["Lockon","Consume"],"picked":"Double Energy","floor":18},{"not_picked":["Go for the Eyes","Compile Driver"],"picked":"Ball Lightning","floor":21},{"not_picked":["Sunder","Leap"],"picked":"Coolheaded","floor":22},{"not_picked":["Creative AI","Streamline+1"],"picked":"Steam","floor":23},{"not_picked":["Hologram","Aggregate","Lockon"],"picked":"SKIP","floor":24},{"not_picked":["Scrape","Hologram"],"picked":"Meteor Strike","floor":27},{"not_picked":["Storm","Static Discharge"],"picked":"Conserve Battery","floor":28},{"not_picked":["Rip and Tear","Turbo"],"picked":"Leap","floor":31},{"not_picked":["All For One","Multi-Cast"],"picked":"Amplify","floor":33},{"not_picked":["Rebound","Melter"],"picked":"Go for the Eyes","floor":35},{"not_picked":["Go for the Eyes","Compile Driver"],"picked":"Undo","floor":36},{"not_picked":["Go for the Eyes","Turbo"],"picked":"Sweeping Beam","floor":39},{"not_picked":["Turbo","Loop"],"picked":"Coolheaded+1","floor":41},{"not_picked":["Auto Shields","Turbo","Steam"],"picked":"Singing Bowl","floor":44}],"player_experience":764482,"relics_obtained":[{"floor":7.0,"key":"Letter Opener"},{"floor":8.0,"key":"Blood Vial"},{"floor":9.0,"key":"Lantern"},{"floor":14,"key":"Vajra"},{"floor":23,"key":"Bag of Marbles"},{"floor":26,"key":"Whetstone"},{"floor":27,"key":"DataDisk"},{"floor":36,"key":"WingedGreaves"},{"floor":43,"key":"Pen Nib"},{"floor":44,"key":"Singing Bowl"}],"event_choices":[{"cards_removed":["Compile Driver"],"damage_healed":0.0,"max_hp_gain":0.0,"max_hp_loss":0.0,"gold_gain":0.0,"event_name":"WeMeetAgain","player_choice":"Gave Card","floor":3.0,"gold_loss":0.0,"damage_taken":0.0,"relics_obtained":["Old Coin"]},{"damage_healed":0.0,"max_hp_gain":0.0,"max_hp_loss":0.0,"gold_gain":75.0,"event_name":"World of Goop","player_choice":"Gather Gold","floor":11.0,"gold_loss":0.0,"damage_taken":11.0},{"damage_healed":0,"gold_gain":0,"cards_transformed":["Strike_B","Strike_B"],"player_choice":"Became Test Subject","damage_taken":0,"max_hp_gain":0,"max_hp_loss":0,"event_name":"Drug Dealer","floor":19,"gold_loss":0,"cards_obtained":["Barrage","Melter"]},{"damage_healed":0,"gold_gain":0,"player_choice":"Obtained Relic","damage_taken":0,"relics_obtained":["Centennial Puzzle"],"max_hp_gain":0,"max_hp_loss":0,"event_name":"Addict","floor":20,"gold_loss":85},{"damage_healed":0,"gold_gain":0,"player_choice":"Trade","damage_taken":0,"relics_obtained":["CultistMask"],"max_hp_gain":0,"max_hp_loss":0,"event_name":"FaceTrader","floor":29,"gold_loss":0},{"damage_healed":0,"gold_gain":0,"player_choice":"Fight","damage_taken":0,"max_hp_gain":0,"max_hp_loss":0,"event_name":"MindBloom","floor":36,"gold_loss":0},{"cards_removed":["Barrage"],"damage_healed":0,"gold_gain":0,"player_choice":"Removed Attack","damage_taken":0,"max_hp_gain":0,"max_hp_loss":0,"event_name":"Falling","floor":38,"gold_loss":0},{"damage_healed":0,"gold_gain":0,"player_choice":"Copied","damage_taken":0,"max_hp_gain":0,"max_hp_loss":0,"event_name":"Duplicator","floor":42,"gold_loss":0,"cards_obtained":["Coolheaded"]}],"is_beta":false,"boss_relics":[{"not_picked":["Black Star","Lizard Tail"],"picked":"Sozu"},{"not_picked":["Philosopher\u0027s Stone","Orrery"],"picked":"Runic Dome"}],"items_purged_floors":[12,37],"is_endless":false,"potions_floor_spawned":[4,5,8,22,24,28,35,44],"killed_by":"Giant Head","ascension_level":20}