{"gold_per_floor":[117,117,42,42,61,61,84,84,111,111,150,150,164,177,177,296,296,316,316,311,311,66,66,85,99,99,14,14,38,51,72,72,197,197,220,239,239,239],"floor_reached":38,"playtime":1921,"items_purged":["Injury","Strike_G"],"score":605,"play_id":"406d82a9-0c79-4786-a566-1f808562550b","local_time":"20190225182403","is_ascension_mode":true,"campfire_choices":[{"data":"Apotheosis","floor":6,"key":"SMITH"},{"data":"Bullet Time","floor":8,"key":"SMITH"},{"data":"Skewer","floor":10,"key":"SMITH"},{"floor":15,"key":"REST"},{"data":"Neutralize","floor":23,"key":"SMITH"},{"data":"Acrobatics","floor":28,"key":"SMITH"},{"floor":32,"key":"REST"}],"neow_cost":"PERCENT_DAMAGE","seed_source_timestamp":483597387557500,"circlet_count":0,"master_deck":["AscendersBane","Defend_G","Defend_G","Defend_G","Defend_G","Defend_G","Strike_G","Strike_G","Survivor","Neutralize+1","Discovery","Apotheosis+1","Quick Slash","Skewer+1","Bullet Time+1","Backflip","Acrobatics+1","Escape Plan","After Image+1","Dash","Well Laid Plans+1","Die Die Die","Noxious Fumes","Deadly Poison","A Thousand Cuts","Leg Sweep+1","Blur+1"],"relics":["Ring of the Snake","Golden Idol","Anchor","Darkstone Periapt","Sozu","Oddly Smooth Stone","Pantograph","Mercury Hourglass","Eternal Feather"],"potions_floor_usage":[11,16,18],"damage_taken":[{"damage":1,"enemies":"Jaw Worm","floor":1,"turns":3},{"damage":0,"enemies":"Cultist","floor":5,"turns":4},{"damage":0,"enemies":"Small Slimes","floor":7,"turns":2},{"damage":2,"enemies":"3 Sentries","floor":11,"turns":5},{"damage":8,"enemies":"Exordium Thugs","floor":13,"turns":6},{"damage":0,"enemies":"Exordium Wildlife","floor":14,"turns":4},{"damage":20,"enemies":"Slime Boss","floor":16,"turns":10},{"damage":15,"enemies":"Spheric Guardian","floor":18,"turns":6},{"damage":6,"enemies":"2 Thieves","floor":20,"turns":4},{"damage":0,"enemies":"Centurion and Healer","floor":24,"turns":9},{"damage":0,"enemies":"Snecko","floor":25,"turns":6},{"damage":10,"enemies":"Snake Plant","floor":29,"turns":5},{"damage":1,"enemies":"3 Cultists","floor":30,"turns":5},{"damage":0,"enemies":"Sentry and Sphere","floor":31,"turns":4},{"damage":14,"enemies":"Collector","floor":33,"turns":11},{"damage":25,"enemies":"3 Darklings","floor":35,"turns":5},{"damage":26,"enemies":"3 Shapes","floor":36,"turns":4},{"damage":22,"enemies":"Writhing Mass","floor":38,"turns":4}],"seed_played":"4564066356995971926","potions_obtained":[{"floor":1,"key":"AttackPotion"},{"floor":14,"key":"SkillPotion"},{"floor":16,"key":"AttackPotion"}],"is_trial":false,"path_per_floor":["M","?","$","?","M","R","M","R","T","R","E","?","M","M","R","B",null,"M","?","M","?","$","R","M","M","T","?","R","M","M","M","R","B",null,"M","M","?","M"],"character_chosen":"THE_SILENT","items_purchased":["Oddly Smooth Stone"],"campfire_rested":2,"item_purchase_floors":[22],"current_hp_per_floor":[44,44,44,44,44,44,44,44,44,44,42,42,34,34,55,35,61,46,69,63,63,63,63,63,63,63,63,63,53,52,52,70,56,67,42,16,16,0],"gold":239,"neow_bonus":"RANDOM_COLORLESS_2","is_prod":false,"is_daily":false,"chose_seed":false,"campfire_upgraded":5,"win_rate":0,"timestamp":1551115443,"path_taken":["M","?","$","?","?","R","M","R","T","R","E","?","?","M","R","BOSS","M","?","M","?","$","R","?","M","T","?","R","M","M","M","R","BOSS","M","M","?","M"],"build_version":"2019-01-23","purchased_purges":2,"victory":false,"max_hp_per_floor":[70,70,70,70,70,70,70,70,70,70,70,70,70,70,70,70,70,70,70,70,70,70,70,70,70,70,70,70,70,70,70,70,70,70,70,70,70,70],"card_choices":[{"not_picked":["Tactician","PiercingWail"],"picked":"Quick Slash","floor":1},{"not_picked":["Underhanded Strike","Dagger Throw"],"picked":"Skewer","floor":5},{"not_picked":["Deflect","Dagger Spray"],"picked":"Bullet Time","floor":7},{"not_picked":["Flying Knee","Infinite Blades"],"picked":"Backflip","floor":11},{"not_picked":["Calculated Gamble","Quick Slash"],"picked":"Acrobatics","floor":13},{"not_picked":["Night Terror","Bane"],"picked":"Escape Plan","floor":14},{"not_picked":["Burst","Venomology"],"picked":"After Image","floor":16},{"not_picked":["Bouncing Flask","Backstab"],"picked":"Dash","floor":18},{"not_picked":["Bane","Bouncing Flask"],"picked":"Well Laid Plans+1","floor":20},{"not_picked":["Outmaneuver","Bouncing Flask","Well Laid Plans"],"picked":"SKIP","floor":24},{"not_picked":["Poisoned Stab","Outmaneuver","Bane"],"picked":"SKIP","floor":25},{"not_picked":["Bane","Masterful Stab"],"picked":"Die Die Die","floor":29},{"not_picked":["Quick Slash+1","Sucker Punch"],"picked":"Noxious Fumes","floor":30},{"not_picked":["Slice","Backflip"],"picked":"Deadly Poison","floor":31},{"not_picked":["Venomology","Doppelganger"],"picked":"A Thousand Cuts","floor":33},{"not_picked":["Blade Dance+1","Calculated Gamble"],"picked":"Leg Sweep+1","floor":35},{"not_picked":["Heel Hook","Poisoned Stab+1"],"picked":"Blur+1","floor":36}],"player_experience":853852,"relics_obtained":[{"floor":9,"key":"Anchor"},{"floor":11,"key":"Darkstone Periapt"},{"floor":26,"key":"Pantograph"}],"event_choices":[{"damage_healed":0,"gold_gain":0,"player_choice":"Take Wound","damage_taken":0,"relics_obtained":["Golden Idol"],"max_hp_gain":0,"max_hp_loss":0,"event_name":"Golden Idol","floor":2,"gold_loss":0,"cards_obtained":["Injury"]},{"cards_removed":["Strike_G"],"damage_healed":0,"gold_gain":0,"player_choice":"Offered Basic","damage_taken":0,"max_hp_gain":0,"max_hp_loss":0,"event_name":"Bonfire Elementals","floor":4,"gold_loss":0},{"cards_removed":["Strike_G"],"damage_healed":0,"gold_gain":0,"player_choice":"Purged","damage_taken":0,"max_hp_gain":0,"max_hp_loss":0,"event_name":"Purifier","floor":12,"gold_loss":0},{"damage_healed":23,"gold_gain":0,"player_choice":"Heal","damage_taken":0,"max_hp_gain":0,"max_hp_loss":0,"event_name":"The Library","floor":19,"gold_loss":0},{"damage_healed":0,"gold_gain":0,"player_choice":"Forge","damage_taken":0,"max_hp_gain":0,"max_hp_loss":0,"event_name":"Accursed Blacksmith","floor":21,"gold_loss":0,"cards_upgraded":["After Image"]},{"damage_healed":0,"gold_gain":0,"player_choice":"Obtained Relic","damage_taken":0,"relics_obtained":["Mercury Hourglass"],"max_hp_gain":0,"max_hp_loss":0,"event_name":"Addict","floor":27,"gold_loss":85},{"damage_healed":0,"gold_gain":0,"player_choice":"Ignored","damage_taken":0,"max_hp_gain":0,"max_hp_loss":0,"event_name":"Mysterious Sphere","floor":37,"gold_loss":0}],"is_beta":false,"boss_relics":[{"not_picked":["WristBlade","Runic Dome"],"picked":"Sozu"},{"not_picked":["Snecko Eye","Busted Crown"],"picked":"Eternal Feather"}],"items_purged_floors":[3,22],"is_endless":false,"potions_floor_spawned":[1,14,16,24,29,30,36],"killed_by":"Writhing Mass","ascension_level":12}