{"gold_per_floor":[117,117,127,81,93,122,140,166,166,195,195,195,159,177,177,272,272,290,303,27,44,44,74,74,93,93,93,120,120,120,134,134,231,231,250,250,250,264,315,315,350,350,350,368,67,82,102,102,102,102],"floor_reached":51,"playtime":4531,"items_purged":["Strike_B","Defend_B"],"score":1051,"play_id":"2fc8d6e0-d6d0-49f9-afd7-3106d7fe5ab4","local_time":"20180823210233","is_ascension_mode":true,"campfire_choices":[{"floor":11,"key":"REST"},{"floor":15,"key":"REST"},{"floor":24,"key":"REST"},{"data":"Loop","floor":27,"key":"SMITH"},{"floor":32,"key":"REST"},{"data":"Buffer","floor":40,"key":"SMITH"},{"data":"Echo Form","floor":42,"key":"SMITH"},{"data":"1","floor":49,"key":"LIFT"}],"neow_cost":"NONE","seed_source_timestamp":464654578231632,"circlet_count":0,"master_deck":["Defend_B","Defend_B","Defend_B","Zap","Dualcast","Reinforced Body+1","Coolheaded+1","Rebound","Conserve Battery+1","Rip and Tear","Rainbow+1","Loop+1","Skim+1","Multi-Cast+1","Hologram+1","Hologram+1","Glacier+1","Core Surge","Ball Lightning","Buffer+1","Stack+1","Defragment+1","Bite","Bite","Bite","Bite","Bite","Echo Form+1","Rebound+1","Sunder+1","Go for the Eyes+1","Redo+1","Coolheaded+1"],"relics":["Cracked Core","Orichalcum","Toxic Egg 2","Gambling Chip","Ornamental Fan","Peace Pipe","Nuclear Battery","Ancient Tea Set","Happy Flower","Question Card","Sozu","Prayer Wheel","Centennial Puzzle","Mummified Hand","ClockworkSouvenir","Girya"],"potions_floor_usage":[6,7,19,33,33,50],"damage_taken":[{"damage":3,"enemies":"2 Louse","floor":1,"turns":4},{"damage":0,"enemies":"Cultist","floor":3,"turns":3},{"damage":1,"enemies":"Jaw Worm","floor":5,"turns":4},{"damage":8,"enemies":"3 Sentries","floor":6,"turns":8},{"damage":2,"enemies":"Exordium Wildlife","floor":7,"turns":5},{"damage":18,"enemies":"Lagavulin","floor":8,"turns":9},{"damage":12,"enemies":"Gremlin Nob","floor":10,"turns":5},{"damage":8,"enemies":"3 Louse","floor":14,"turns":2},{"damage":16,"enemies":"Hexaghost","floor":16,"turns":10},{"damage":0,"enemies":"Shell Parasite","floor":18,"turns":4},{"damage":7,"enemies":"3 Byrds","floor":19,"turns":3},{"damage":4,"enemies":"Snecko","floor":21,"turns":8},{"damage":47,"enemies":"Slavers","floor":23,"turns":11},{"damage":7,"enemies":"Snake Plant","floor":25,"turns":4},{"damage":6,"enemies":"Book of Stabbing","floor":28,"turns":5},{"damage":5,"enemies":"Shelled Parasite and Fungi","floor":31,"turns":4},{"damage":0,"enemies":"Automaton","floor":33,"turns":9},{"damage":0,"enemies":"Orb Walker","floor":35,"turns":4},{"damage":6,"enemies":"3 Darklings","floor":38,"turns":7},{"damage":16,"floor":39,"turns":7},{"damage":11,"enemies":"2 Orb Walkers","floor":41,"turns":7},{"damage":0,"enemies":"Spire Growth","floor":44,"turns":4},{"damage":0,"enemies":"Sphere and 2 Shapes","floor":46,"turns":3},{"damage":0,"enemies":"Flame Bruiser 2 Orb","floor":47,"turns":5},{"damage":0,"floor":48,"turns":6},{"damage":50,"enemies":"Awakened One","floor":50,"turns":20}],"seed_played":"3226220393785991618","potions_obtained":[{"floor":1,"key":"Fire Potion"},{"floor":6,"key":"Fruit Juice"},{"floor":8,"key":"LiquidBronze"},{"floor":19,"key":"AttackPotion"},{"floor":25,"key":"PowerPotion"},{"floor":33,"key":"Block Potion"}],"is_trial":false,"path_per_floor":["M","?","M","$","M","E","M","E","T","E","R","?","$","M","R","B",null,"M","M","$","M","?","E","R","M","T","R","E","?","$","M","R","B",null,"M","?","?","M","?","R","E","R","T","M","$","M","M","?","R","B"],"character_chosen":"DEFECT","items_purchased":["Coolheaded+1","Loop","Glacier+1","Core Surge","ClockworkSouvenir"],"campfire_rested":4,"item_purchase_floors":[4,13,20,20,45],"current_hp_per_floor":[65,62,62,62,61,53,58,42,42,32,56,49,49,43,67,53,73,75,70,70,68,68,23,47,42,42,42,38,38,38,39,63,79,80,80,80,80,74,66,66,63,63,63,67,67,73,77,80,80,57],"gold":102,"neow_bonus":"RANDOM_COMMON_RELIC","is_prod":false,"is_daily":false,"chose_seed":false,"campfire_upgraded":3,"win_rate":0,"timestamp":1535054553,"path_taken":["M","?","?","$","M","E","M","E","T","E","R","?","?","?","R","BOSS","M","M","$","M","?","E","R","M","T","R","E","?","$","M","R","BOSS","M","?","?","M","?","R","E","R","T","M","$","M","?","?","R","BOSS"],"build_version":"2018-08-16","purchased_purges":2,"victory":true,"max_hp_per_floor":[75,75,75,75,75,75,80,80,80,80,80,80,80,80,80,80,80,80,80,80,80,80,80,80,80,80,80,80,80,80,80,80,80,80,80,80,80,80,80,80,80,80,80,80,80,80,80,80,80,80],"card_choices":[{"not_picked":["Auto Shields","Beam Cell","Scrape"],"picked":"SKIP","floor":1},{"not_picked":["Recycle+1","Capacitor"],"picked":"Reinforced Body+1","floor":3},{"not_picked":["Lockon","Redo+1"],"picked":"Rebound","floor":5},{"not_picked":["Heatsinks","Aggregate+1"],"picked":"Conserve Battery+1","floor":6},{"not_picked":["Compile Driver","Streamline","Turbo+1"],"picked":"SKIP","floor":7},{"not_picked":["Rebound","Skim+1"],"picked":"Rip and Tear","floor":8},{"not_picked":["FTL","Streamline"],"picked":"Rainbow+1","floor":10},{"not_picked":["Aggregate+1","Compile Driver"],"picked":"Skim+1","floor":14},{"not_picked":["Biased Cognition","Amplify+1"],"picked":"Multi-Cast+1","floor":16},{"not_picked":["Self Repair","Beam Cell"],"picked":"Hologram+1","floor":18},{"not_picked":["Self Repair","Go for the Eyes"],"picked":"Hologram+1","floor":19},{"not_picked":["Coolheaded+1","Steam Power+1"],"picked":"Ball Lightning","floor":21},{"not_picked":["Steam+1","Beam Cell+1"],"picked":"Buffer","floor":23},{"not_picked":["Static Discharge","Lockon"],"picked":"Stack+1","floor":25},{"not_picked":["Tempest+1","Capacitor"],"picked":"Defragment","floor":28},{"not_picked":["Recycle+1","Cold Snap","Gash+1"],"picked":"Barrage+1","floor":31},{"not_picked":["All For One","Rainbow+1","Multi-Cast+1"],"picked":"Echo Form","floor":33},{"not_picked":["Cold Snap+1","Ball Lightning+1","Fusion+1"],"picked":"Rebound+1","floor":35},{"not_picked":["Storm","Static Discharge+1","Sweeping Beam+1"],"picked":"Sunder+1","floor":38},{"not_picked":["Hello World+1","Aggregate+1","Recycle+1","Ball Lightning"],"picked":"SKIP","floor":41},{"not_picked":["Force Field+1","Chill+1","Amplify+1"],"picked":"Go for the Eyes+1","floor":44},{"not_picked":["Auto Shields+1","Beam Cell","Streamline+1","Stack+1"],"picked":"SKIP","floor":44},{"not_picked":["Storm","Coolheaded+1","Gash"],"picked":"Redo+1","floor":46},{"not_picked":["Double Energy+1","Lockon+1","Stack+1","Melter+1"],"picked":"SKIP","floor":46},{"not_picked":["Rip and Tear+1","Rebound","Doom and Gloom+1"],"picked":"Coolheaded+1","floor":47},{"not_picked":["Reinforced Body+1","Consume+1","Leap+1","Streamline+1"],"picked":"SKIP","floor":47}],"player_experience":593631,"relics_obtained":[{"floor":6,"key":"Blood Vial"},{"floor":8,"key":"Gambling Chip"},{"floor":9,"key":"Ornamental Fan"},{"floor":10,"key":"Peace Pipe"},{"floor":23,"key":"Ancient Tea Set"},{"floor":26,"key":"Happy Flower"},{"floor":28,"key":"Question Card"},{"floor":39,"key":"Prayer Wheel"},{"floor":41,"key":"Centennial Puzzle"},{"floor":43,"key":"Mummified Hand"},{"floor":48,"key":"Girya"}],"event_choices":[{"event_name":"Scrap Ooze","player_choice":"success","floor":2,"damage_taken":3},{"event_name":"Golden Wing","player_choice":"Card Removal","floor":12,"damage_taken":0},{"event_name":"Ghosts","player_choice":"Ignored","floor":22,"damage_taken":0},{"event_name":"Vampires","player_choice":"Became a vampire (Vial)","floor":29,"damage_taken":0},{"event_name":"Falling","player_choice":"Removed Attack","floor":36,"damage_taken":0},{"event_name":"Upgrade Shrine","player_choice":"Upgraded","floor":37,"damage_taken":0},{"event_name":"Mysterious Sphere","player_choice":"Fight","floor":39,"damage_taken":0},{"event_name":"MindBloom","player_choice":"Fight","floor":48,"damage_taken":0}],"is_beta":false,"boss_relics":[{"not_picked":["Eternal Feather","White Beast Statue"],"picked":"Nuclear Battery"},{"not_picked":["Snecko Eye","Runic Dome"],"picked":"Sozu"}],"items_purged_floors":[20,45],"is_endless":false,"potions_floor_spawned":[1,6,8,19,25,33,35,38,41,46],"ascension_level":7}