{"gold_per_floor":[111,111,122,122,133,133,133,167,192,73,87,41,56,68,68,68],"floor_reached":16,"playtime":487,"items_purged":[],"score":128,"play_id":"27fd9d47-0d76-4728-950d-c92b9e5c97a9","local_time":"20191004184417","is_ascension_mode":true,"campfire_choices":[{"data":"Sunder","floor":6,"key":"SMITH"},{"floor":15,"key":"REST"}],"neow_cost":"NONE","seed_source_timestamp":2022104941808025,"circlet_count":0,"master_deck":["Strike_B+1","Strike_B+1","Strike_B+1","Defend_B","Defend_B","Defend_B","Defend_B","Zap","Dualcast+1","Trip","Ball Lightning","Sunder+1","Defragment","Self Repair","Leap","Turbo","Hologram","Defragment","Rainbow"],"relics":["Cracked Core","PreservedInsect","Whetstone"],"potions_floor_usage":[14,14,16],"damage_taken":[{"damage":7,"enemies":"Jaw Worm","floor":1,"turns":3},{"damage":0,"enemies":"Cultist","floor":3,"turns":3},{"damage":0,"enemies":"Small Slimes","floor":5,"turns":2},{"damage":30,"enemies":"Lagavulin","floor":8,"turns":4},{"damage":3,"enemies":"Looter","floor":11,"turns":3},{"damage":14,"enemies":"Lots of Slimes","floor":13,"turns":3},{"damage":0,"enemies":"Exordium Wildlife","floor":14,"turns":3},{"damage":42,"enemies":"Slime Boss","floor":16,"turns":6}],"seed_played":"-6874474028703567215","potions_obtained":[{"floor":3,"key":"FearPotion"},{"floor":5,"key":"Explosive Potion"},{"floor":8,"key":"FocusPotion"},{"floor":13,"key":"AttackPotion"}],"is_trial":false,"path_per_floor":["M","?","M","?","M","R","$","E","T","$","M","$","M","M","R","B"],"character_chosen":"DEFECT","items_purchased":["Self Repair","Leap","Hologram"],"campfire_rested":1,"item_purchase_floors":[10,10,12],"current_hp_per_floor":[68,61,61,46,46,46,46,16,16,16,20,20,6,13,35,0],"gold":68,"neow_bonus":"RANDOM_COLORLESS","is_prod":false,"is_daily":false,"chose_seed":false,"campfire_upgraded":1,"win_rate":0,"timestamp":1570229057,"path_taken":["M","?","M","?","M","R","?","E","T","$","M","?","M","M","R","BOSS"],"build_version":"2019-10-04","purchased_purges":0,"victory":false,"max_hp_per_floor":[75,75,75,75,75,75,75,75,75,75,75,75,75,75,75,75],"card_choices":[{"not_picked":["Madness","Mind Blast"],"picked":"Trip","floor":0},{"not_picked":["Reinforced Body","Stack"],"picked":"Ball Lightning","floor":1},{"not_picked":["Redo","Go for the Eyes","Reprogram"],"picked":"SKIP","floor":3},{"not_picked":["Ball Lightning","Redo"],"picked":"Sunder","floor":5},{"not_picked":["Barrage","Go for the Eyes"],"picked":"Defragment","floor":8},{"not_picked":["Steam","Static Discharge"],"picked":"Turbo","floor":11},{"not_picked":["BootSequence","Conserve Battery"],"picked":"Defragment","floor":13},{"not_picked":["Conserve Battery","Darkness"],"picked":"Rainbow","floor":14}],"player_experience":466282,"relics_obtained":[{"floor":8,"key":"PreservedInsect"},{"floor":9,"key":"Whetstone"}],"event_choices":[{"cards_removed":["Strike_B"],"damage_healed":0,"gold_gain":0,"player_choice":"Card Removal","damage_taken":7,"max_hp_gain":0,"max_hp_loss":0,"event_name":"Golden Wing","floor":2,"gold_loss":0},{"damage_healed":0,"gold_gain":0,"player_choice":"Entered Light","damage_taken":15,"max_hp_gain":0,"max_hp_loss":0,"event_name":"Shining Light","floor":4,"gold_loss":0,"cards_upgraded":["Strike_B","Dualcast"]}],"is_beta":true,"boss_relics":[],"items_purged_floors":[],"is_endless":false,"potions_floor_spawned":[3,5,8,13],"killed_by":"Slime Boss","ascension_level":5}