{"gold_per_floor":[367,517,531,456,110,141,141,175,175,25,37,50,50,77,77,156,156,169,169,181,195,230,230,330,330,330,330,356,301,1,21,21,100,100,119,119,41,141,141,141],"floor_reached":40,"playtime":2117,"items_purged":["Strike_R","Armaments"],"score":704,"play_id":"bb73b7ac-d733-4e11-b060-fcd94896909b","local_time":"20190515234443","is_ascension_mode":true,"campfire_choices":[{"data":"Armaments","floor":7,"key":"SMITH"},{"data":"Bludgeon","floor":13,"key":"SMITH"},{"data":"Strike_R","floor":15,"key":"PURGE"},{"floor":23,"key":"REST"},{"floor":25,"key":"REST"},{"data":"Whirlwind","floor":27,"key":"SMITH"},{"data":"Barricade","floor":32,"key":"SMITH"}],"neow_cost":"CURSE","seed_source_timestamp":173159899702700,"circlet_count":0,"master_deck":["AscendersBane","Strike_R+1","Defend_R","Defend_R","Defend_R","Defend_R","Bash+1","Pommel Strike","Bludgeon+1","True Grit","Armaments+1","Iron Wave","Dark Embrace","Reckless Charge","Flex","Barricade+1","Whirlwind+1","Body Slam","Clothesline+1","Heavy Blade","Ghostly Armor","Offering","Flame Barrier","Demon Form"],"relics":["Burning Blood","Membership Card","Peace Pipe","Whetstone","Mercury Hourglass","Dead Branch","Odd Mushroom","Velvet Choker","Red Mask","Ice Cream","Bottled Flame","Strawberry","Art of War","Tiny Chest","Bag of Preparation","Lee\u0027s Waffle","Busted Crown","Red Skull","Shovel"],"potions_floor_usage":[3,12,24,33,33,38],"damage_taken":[{"damage":12,"enemies":"Small Slimes","floor":1,"turns":4},{"damage":12,"enemies":"Jaw Worm","floor":3,"turns":2},{"damage":31,"enemies":"Lagavulin","floor":6,"turns":6},{"damage":21,"enemies":"3 Sentries","floor":8,"turns":9},{"damage":0,"enemies":"2 Louse","floor":11,"turns":3},{"damage":0,"enemies":"Looter","floor":12,"turns":1},{"damage":2,"enemies":"The Mushroom Lair","floor":14,"turns":4},{"damage":19,"enemies":"Hexaghost","floor":16,"turns":9},{"damage":5,"enemies":"3 Byrds","floor":18,"turns":6},{"damage":7,"enemies":"Shell Parasite","floor":20,"turns":4},{"damage":14,"enemies":"Sentry and Sphere","floor":21,"turns":5},{"damage":36,"enemies":"Masked Bandits","floor":22,"turns":4},{"damage":14,"enemies":"Colosseum Slavers","floor":24,"turns":3},{"damage":28,"enemies":"Colosseum Nobs","floor":24,"turns":5},{"damage":24,"enemies":"Shelled Parasite and Fungi","floor":31,"turns":7},{"damage":48,"enemies":"Collector","floor":33,"turns":9},{"damage":39,"enemies":"3 Darklings","floor":35,"turns":4},{"damage":0,"enemies":"Mind Bloom Boss Battle","floor":38,"turns":2},{"damage":47,"enemies":"Giant Head","floor":40,"turns":6}],"seed_played":"7091784021157240531","potions_obtained":[{"floor":1,"key":"Fire Potion"},{"floor":3,"key":"SmokeBomb"},{"floor":6,"key":"Fire Potion"},{"floor":18,"key":"Dexterity Potion"},{"floor":24,"key":"PowerPotion"},{"floor":31,"key":"LiquidBronze"},{"floor":33,"key":"Energy Potion"},{"floor":35,"key":"Fire Potion"}],"is_trial":false,"path_per_floor":["M","?","M","?","$","E","R","E","T","$","M","M","R","?","R","B",null,"M","?","M","M","?","R","?","R","T","R","T","?","$","M","R","B",null,"M","?","$","?","?","E"],"character_chosen":"IRONCLAD","items_purchased":["Membership Card","Bludgeon","True Grit","Dead Branch","Bag of Preparation","Lee\u0027s Waffle","Offering","Red Skull"],"campfire_rested":2,"item_purchase_floors":[5,5,5,10,30,30,30,37],"current_hp_per_floor":[62,62,56,56,56,31,31,16,16,16,22,28,28,32,32,19,61,62,62,61,53,23,45,15,37,44,44,44,44,89,71,71,29,74,41,41,41,47,47,0],"gold":141,"neow_bonus":"TWO_FIFTY_GOLD","is_prod":false,"is_daily":false,"chose_seed":false,"campfire_upgraded":4,"win_rate":0,"timestamp":1557956683,"path_taken":["M","?","M","?","$","E","R","E","T","?","M","M","R","?","R","BOSS","M","?","M","M","?","R","?","R","T","R","?","?","$","M","R","BOSS","M","?","?","?","?","E"],"build_version":"2019-01-23","purchased_purges":2,"victory":false,"max_hp_per_floor":[75,75,75,75,75,75,75,75,75,75,75,75,75,75,75,75,75,75,75,75,75,75,75,75,75,82,82,82,82,89,89,89,89,89,89,89,89,89,89,89],"card_choices":[{"not_picked":["Cleave","Perfected Strike"],"picked":"Pommel Strike","floor":1},{"not_picked":["Disarm","Shrug It Off"],"picked":"Battle Trance","floor":3},{"not_picked":["Twin Strike","Anger"],"picked":"Armaments","floor":6},{"not_picked":["Sword Boomerang","Rage"],"picked":"Iron Wave","floor":8},{"not_picked":["Sword Boomerang","Cleave"],"picked":"Dark Embrace","floor":11},{"not_picked":["Clothesline","Fire Breathing"],"picked":"Reckless Charge","floor":12},{"not_picked":["True Grit","Thunderclap"],"picked":"Flex","floor":14},{"not_picked":["Impervious","Dark Embrace"],"picked":"Barricade","floor":16},{"not_picked":["Havoc","Thunderclap","Sword Boomerang"],"picked":"SKIP","floor":18},{"not_picked":["Armaments","Thunderclap"],"picked":"Body Slam","floor":20},{"not_picked":["True Grit","Perfected Strike+1"],"picked":"Clothesline+1","floor":21},{"not_picked":["Searing Blow","Clothesline"],"picked":"Heavy Blade","floor":22},{"not_picked":["Twin Strike","Clothesline"],"picked":"Ghostly Armor","floor":24},{"not_picked":["Dropkick","Shrug It Off"],"picked":"Flame Barrier","floor":31},{"not_picked":["Fiend Fire","Barricade"],"picked":"Demon Form","floor":33},{"not_picked":["Armaments"],"picked":"SKIP","floor":35}],"player_experience":1106542,"relics_obtained":[{"floor":6,"key":"Peace Pipe"},{"floor":8,"key":"Whetstone"},{"floor":9,"key":"Mercury Hourglass"},{"floor":14,"key":"Odd Mushroom"},{"floor":22,"key":"Red Mask"},{"floor":24,"key":"Ice Cream"},{"floor":24,"key":"Bottled Flame"},{"floor":26,"key":"Strawberry"},{"floor":28,"key":"Art of War"},{"floor":38,"key":"Shovel"}],"event_choices":[{"damage_healed":0,"gold_gain":150,"player_choice":"AGREE","damage_taken":0,"max_hp_gain":0,"max_hp_loss":0,"event_name":"Liars Game","floor":2,"gold_loss":0,"cards_obtained":["Doubt"]},{"cards_removed":["Doubt"],"damage_healed":0,"gold_gain":0,"player_choice":"Card Removal","damage_taken":0,"max_hp_gain":0,"max_hp_loss":0,"event_name":"The Cleric","floor":4,"gold_loss":75},{"damage_healed":0,"gold_gain":0,"player_choice":"Fought Mushrooms","damage_taken":0,"max_hp_gain":0,"max_hp_loss":0,"event_name":"Mushrooms","floor":14,"gold_loss":0},{"damage_healed":0,"gold_gain":0,"cards_transformed":["Strike_R","Strike_R"],"player_choice":"Became Test Subject","damage_taken":0,"max_hp_gain":0,"max_hp_loss":0,"event_name":"Drug Dealer","floor":19,"gold_loss":0,"cards_obtained":["Armaments","Whirlwind"]},{"damage_healed":0,"gold_gain":0,"player_choice":"Fought Bandits","damage_taken":0,"max_hp_gain":0,"max_hp_loss":0,"event_name":"Masked Bandits","floor":22,"gold_loss":0},{"damage_healed":0,"gold_gain":0,"player_choice":"Fight","damage_taken":0,"max_hp_gain":0,"max_hp_loss":0,"event_name":"Colosseum","floor":24,"gold_loss":0},{"damage_healed":0,"gold_gain":0,"player_choice":"Fought Nobs","damage_taken":0,"max_hp_gain":0,"max_hp_loss":0,"event_name":"Colosseum","floor":24,"gold_loss":0},{"damage_healed":0,"gold_gain":0,"player_choice":"Obtained Relic","damage_taken":0,"relics_obtained":["Tiny Chest"],"max_hp_gain":0,"max_hp_loss":0,"event_name":"Addict","floor":29,"gold_loss":85},{"cards_removed":["Clumsy"],"damage_healed":0,"gold_gain":0,"player_choice":"Removed Curses","damage_taken":0,"max_hp_gain":0,"max_hp_loss":0,"event_name":"Fountain of Cleansing","floor":36,"gold_loss":0},{"damage_healed":0,"gold_gain":0,"player_choice":"Fight","damage_taken":0,"max_hp_gain":0,"max_hp_loss":0,"event_name":"MindBloom","floor":38,"gold_loss":0},{"cards_removed":["Battle Trance"],"damage_healed":0,"gold_gain":0,"player_choice":"Removed Skill","damage_taken":0,"max_hp_gain":0,"max_hp_loss":0,"event_name":"Falling","floor":39,"gold_loss":0}],"is_beta":false,"boss_relics":[{"not_picked":["Fusion Hammer","Black Star"],"picked":"Velvet Choker"},{"not_picked":["Snecko Eye","Coffee Dripper"],"picked":"Busted Crown"}],"items_purged_floors":[5,30],"is_endless":false,"potions_floor_spawned":[1,3,6,18,24,24,31,33,35],"killed_by":"Giant Head","ascension_level":15}