{"gold_per_floor":[114,127,146,158,178,178,211,230,254,254,315,315,366,27,27,126,126,141,141,41,61,81,81,112,112,112,112,129,102,201,201,201,302,302,317,317,337,354,365,395,395,427,507,519,67,85,105,133,133,133],"floor_reached":51,"playtime":6627,"items_purged":["Strike_B","Strike_B","Capacitor"],"score":901,"play_id":"b551794e-3cd3-4a20-af72-54d8c29e70b1","local_time":"20190326180321","is_ascension_mode":true,"campfire_choices":[{"data":"Zap","floor":6.0,"key":"SMITH"},{"data":"Hologram","floor":10.0,"key":"SMITH"},{"data":"Skim","floor":12.0,"key":"SMITH"},{"floor":15.0,"key":"REST"},{"data":"Apotheosis","floor":23.0,"key":"SMITH"},{"data":"Seek","floor":25.0,"key":"SMITH"},{"data":"Reboot","floor":27.0,"key":"SMITH"},{"floor":32.0,"key":"REST"},{"floor":41.0,"key":"RECALL"},{"data":"Machine Learning","floor":49.0,"key":"SMITH"}],"neow_cost":"NONE","seed_source_timestamp":249284503109248,"circlet_count":0,"master_deck":["Defend_B","Defend_B","Defend_B","Defend_B","Zap+1","Dualcast","Steam","Skim+1","Hologram+1","Seek+1","Sweeping Beam","Reboot+1","Apotheosis+1","All For One","Turbo","Gash+1","Steam","Seek+1","Beam Cell+1","Gash","Machine Learning+1"],"special_seed":0,"relics":["Lizard Tail","Oddly Smooth Stone","Centennial Puzzle","Tiny Chest","Happy Flower","Empty Cage","Lantern","Mercury Hourglass","Runic Pyramid","Potion Belt","Anchor","HandDrill","Kunai"],"potions_floor_usage":[50],"damage_taken":[{"damage":1.0,"enemies":"Cultist","floor":1.0,"turns":4.0},{"damage":3.0,"enemies":"Jaw Worm","floor":2.0,"turns":5.0},{"damage":6.0,"enemies":"2 Louse","floor":3.0,"turns":4.0},{"damage":9.0,"enemies":"Lots of Slimes","floor":4.0,"turns":10.0},{"damage":11.0,"enemies":"3 Louse","floor":5.0,"turns":4.0},{"damage":29.0,"enemies":"3 Sentries","floor":7.0,"turns":9.0},{"damage":9.0,"enemies":"2 Fungi Beasts","floor":8.0,"turns":5.0},{"damage":6.0,"enemies":"Lagavulin","floor":11.0,"turns":7.0},{"damage":23.0,"enemies":"The Guardian","floor":16.0,"turns":10.0},{"damage":25.0,"enemies":"Chosen","floor":18.0,"turns":5.0},{"damage":4.0,"enemies":"2 Thieves","floor":21.0,"turns":4.0},{"damage":24.0,"enemies":"Cultist and Chosen","floor":22.0,"turns":7.0},{"damage":4.0,"enemies":"Slavers","floor":24.0,"turns":4.0},{"damage":5.0,"enemies":"Centurion and Healer","floor":28.0,"turns":2.0},{"damage":14.0,"enemies":"Automaton","floor":33.0,"turns":9.0},{"damage":11.0,"enemies":"3 Shapes","floor":35.0,"turns":2.0},{"damage":0.0,"enemies":"Orb Walker","floor":37.0,"turns":2.0},{"damage":0.0,"enemies":"Maw","floor":38.0,"turns":6.0},{"damage":0.0,"enemies":"Jaw Worm Horde","floor":39.0,"turns":2.0},{"damage":0.0,"enemies":"Nemesis","floor":40.0,"turns":5.0},{"damage":0.0,"enemies":"Giant Head","floor":42.0,"turns":5.0},{"damage":0.0,"enemies":"4 Shapes","floor":44.0,"turns":3.0},{"damage":0.0,"enemies":"Spire Growth","floor":46.0,"turns":2.0},{"damage":0.0,"enemies":"3 Darklings","floor":47.0,"turns":2.0},{"damage":0.0,"enemies":"Nemesis","floor":48.0,"turns":3.0},{"damage":7,"enemies":"Time Eater","floor":50,"turns":6}],"seed_played":"-2152132648150367248","potions_obtained":[{"floor":1.0,"key":"Fire Potion"},{"floor":2.0,"key":"Regen Potion"},{"floor":3.0,"key":"Dexterity Potion"},{"floor":16.0,"key":"SteroidPotion"},{"floor":18.0,"key":"Dexterity Potion"},{"floor":22.0,"key":"Block Potion"},{"floor":37.0,"key":"Block Potion"},{"floor":40.0,"key":"EssenceOfSteel"},{"floor":42.0,"key":"Regen Potion"}],"is_trial":false,"path_per_floor":["M","M","M","M","M","R","E","M","T","R","E","R","T","$","R","B",null,"M","?","$","M","M","R","E","R","T","R","M","$","?","?","R","B",null,"M","?","M","M","M","E","R","E","T","M","$","M","M","E","R","B",null],"character_chosen":"DEFECT","items_purchased":["Apotheosis","Capacitor","Steam","Gash","HandDrill","GamblersBrew"],"campfire_rested":2,"item_purchase_floors":[14,14,29,45,45,45],"current_hp_per_floor":[74,71,65,71,60,60,31,22,22,22,16,16,16,16,38,15,75,50,50,50,46,22,22,18,18,18,18,13,13,13,13,35,21,75,64,64,64,64,64,64,64,64,64,64,64,64,64,64,64,57],"gold":133,"neow_bonus":"BOSS_RELIC","is_prod":false,"is_daily":false,"chose_seed":false,"campfire_upgraded":7,"win_rate":0,"timestamp":1553648601,"path_taken":["M","?","M","M","?","R","E","M","T","R","E","R","?","$","R","BOSS","M","?","$","M","?","R","E","R","T","R","M","$","?","?","R","BOSS","M","?","M","M","?","E","R","E","T","M","$","M","M","E","R","BOSS"],"build_version":"2019-01-23","purchased_purges":3,"victory":true,"max_hp_per_floor":[75,75,75,75,75,75,75,75,75,75,75,75,75,75,75,75,75,75,75,75,75,75,75,75,75,75,75,75,75,75,75,75,75,75,75,75,75,75,75,75,75,75,75,75,75,75,75,75,75,75],"card_choices":[{"not_picked":["Cold Snap","Barrage"],"picked":"Steam","floor":1.0},{"not_picked":["Heatsinks","Compile Driver","Lockon"],"picked":"SKIP","floor":2.0},{"not_picked":["Barrage","Hello World"],"picked":"Skim","floor":3.0},{"not_picked":["Ball Lightning","Leap","Reinforced Body"],"picked":"SKIP","floor":4.0},{"not_picked":["Steam","Redo"],"picked":"Hologram","floor":5.0},{"not_picked":["Stack","Conserve Battery"],"picked":"Seek","floor":7.0},{"not_picked":["Reinforced Body","Turbo"],"picked":"Sweeping Beam","floor":8.0},{"not_picked":["Cold Snap","Redo"],"picked":"Reboot","floor":11.0},{"not_picked":["Biased Cognition","Rainbow"],"picked":"All For One","floor":16.0},{"not_picked":["Barrage+1","Hologram+1"],"picked":"Turbo","floor":18.0},{"not_picked":["Turbo","Static Discharge","Ball Lightning"],"picked":"SKIP","floor":21.0},{"not_picked":["Redo","White Noise+1"],"picked":"Gash+1","floor":22.0},{"not_picked":["Redo","Leap","FTL"],"picked":"SKIP","floor":24.0},{"not_picked":["Leap","Glacier","Double Energy+1"],"picked":"SKIP","floor":28.0},{"not_picked":["Buffer","Multi-Cast"],"picked":"Seek","floor":33.0},{"not_picked":["Steam","Chaos","Cold Snap+1"],"picked":"SKIP","floor":35.0},{"not_picked":["Static Discharge","Conserve Battery","Cold Snap+1"],"picked":"SKIP","floor":37.0},{"not_picked":["Static Discharge+1","Rainbow"],"picked":"Beam Cell+1","floor":38.0},{"not_picked":["Chill+1","Stack","Fusion"],"picked":"SKIP","floor":39.0},{"not_picked":["Hello World","Electrodynamics","Steam Power+1"],"picked":"SKIP","floor":40.0},{"not_picked":["Ball Lightning","Genetic Algorithm","Skim+1"],"picked":"SKIP","floor":42.0},{"not_picked":["Defragment+1","Redo","Melter+1"],"picked":"SKIP","floor":44.0},{"not_picked":["Turbo","Tempest+1","Cold Snap+1"],"picked":"SKIP","floor":46.0},{"not_picked":["Cold Snap","Beam Cell","Compile Driver+1"],"picked":"SKIP","floor":47.0},{"not_picked":["Rebound+1","Stack+1"],"picked":"Machine Learning","floor":48.0}],"player_experience":56502,"relics_obtained":[{"floor":7.0,"key":"Oddly Smooth Stone"},{"floor":9.0,"key":"Centennial Puzzle"},{"floor":11.0,"key":"Tiny Chest"},{"floor":13.0,"key":"Happy Flower"},{"floor":24.0,"key":"Lantern"},{"floor":26.0,"key":"Mercury Hourglass"},{"floor":40.0,"key":"Potion Belt"},{"floor":42.0,"key":"Anchor"},{"floor":48.0,"key":"Kunai"}],"event_choices":[{"damage_healed":0.0,"max_hp_gain":0.0,"max_hp_loss":0.0,"gold_gain":0.0,"event_name":"The Woman in Blue","player_choice":"Bought 0 Potions","floor":19.0,"gold_loss":0.0,"damage_taken":0.0},{"damage_healed":0.0,"max_hp_gain":0.0,"max_hp_loss":0.0,"gold_gain":99.0,"event_name":"Nest","player_choice":"Stole From Cult","floor":30.0,"gold_loss":0.0,"damage_taken":0.0},{"damage_healed":0.0,"max_hp_gain":0.0,"max_hp_loss":0.0,"gold_gain":0.0,"event_name":"Cursed Tome","player_choice":"Ignored","floor":31.0,"gold_loss":0.0,"damage_taken":0.0},{"damage_healed":0.0,"max_hp_gain":0.0,"max_hp_loss":0.0,"gold_gain":0.0,"event_name":"Upgrade Shrine","player_choice":"Upgraded","floor":36.0,"gold_loss":0.0,"damage_taken":0.0,"cards_upgraded":["Seek"]}],"is_beta":false,"boss_relics":[{"not_picked":["Fusion Hammer","Calling Bell"],"picked":"Empty Cage"},{"not_picked":["Runic Dome","Coffee Dripper"],"picked":"Runic Pyramid"}],"items_purged_floors":[14,20,45],"is_endless":false,"potions_floor_spawned":[1,2,3,16,18,22,37,40,42],"ascension_level":2}