{"gold_per_floor":[109,109,125,225,240,240,250,279,279,279,279],"floor_reached":11,"playtime":394,"items_purged":[],"score":128,"play_id":"2416357c-ac91-48c9-8b2a-670c29a702f5","local_time":"20190525205251","is_ascension_mode":true,"campfire_choices":[{"data":"Zap","floor":6,"key":"SMITH"},{"data":"Double Energy","floor":10,"key":"SMITH"}],"neow_cost":"PERCENT_DAMAGE","seed_source_timestamp":1028568220111800,"circlet_count":0,"master_deck":["AscendersBane","Strike_B","Strike_B","Strike_B","Defend_B","Defend_B","Defend_B","Defend_B","Zap+1","Dualcast","Double Energy+1","Leap","Doom and Gloom","Auto Shields","Reinforced Body"],"special_seed":0,"relics":["Cracked Core","Dead Branch","Boot","Pantograph"],"potions_floor_usage":[8],"damage_taken":[{"damage":4.0,"enemies":"Small Slimes","floor":1.0,"turns":4.0},{"damage":0.0,"enemies":"Cultist","floor":3.0,"turns":3.0},{"damage":2.0,"enemies":"Jaw Worm","floor":5.0,"turns":3.0},{"damage":12,"enemies":"Gremlin Gang","floor":7,"turns":4},{"damage":22,"enemies":"Gremlin Nob","floor":8,"turns":5},{"damage":8,"enemies":"3 Sentries","floor":11,"turns":4}],"seed_played":"-1088485863870330501","potions_obtained":[{"floor":1.0,"key":"Block Potion"},{"floor":7,"key":"GamblersBrew"}],"is_trial":false,"path_per_floor":["M","?","M","?","M","R","M","E","T","R","E"],"character_chosen":"DEFECT","items_purchased":[],"campfire_rested":0,"item_purchase_floors":[],"current_hp_per_floor":[42,42,42,42,40,40,28,6,6,6,0],"gold":279,"neow_bonus":"ONE_RARE_RELIC","is_prod":false,"is_daily":false,"chose_seed":false,"campfire_upgraded":2,"win_rate":0,"timestamp":1558810371,"path_taken":["M","?","?","?","M","R","M","E","T","R","E"],"build_version":"2019-01-23","purchased_purges":0,"victory":false,"max_hp_per_floor":[71,71,71,71,71,71,71,71,71,71,71],"card_choices":[{"not_picked":["Blizzard","Gash"],"picked":"Double Energy","floor":1.0},{"not_picked":["Redo","Coolheaded"],"picked":"Leap","floor":3.0},{"not_picked":["Sweeping Beam","Heatsinks"],"picked":"Doom and Gloom","floor":5},{"not_picked":["Hologram","Ball Lightning"],"picked":"Auto Shields","floor":7},{"not_picked":["Storm","Stack"],"picked":"Reinforced Body","floor":8}],"player_experience":1203700,"relics_obtained":[{"floor":8,"key":"Boot"},{"floor":9,"key":"Pantograph"}],"event_choices":[{"cards_removed":["Strike_B"],"damage_healed":0.0,"max_hp_gain":0.0,"max_hp_loss":0.0,"gold_gain":0.0,"event_name":"Purifier","player_choice":"Purged","floor":2.0,"gold_loss":0.0,"damage_taken":0.0},{"damage_healed":0.0,"max_hp_gain":0.0,"max_hp_loss":0.0,"gold_gain":100.0,"event_name":"Wheel of Change","player_choice":"Gold","floor":4.0,"gold_loss":0.0,"damage_taken":0.0}],"is_beta":false,"boss_relics":[],"items_purged_floors":[],"is_endless":false,"potions_floor_spawned":[1,7],"killed_by":"3 Sentries","ascension_level":15}