{"gold_per_floor":[119,133,143,143,143,143,143,143,143,143,156,156,174,207,207,284,284,284,284,284,43,43,43,43,43,43,43,0,0,0,0,0,0,0,0,0,0,0,0,0,0,0,0,0,0,0,0,0,0,0],"floor_reached":51,"playtime":2778,"items_purged":["Strike_G"],"score":1235,"play_id":"5e0278a0-f42e-48d9-acd7-7e7e30bf3de8","local_time":"20181102231229","is_ascension_mode":true,"campfire_choices":[{"floor":6.0,"key":"REST"},{"data":"Neutralize","floor":8.0,"key":"SMITH"},{"data":"Skewer","floor":10.0,"key":"SMITH"},{"floor":12.0,"key":"REST"},{"data":"Footwork","floor":15.0,"key":"SMITH"},{"floor":24.0,"key":"REST"},{"data":"Noxious Fumes","floor":27,"key":"SMITH"},{"data":"Noxious Fumes","floor":29,"key":"SMITH"},{"data":"After Image","floor":30,"key":"SMITH"},{"floor":32,"key":"REST"},{"data":"A Thousand Cuts","floor":40,"key":"SMITH"},{"data":"Calculated Gamble","floor":41,"key":"SMITH"},{"floor":49,"key":"REST"}],"neow_cost":"NONE","seed_source_timestamp":1573138847817132,"circlet_count":0,"master_deck":["AscendersBane","Defend_G","Defend_G","Defend_G","Defend_G","Strike_G","Strike_G","Strike_G","Survivor","Neutralize+1","Cloak And Dagger","Skewer+1","Backflip","Adrenaline+1","Blur","Noxious Fumes+1","Footwork+1","After Image+1","Outmaneuver","Noxious Fumes+1","Deadly Poison","A Thousand Cuts+1","Calculated Gamble+1","Deadly Poison","Corpse Explosion","Leg Sweep","Noxious Fumes","Sucker Punch+1","Burst","Footwork","Cloak And Dagger+1","A Thousand Cuts","Quick Slash+1"],"special_seed":0,"relics":["Sozu","Boot","Paper Crane","Mummified Hand","Ectoplasm","CultistMask","Oddly Smooth Stone","WingedGreaves","Blood Vial","Snecko Eye","StoneCalendar","Sundial","Strawberry"],"potions_floor_usage":[],"damage_taken":[{"damage":10.0,"enemies":"Cultist","floor":1.0,"turns":5.0},{"damage":0.0,"enemies":"Small Slimes","floor":2.0,"turns":4.0},{"damage":0.0,"enemies":"Jaw Worm","floor":3.0,"turns":3.0},{"damage":0.0,"enemies":"Blue Slaver","floor":11.0,"turns":2.0},{"damage":2.0,"enemies":"Lots of Slimes","floor":13.0,"turns":5.0},{"damage":3.0,"enemies":"3 Sentries","floor":14.0,"turns":7.0},{"damage":19.0,"enemies":"Slime Boss","floor":16.0,"turns":11.0},{"damage":2.0,"enemies":"Chosen","floor":18.0,"turns":5.0},{"damage":0.0,"enemies":"Shell Parasite","floor":20.0,"turns":4.0},{"damage":0.0,"enemies":"Snake Plant","floor":22.0,"turns":6.0},{"damage":33.0,"enemies":"Gremlin Leader","floor":23.0,"turns":7.0},{"damage":9,"enemies":"Chosen and Byrds","floor":25,"turns":5},{"damage":0,"enemies":"Snecko","floor":31,"turns":6},{"damage":34,"enemies":"Champ","floor":33,"turns":12},{"damage":0,"enemies":"Orb Walker","floor":35,"turns":3},{"damage":0,"enemies":"Mind Bloom Boss Battle","floor":36,"turns":5},{"damage":0,"enemies":"3 Shapes","floor":38,"turns":3},{"damage":7,"enemies":"3 Darklings","floor":39,"turns":3},{"damage":0,"enemies":"Transient","floor":42,"turns":5},{"damage":0,"enemies":"4 Shapes","floor":44,"turns":3},{"damage":5,"enemies":"Reptomancer","floor":46,"turns":6},{"damage":27,"enemies":"3 Darklings","floor":48,"turns":3},{"damage":47,"enemies":"Donu and Deca","floor":50,"turns":6}],"seed_played":"579954093003679199","potions_obtained":[],"is_trial":false,"path_per_floor":["M","M","M","?","?","R","?","R","T","R","M","R","M","E","R","B",null,"M","?","M","$","M","E","R","M","T","R","?","R","R","M","R","B",null,"M","?","?","M","M","R","R","M","T","M","$","E","?","M","R","B",null],"character_chosen":"THE_SILENT","items_purchased":["Oddly Smooth Stone"],"campfire_rested":5,"item_purchase_floors":[21],"current_hp_per_floor":[49,49,49,49,14,33,26,26,26,26,26,45,43,40,40,21,55,53,53,53,53,53,20,39,30,30,30,30,30,30,32,51,19,54,56,58,58,60,55,55,55,57,57,59,59,63,63,38,59,14],"gold":0,"neow_bonus":"BOSS_RELIC","is_prod":false,"is_daily":false,"chose_seed":false,"campfire_upgraded":8,"win_rate":0,"timestamp":1541196749,"path_taken":["M","?","M","?","?","R","?","R","T","R","M","R","?","E","R","BOSS","M","?","M","$","M","E","R","?","T","R","?","R","R","M","R","BOSS","M","?","?","M","M","R","R","?","T","M","$","E","?","M","R","BOSS"],"build_version":"2018-11-01","purchased_purges":1,"victory":true,"max_hp_per_floor":[66,66,66,66,66,66,66,66,66,66,66,66,66,66,66,66,66,66,66,66,66,66,66,66,66,66,66,66,66,66,66,66,66,66,66,66,66,66,66,66,66,66,66,66,66,73,73,73,73,73],"card_choices":[{"not_picked":["Masterful Stab","Prepared"],"picked":"Cloak And Dagger","floor":1.0},{"not_picked":["Dagger Spray","Flying Knee"],"picked":"Skewer","floor":2.0},{"not_picked":["Bouncing Flask","Poisoned Stab"],"picked":"Backflip","floor":3.0},{"not_picked":["Acrobatics","Poisoned Stab"],"picked":"Blur","floor":11.0},{"not_picked":["Slice","Accuracy"],"picked":"Noxious Fumes","floor":13.0},{"not_picked":["Calculated Gamble","Reflex"],"picked":"Footwork","floor":14.0},{"not_picked":["A Thousand Cuts","Tools of the Trade"],"picked":"After Image","floor":16.0},{"not_picked":["Blade Dance","Underhanded Strike"],"picked":"Outmaneuver","floor":18.0},{"not_picked":["Riddle With Holes","Deadly Poison"],"picked":"Noxious Fumes","floor":20.0},{"not_picked":["Outmaneuver","Underhanded Strike"],"picked":"Deadly Poison","floor":22.0},{"not_picked":["Backstab","Reflex"],"picked":"A Thousand Cuts","floor":23.0},{"not_picked":["Setup","Concentrate"],"picked":"Calculated Gamble","floor":25},{"not_picked":["Terror","Slice"],"picked":"Deadly Poison","floor":31},{"not_picked":["Malaise","Die Die Die"],"picked":"Corpse Explosion","floor":33},{"not_picked":["Outmaneuver","Acrobatics"],"picked":"Leg Sweep","floor":35},{"not_picked":["Catalyst","Deflect"],"picked":"Noxious Fumes","floor":36},{"not_picked":["Well Laid Plans","Predator"],"picked":"Sucker Punch+1","floor":38},{"not_picked":["Escape Plan","Slice"],"picked":"Burst","floor":39},{"not_picked":["Prepared+1","Acrobatics+1"],"picked":"Footwork","floor":42},{"not_picked":["Deflect+1","Accuracy"],"picked":"Cloak And Dagger+1","floor":44},{"not_picked":["Deadly Poison+1","Dagger Throw"],"picked":"A Thousand Cuts","floor":46},{"not_picked":["Dagger Throw+1","Outmaneuver"],"picked":"Quick Slash+1","floor":48}],"player_experience":474442,"relics_obtained":[{"floor":9.0,"key":"Paper Crane"},{"floor":14.0,"key":"Mummified Hand"},{"floor":23.0,"key":"WingedGreaves"},{"floor":26,"key":"Blood Vial"},{"floor":36,"key":"StoneCalendar"},{"floor":43,"key":"Sundial"},{"floor":46,"key":"Strawberry"}],"event_choices":[{"damage_healed":0.0,"max_hp_gain":0.0,"max_hp_loss":0.0,"gold_gain":0.0,"cards_transformed":["Strike_G"],"event_name":"Living Wall","player_choice":"Change","floor":4.0,"gold_loss":0.0,"damage_taken":0.0,"cards_obtained":["Adrenaline"]},{"damage_healed":0.0,"max_hp_gain":0.0,"max_hp_loss":0.0,"gold_gain":0.0,"event_name":"Scrap Ooze","player_choice":"Success","floor":5.0,"gold_loss":0.0,"damage_taken":35.0,"relics_obtained":["Boot"]},{"cards_removed":["Defend_G"],"damage_healed":0.0,"max_hp_gain":0.0,"max_hp_loss":0.0,"gold_gain":0.0,"event_name":"Golden Wing","player_choice":"Card Removal","floor":7.0,"gold_loss":0.0,"damage_taken":7.0},{"damage_healed":0.0,"max_hp_gain":0.0,"max_hp_loss":0.0,"gold_gain":0.0,"event_name":"FaceTrader","player_choice":"Trade","floor":19.0,"gold_loss":0.0,"damage_taken":0.0,"relics_obtained":["CultistMask"]},{"damage_healed":0,"gold_gain":0,"player_choice":"Paid Fearfully","damage_taken":0,"max_hp_gain":0,"max_hp_loss":0,"event_name":"Masked Bandits","floor":28,"gold_loss":43},{"damage_healed":0,"gold_gain":0,"player_choice":"Fight","damage_taken":0,"max_hp_gain":0,"max_hp_loss":0,"event_name":"MindBloom","floor":36,"gold_loss":0},{"damage_healed":0,"gold_gain":0,"player_choice":"Upgraded","damage_taken":0,"max_hp_gain":0,"max_hp_loss":0,"event_name":"Upgrade Shrine","floor":37,"gold_loss":0,"cards_upgraded":["Adrenaline"]},{"damage_healed":0,"gold_gain":0,"player_choice":"Ignored","damage_taken":0,"max_hp_gain":0,"max_hp_loss":0,"event_name":"Mysterious Sphere","floor":47,"gold_loss":0}],"is_beta":false,"boss_relics":[{"not_picked":["Velvet Choker","Runic Dome"],"picked":"Ectoplasm"},{"not_picked":["Eternal Feather","HoveringKite"],"picked":"Snecko Eye"}],"items_purged_floors":[21],"is_endless":false,"potions_floor_spawned":[3,14,22,23,25,35,39,42,48],"ascension_level":16}