{"gold_per_floor":[114,127,127,127,277,310,337,337,337,354,386,438,438,472,472,551,551,564,582,224,224,249,249,262,262],"floor_reached":25,"playtime":1035,"items_purged":["Doubt"],"score":460,"play_id":"d7dc1eac-0ff6-4815-b225-337e7df8ab21","local_time":"20190730184410","is_ascension_mode":true,"campfire_choices":[{"data":"True Grit","floor":8,"key":"SMITH"},{"floor":13,"key":"REST"},{"data":"Feel No Pain","floor":15,"key":"SMITH"},{"data":"RitualDagger","floor":23,"key":"SMITH"}],"neow_cost":"NONE","seed_source_timestamp":95406044076400,"circlet_count":0,"master_deck":["AscendersBane","Strike_R","Strike_R","Strike_R+1","Strike_R","Strike_R","Defend_R+1","Defend_R","Defend_R","Defend_R","Bash","Feel No Pain+1","True Grit+1","Headbutt","Flex","Barricade","Warcry","Dark Embrace","Second Wind","Metallicize","Flame Barrier","Bludgeon","RitualDagger+1","Body Slam"],"relics":["Burning Blood","NeowsBlessing","Lantern","Bag of Marbles","Pocketwatch","Mercury Hourglass","Centennial Puzzle","Calipers","Mark of Pain","Red Mask"],"potions_floor_usage":[14,16,18,24,24],"damage_taken":[{"damage":0,"enemies":"Small Slimes","floor":1,"turns":1},{"damage":0,"enemies":"Jaw Worm","floor":2,"turns":1},{"damage":0,"enemies":"Lagavulin","floor":6,"turns":2},{"damage":0,"enemies":"Cultist","floor":10,"turns":3},{"damage":33,"enemies":"Gremlin Nob","floor":11,"turns":4},{"damage":20,"enemies":"Lagavulin","floor":14,"turns":6},{"damage":22,"enemies":"The Guardian","floor":16,"turns":16},{"damage":9,"enemies":"3 Byrds","floor":18,"turns":6},{"damage":0,"enemies":"Chosen","floor":19,"turns":6},{"damage":10,"enemies":"Masked Bandits","floor":22,"turns":5},{"damage":1,"enemies":"Snake Plant","floor":24,"turns":3},{"damage":78,"enemies":"Gremlin Leader","floor":25,"turns":7}],"seed_played":"-302353202321018086","potions_obtained":[{"floor":2,"key":"FearPotion"},{"floor":14,"key":"GamblersBrew"},{"floor":16,"key":"Fire Potion"},{"floor":19,"key":"Energy Potion"}],"is_trial":false,"path_per_floor":["M","M","$","?","?","E","T","R","T","M","E","T","R","E","R","B",null,"M","M","$","?","?","R","M","E"],"character_chosen":"IRONCLAD","items_purchased":["Metallicize","Flame Barrier","PowerPotion","Bludgeon"],"campfire_rested":1,"item_purchase_floors":[20,20,20,20],"current_hp_per_floor":[74,75,75,52,52,58,58,58,58,64,37,37,59,45,45,29,64,61,67,67,61,57,57,62,0],"gold":262,"neow_bonus":"THREE_ENEMY_KILL","is_prod":false,"is_daily":false,"chose_seed":false,"campfire_upgraded":3,"win_rate":0,"timestamp":1564505050,"path_taken":["M","M","$","?","?","E","?","R","T","?","E","?","R","E","R","BOSS","M","M","$","?","?","R","M","E"],"build_version":"2019-07-17","purchased_purges":1,"victory":false,"max_hp_per_floor":[75,75,75,75,75,75,75,75,75,75,75,75,75,75,75,75,75,75,75,75,75,75,75,75,75],"card_choices":[{"not_picked":["Clothesline","Cleave"],"picked":"Feel No Pain","floor":1},{"not_picked":["Cleave","Sever Soul"],"picked":"True Grit","floor":2},{"not_picked":["Evolve","Blood for Blood"],"picked":"Headbutt","floor":6},{"not_picked":["Warcry","Clothesline"],"picked":"Flex","floor":10},{"not_picked":["Intimidate","Flex"],"picked":"Barricade","floor":11},{"not_picked":["Clash","Havoc"],"picked":"Warcry","floor":14},{"not_picked":["Bludgeon","Demon Form"],"picked":"Dark Embrace","floor":16},{"not_picked":["Infernal Blade","Body Slam"],"picked":"Second Wind","floor":18},{"not_picked":["Cleave","Dropkick","Dual Wield"],"picked":"SKIP","floor":19},{"not_picked":["Burning Pact","Armaments"],"picked":"Body Slam","floor":22},{"not_picked":["Pummel","Combust+1","Dropkick"],"picked":"SKIP","floor":24}],"player_experience":1765343,"relics_obtained":[{"floor":6,"key":"Lantern"},{"floor":7,"key":"Bag of Marbles"},{"floor":9,"key":"Pocketwatch"},{"floor":11,"key":"Mercury Hourglass"},{"floor":12,"key":"Centennial Puzzle"},{"floor":14,"key":"Calipers"},{"floor":22,"key":"Red Mask"}],"event_choices":[{"damage_healed":0,"gold_gain":0,"player_choice":"Entered Light","damage_taken":23,"max_hp_gain":0,"max_hp_loss":0,"event_name":"Shining Light","floor":4,"gold_loss":0,"cards_upgraded":["Strike_R","Defend_R"]},{"damage_healed":0,"gold_gain":150,"player_choice":"AGREE","damage_taken":0,"max_hp_gain":0,"max_hp_loss":0,"event_name":"Liars Game","floor":5,"gold_loss":0,"cards_obtained":["Doubt"]},{"damage_healed":0,"gold_gain":0,"player_choice":"Joined the Cult","damage_taken":6,"max_hp_gain":0,"max_hp_loss":0,"event_name":"Nest","floor":21,"gold_loss":0,"cards_obtained":["RitualDagger"]},{"damage_healed":0,"gold_gain":0,"player_choice":"Fought Bandits","damage_taken":0,"max_hp_gain":0,"max_hp_loss":0,"event_name":"Masked Bandits","floor":22,"gold_loss":0}],"is_beta":false,"boss_relics":[{"not_picked":["Busted Crown","Coffee Dripper"],"picked":"Mark of Pain"}],"items_purged_floors":[20],"is_endless":false,"potions_floor_spawned":[2,14,16,19],"killed_by":"Gremlin Leader","ascension_level":18}