{"gold_per_floor":[113,63,22,22,34,34,63,79,148,148,208,208,224,238,238,338,338,338],"floor_reached":18,"playtime":726,"items_purged":[],"score":272,"play_id":"8e30ee26-fe7b-4653-8174-4e2cccd5ee52","local_time":"20190220210103","is_ascension_mode":true,"campfire_choices":[{"data":"Neutralize","floor":6,"key":"SMITH"},{"data":"Burst","floor":12,"key":"SMITH"},{"floor":15,"key":"REST"}],"neow_cost":"NONE","seed_source_timestamp":62201315499900,"circlet_count":0,"master_deck":["AscendersBane","Defend_G","Defend_G","Defend_G","Defend_G","Defend_G","Strike_G","Strike_G","Survivor","Neutralize+1","Poisoned Stab","Blur","Flying Knee","Dodge and Roll","Backstab","Crippling Poison","Burst+1","Endless Agony","Deadly Poison","A Thousand Cuts","Parasite","Doubt","Normality"],"relics":["Ring of the Snake","Strawberry","Gremlin Horn","Tiny Chest","Calling Bell","Pen Nib","Kunai","Tingsha"],"potions_floor_usage":[1,7,7,8,16],"damage_taken":[{"damage":0,"enemies":"Cultist","floor":1,"turns":5},{"damage":0,"enemies":"2 Louse","floor":5,"turns":4},{"damage":14,"enemies":"3 Sentries","floor":7,"turns":10},{"damage":0,"enemies":"Small Slimes","floor":8,"turns":2},{"damage":24,"enemies":"Gremlin Nob","floor":11,"turns":5},{"damage":9,"enemies":"Blue Slaver","floor":13,"turns":3},{"damage":0,"enemies":"Looter","floor":14,"turns":4},{"damage":4,"enemies":"The Guardian","floor":16,"turns":14},{"damage":71,"enemies":"3 Byrds","floor":18,"turns":5}],"seed_played":"5992286370438418725","potions_obtained":[{"floor":0,"key":"Strength Potion"},{"floor":0,"key":"SpeedPotion"},{"floor":1,"key":"GamblersBrew"},{"floor":7,"key":"Fire Potion"},{"floor":14,"key":"LiquidBronze"}],"is_trial":false,"path_per_floor":["M","?","$","?","M","R","E","M","T","?","E","R","M","M","R","B",null,"M"],"character_chosen":"THE_SILENT","items_purchased":["Blur"],"campfire_rested":1,"item_purchase_floors":[3],"current_hp_per_floor":[63,63,63,56,56,56,49,49,49,49,25,25,16,16,39,35,67,0],"gold":338,"neow_bonus":"THREE_SMALL_POTIONS","is_prod":false,"is_daily":false,"chose_seed":false,"campfire_upgraded":2,"win_rate":0,"timestamp":1550692863,"path_taken":["M","?","$","?","M","R","E","M","T","?","E","R","M","M","R","BOSS","M"],"build_version":"2019-01-23","purchased_purges":0,"victory":false,"max_hp_per_floor":[70,70,70,70,70,70,77,77,77,77,77,77,77,77,77,77,77,77],"card_choices":[{"not_picked":["Blade Dance","PiercingWail"],"picked":"Poisoned Stab","floor":1},{"not_picked":["Underhanded Strike","Backflip"],"picked":"Flying Knee","floor":5},{"not_picked":["Flechettes","Grand Finale"],"picked":"Dodge and Roll","floor":7},{"not_picked":["Blur","Slice"],"picked":"Backstab","floor":8},{"not_picked":["All Out Attack","Die Die Die"],"picked":"Burst","floor":11},{"not_picked":["Outmaneuver","Setup"],"picked":"Endless Agony","floor":13},{"not_picked":["Escape Plan","Quick Slash"],"picked":"Deadly Poison","floor":14},{"not_picked":["Night Terror","Phantasmal Killer"],"picked":"A Thousand Cuts","floor":16}],"player_experience":818440,"relics_obtained":[{"floor":7,"key":"Strawberry"},{"floor":9,"key":"Gremlin Horn"},{"floor":11,"key":"Tiny Chest"},{"floor":17,"key":"Pen Nib"},{"floor":17,"key":"Kunai"},{"floor":17,"key":"Tingsha"}],"event_choices":[{"cards_removed":["Strike_G"],"damage_healed":0,"gold_gain":0,"player_choice":"Card Removal","damage_taken":0,"max_hp_gain":0,"max_hp_loss":0,"event_name":"The Cleric","floor":2,"gold_loss":50},{"cards_removed":["Strike_G"],"damage_healed":0,"gold_gain":0,"player_choice":"Card Removal","damage_taken":7,"max_hp_gain":0,"max_hp_loss":0,"event_name":"Golden Wing","floor":4,"gold_loss":0},{"damage_healed":0,"gold_gain":0,"cards_transformed":["Strike_G"],"player_choice":"Change","damage_taken":0,"max_hp_gain":0,"max_hp_loss":0,"event_name":"Living Wall","floor":10,"gold_loss":0,"cards_obtained":["Crippling Poison"]}],"is_beta":false,"boss_relics":[{"not_picked":["WristBlade","Runic Dome"],"picked":"Calling Bell"}],"items_purged_floors":[],"is_endless":false,"potions_floor_spawned":[1,7,14],"killed_by":"3 Byrds","ascension_level":12}