{"gold_per_floor":[116,41,52,66,66,92,106,126,126,126,126,126,51,72,72,72],"floor_reached":16,"playtime":634,"items_purged":["Regret"],"score":187,"play_id":"d33e1ec7-e268-4278-8acf-467cbdd09b01","local_time":"20190616235647","is_ascension_mode":true,"campfire_choices":[{"data":"Wraith Form v2","floor":10,"key":"SMITH"},{"floor":15,"key":"REST"}],"neow_cost":"NONE","seed_source_timestamp":430599811347400,"circlet_count":0,"master_deck":["AscendersBane","Defend_G","Defend_G","Defend_G","Defend_G","Defend_G","Strike_G","Strike_G","Strike_G","Strike_G","Survivor","Neutralize","Dagger Spray","Flying Knee","Crippling Poison","Wraith Form v2+1","Flying Knee","Backflip","Backflip","Deadly Poison","Injury","Bane"],"relics":["Ring of the Snake","Gremlin Horn","Gambling Chip","Golden Idol"],"potions_floor_usage":[8,11,16],"damage_taken":[{"damage":6,"enemies":"Small Slimes","floor":1,"turns":5},{"damage":1,"enemies":"2 Louse","floor":3,"turns":3},{"damage":0,"enemies":"Cultist","floor":4,"turns":3},{"damage":21,"enemies":"Lagavulin","floor":6,"turns":8},{"damage":9,"enemies":"2 Fungi Beasts","floor":7,"turns":4},{"damage":2,"enemies":"Large Slime","floor":8,"turns":5},{"damage":1,"enemies":"Gremlin Gang","floor":11,"turns":3},{"damage":0,"enemies":"Blue Slaver","floor":14,"turns":4},{"damage":49,"enemies":"Hexaghost","floor":16,"turns":11}],"seed_played":"1203735924570207676","potions_obtained":[{"floor":1,"key":"Fire Potion"},{"floor":7,"key":"SmokeBomb"},{"floor":14,"key":"GamblersBrew"}],"is_trial":false,"path_per_floor":["M","?","M","M","?","E","M","M","T","R","M","?","$","M","R","B"],"character_chosen":"THE_SILENT","items_purchased":[],"campfire_rested":1,"item_purchase_floors":[],"current_hp_per_floor":[59,59,58,58,58,37,28,26,26,26,25,25,25,25,46,0],"gold":72,"neow_bonus":"TEN_PERCENT_HP_BONUS","is_prod":false,"is_daily":false,"chose_seed":false,"campfire_upgraded":1,"win_rate":0,"timestamp":1560722207,"path_taken":["M","?","M","M","?","E","M","M","T","R","?","?","$","M","R","BOSS"],"build_version":"2019-01-23","purchased_purges":1,"victory":false,"max_hp_per_floor":[72,72,72,72,72,72,72,72,72,72,72,72,72,72,72,72],"card_choices":[{"not_picked":["Backstab","Prepared"],"picked":"Dagger Spray","floor":1},{"not_picked":["Masterful Stab","Quick Slash"],"picked":"Flying Knee","floor":3},{"not_picked":["Dodge and Roll","Reflex"],"picked":"Crippling Poison","floor":4},{"not_picked":["Flechettes","Bane"],"picked":"Backflip","floor":6},{"not_picked":["Riddle With Holes","Outmaneuver"],"picked":"Backflip","floor":7},{"not_picked":["Slice","Dagger Spray"],"picked":"Deadly Poison","floor":8},{"not_picked":["Backflip","Masterful Stab"],"picked":"Bane","floor":14}],"player_experience":1378907,"relics_obtained":[{"floor":6,"key":"Gremlin Horn"},{"floor":9,"key":"Gambling Chip"}],"event_choices":[{"cards_removed":["Strike_G"],"damage_healed":0,"gold_gain":0,"player_choice":"Card Removal","damage_taken":0,"max_hp_gain":0,"max_hp_loss":0,"event_name":"The Cleric","floor":2,"gold_loss":75},{"damage_healed":0,"gold_gain":0,"player_choice":"3 cards matched","damage_taken":0,"max_hp_gain":0,"max_hp_loss":0,"event_name":"Match and Keep!","floor":5,"gold_loss":0,"cards_obtained":["Wraith Form v2","Regret","Flying Knee"]},{"damage_healed":0,"gold_gain":0,"player_choice":"Take Wound","damage_taken":0,"relics_obtained":["Golden Idol"],"max_hp_gain":0,"max_hp_loss":0,"event_name":"Golden Idol","floor":12,"gold_loss":0,"cards_obtained":["Injury"]}],"is_beta":false,"boss_relics":[],"items_purged_floors":[13],"is_endless":false,"potions_floor_spawned":[1,7,11,14],"killed_by":"Hexaghost","ascension_level":16}