{"gold_per_floor":[112,187,187,208,228,228,259,534,534,534,534],"floor_reached":11,"playtime":222,"items_purged":[],"score":117,"play_id":"210031ac-6d7c-4762-aef1-42fe82284a1c","local_time":"20190313053735","is_ascension_mode":true,"campfire_choices":[{"data":"Zap","floor":6,"key":"SMITH"},{"data":"Go for the Eyes","floor":10,"key":"SMITH"}],"neow_cost":"NONE","seed_source_timestamp":10799519451100,"circlet_count":0,"master_deck":["AscendersBane","Strike_B","Strike_B","Strike_B","Strike_B","Defend_B","Defend_B","Defend_B","Defend_B","Zap+1","Dualcast","Ball Lightning","Injury","Go for the Eyes+1","Coolheaded","Stack","Regret"],"relics":["Cracked Core","Golden Idol","Pen Nib","Kunai"],"potions_floor_usage":[],"damage_taken":[{"damage":14,"enemies":"Jaw Worm","floor":1,"turns":4},{"damage":0,"enemies":"2 Louse","floor":4,"turns":2},{"damage":8,"enemies":"Small Slimes","floor":5,"turns":3},{"damage":20,"enemies":"Lagavulin","floor":7,"turns":6},{"damage":24,"enemies":"3 Louse","floor":11,"turns":2}],"seed_played":"6060612058987127207","potions_obtained":[],"is_trial":false,"path_per_floor":["M","?","?","M","M","R","E","?","T","R","M"],"character_chosen":"DEFECT","items_purchased":[],"campfire_rested":0,"item_purchase_floors":[],"current_hp_per_floor":[61,50,50,50,42,42,22,22,22,22,0],"gold":534,"neow_bonus":"TEN_PERCENT_HP_BONUS","is_prod":false,"is_daily":false,"chose_seed":false,"campfire_upgraded":2,"win_rate":0,"timestamp":1552451855,"path_taken":["M","?","?","M","M","R","E","?","T","R","M"],"build_version":"2019-01-23","purchased_purges":0,"victory":false,"max_hp_per_floor":[82,82,82,82,82,82,82,82,82,82,82],"card_choices":[{"not_picked":["Coolheaded","Beam Cell"],"picked":"Ball Lightning","floor":1},{"not_picked":["Sweeping Beam","Streamline"],"picked":"Go for the Eyes","floor":4},{"not_picked":["Beam Cell","Redo"],"picked":"Coolheaded","floor":5},{"not_picked":["Rebound","Reboot"],"picked":"Stack","floor":7}],"player_experience":985223,"relics_obtained":[{"floor":7,"key":"Pen Nib"},{"floor":9,"key":"Kunai"}],"event_choices":[{"damage_healed":0,"gold_gain":75,"player_choice":"Gather Gold","damage_taken":11,"max_hp_gain":0,"max_hp_loss":0,"event_name":"World of Goop","floor":2,"gold_loss":0},{"damage_healed":0,"gold_gain":0,"player_choice":"Take Wound","damage_taken":0,"relics_obtained":["Golden Idol"],"max_hp_gain":0,"max_hp_loss":0,"event_name":"Golden Idol","floor":3,"gold_loss":0,"cards_obtained":["Injury"]},{"damage_healed":0,"gold_gain":275,"player_choice":"Desecrate","damage_taken":0,"max_hp_gain":0,"max_hp_loss":0,"event_name":"Golden Shrine","floor":8,"gold_loss":0,"cards_obtained":["Regret"]}],"is_beta":false,"boss_relics":[],"items_purged_floors":[],"is_endless":false,"potions_floor_spawned":[],"killed_by":"3 Louse","ascension_level":13}