{"gold_per_floor":[110,123,273,273,26,58,58,58,58,91,109,122,122,135,135,226,226,242,292,313,313,338,338,253,253,253,277,277,308,327,350,350,350],"floor_reached":33,"playtime":846,"items_purged":["Doubt"],"score":604,"play_id":"4bc8d3a8-33a4-45a4-abfc-b1db0754960c","local_time":"20190308000200","is_ascension_mode":true,"campfire_choices":[{"floor":7.0,"key":"REST"},{"data":"Zap","floor":15.0,"key":"SMITH"},{"floor":23.0,"key":"REST"},{"floor":25.0,"key":"REST"},{"data":"Defragment","floor":28.0,"key":"SMITH"},{"floor":32,"key":"REST"}],"neow_cost":"NONE","seed_source_timestamp":1684538775258060,"circlet_count":0,"master_deck":["AscendersBane","Strike_B","Strike_B+1","Strike_B","Defend_B","Defend_B","Defend_B","Defend_B","Zap+1","Dualcast","Conserve Battery","Ball Lightning+1","Cold Snap","Cold Snap","Conserve Battery","Gash","Compile Driver","Seek","Go for the Eyes","Chill","Defragment+1","Cold Snap","Glacier","Go for the Eyes","Glacier"],"special_seed":0,"relics":["Cracked Core","NeowsBlessing","Bronze Scales","The Courier","Golden Idol","Letter Opener","Bottled Lightning","Inserter","Art of War","Bottled Flame","Strawberry"],"potions_floor_usage":[31],"damage_taken":[{"damage":0.0,"enemies":"Jaw Worm","floor":1.0,"turns":1.0},{"damage":0.0,"enemies":"Small Slimes","floor":2.0,"turns":1.0},{"damage":0.0,"enemies":"Lagavulin","floor":6.0,"turns":1.0},{"damage":9.0,"enemies":"Gremlin Nob","floor":10.0,"turns":3.0},{"damage":0.0,"enemies":"2 Louse","floor":11.0,"turns":2.0},{"damage":1.0,"enemies":"Blue Slaver","floor":12.0,"turns":2.0},{"damage":0.0,"enemies":"Looter","floor":14.0,"turns":3.0},{"damage":24.0,"enemies":"Hexaghost","floor":16.0,"turns":9.0},{"damage":19.0,"enemies":"3 Byrds","floor":18.0,"turns":3.0},{"damage":1.0,"enemies":"Shell Parasite","floor":20.0,"turns":5.0},{"damage":12.0,"enemies":"Snecko","floor":22.0,"turns":6.0},{"damage":6.0,"enemies":"Centurion and Healer","floor":27.0,"turns":6.0},{"damage":16.0,"enemies":"Book of Stabbing","floor":29.0,"turns":6.0},{"damage":24.0,"enemies":"Snake Plant","floor":30.0,"turns":4.0},{"damage":17,"enemies":"Sentry and Sphere","floor":31,"turns":6},{"damage":29,"enemies":"Automaton","floor":33,"turns":6}],"seed_played":"-5168279059250933366","potions_obtained":[{"floor":1.0,"key":"SkillPotion"},{"floor":10.0,"key":"EssenceOfSteel"},{"floor":11.0,"key":"GamblersBrew"},{"floor":12.0,"key":"EssenceOfSteel"},{"floor":30.0,"key":"PowerPotion"},{"floor":31,"key":"EssenceOfSteel"}],"is_trial":false,"path_per_floor":["M","M","?","?","$","E","R","?","T","E","M","M","?","M","R","B",null,"M","?","M","?","M","R","?","R","T","M","R","E","M","M","R","B"],"character_chosen":"DEFECT","items_purchased":["Bronze Scales"],"campfire_rested":4,"item_purchase_floors":[5],"current_hp_per_floor":[64,64,64,43,43,43,64,64,64,55,55,54,54,54,54,30,56,37,37,36,36,24,43,43,62,62,56,56,47,23,6,27,0],"gold":350,"neow_bonus":"THREE_ENEMY_KILL","is_prod":false,"is_daily":false,"chose_seed":false,"campfire_upgraded":2,"win_rate":0,"timestamp":1551999720,"path_taken":["M","M","?","?","$","E","R","?","T","E","M","M","?","M","R","BOSS","M","?","M","?","M","R","?","R","T","M","R","E","M","M","R","BOSS"],"build_version":"2019-01-23","purchased_purges":1,"victory":false,"max_hp_per_floor":[71,71,71,71,71,71,71,64,64,64,64,64,64,64,64,64,64,64,64,64,64,64,64,64,64,64,64,64,71,71,71,71,71],"card_choices":[{"not_picked":["Melter","Recycle"],"picked":"Conserve Battery","floor":1.0},{"not_picked":["Barrage","Sweeping Beam"],"picked":"Ball Lightning","floor":2.0},{"not_picked":["Rebound","Go for the Eyes"],"picked":"Cold Snap","floor":6.0},{"not_picked":["Steam","White Noise"],"picked":"Cold Snap","floor":10.0},{"not_picked":["Chaos","Steam Power"],"picked":"Conserve Battery","floor":11.0},{"not_picked":["Aggregate","Steam"],"picked":"Gash","floor":12.0},{"not_picked":["Turbo","Go for the Eyes"],"picked":"Compile Driver","floor":14.0},{"not_picked":["Reboot","Amplify"],"picked":"Seek","floor":16.0},{"not_picked":["Undo","Tempest"],"picked":"Go for the Eyes","floor":18.0},{"not_picked":["Hologram","Rip and Tear"],"picked":"Chill","floor":20.0},{"not_picked":["Recycle","Hologram"],"picked":"Cold Snap","floor":22.0},{"not_picked":["Ball Lightning","Cold Snap"],"picked":"Glacier","floor":27.0},{"not_picked":["Steam Power","Beam Cell"],"picked":"Go for the Eyes","floor":29.0},{"not_picked":["BootSequence","Amplify"],"picked":"Glacier","floor":30.0},{"not_picked":["Rip and Tear","Beam Cell+1","Doom and Gloom"],"picked":"SKIP","floor":31}],"player_experience":685663,"relics_obtained":[{"floor":6.0,"key":"The Courier"},{"floor":9.0,"key":"Letter Opener"},{"floor":10.0,"key":"Bottled Lightning"},{"floor":26.0,"key":"Bottled Flame"},{"floor":29.0,"key":"Strawberry"}],"event_choices":[{"damage_healed":0.0,"max_hp_gain":0.0,"max_hp_loss":0.0,"gold_gain":150.0,"event_name":"Liars Game","player_choice":"AGREE","floor":3.0,"gold_loss":0.0,"damage_taken":0.0,"cards_obtained":["Doubt"]},{"damage_healed":0.0,"max_hp_gain":0.0,"max_hp_loss":0.0,"gold_gain":0.0,"event_name":"Shining Light","player_choice":"Entered Light","floor":4.0,"gold_loss":0.0,"damage_taken":21.0,"cards_upgraded":["Ball Lightning","Strike_B"]},{"damage_healed":0.0,"max_hp_gain":0.0,"max_hp_loss":7.0,"gold_gain":0.0,"event_name":"Golden Idol","player_choice":"Lose Max HP","floor":8.0,"gold_loss":0.0,"damage_taken":0.0,"relics_obtained":["Golden Idol"]},{"cards_removed":["Strike_B"],"damage_healed":0.0,"max_hp_gain":0.0,"max_hp_loss":0.0,"gold_gain":0.0,"event_name":"Living Wall","player_choice":"Forget","floor":13.0,"gold_loss":0.0,"damage_taken":0.0},{"damage_healed":0.0,"max_hp_gain":0.0,"max_hp_loss":0.0,"gold_gain":50.0,"event_name":"Nest","player_choice":"Stole From Cult","floor":19.0,"gold_loss":0.0,"damage_taken":0.0},{"damage_healed":0.0,"max_hp_gain":0.0,"max_hp_loss":0.0,"gold_gain":0.0,"event_name":"The Library","player_choice":"Read","floor":21.0,"gold_loss":0.0,"damage_taken":0.0,"cards_obtained":["Defragment"]},{"damage_healed":0.0,"max_hp_gain":0.0,"max_hp_loss":0.0,"gold_gain":0.0,"event_name":"Addict","player_choice":"Obtained Relic","floor":24.0,"gold_loss":85.0,"damage_taken":0.0,"relics_obtained":["Art of War"]}],"is_beta":false,"boss_relics":[{"not_picked":["Tiny House","FrozenCore"],"picked":"Inserter"}],"items_purged_floors":[5],"is_endless":false,"potions_floor_spawned":[1,10,11,12,18,30,31],"killed_by":"Automaton","ascension_level":20}