{"gold_per_floor":[109,124,124,124,141,168,41,41,41,41,41,41,54,64,64,64],"floor_reached":16,"playtime":778,"items_purged":["Strike_R"],"score":190,"play_id":"24a20fa6-d69f-4a6b-9ec2-6a89ebb14cd6","local_time":"20190813020039","is_ascension_mode":true,"campfire_choices":[{"data":"Second Wind","floor":8.0,"key":"SMITH"},{"data":"Body Slam","floor":10.0,"key":"SMITH"},{"data":"Metallicize","floor":12.0,"key":"SMITH"},{"data":"Armaments","floor":15,"key":"SMITH"}],"neow_cost":"NONE","seed_source_timestamp":896415037888300,"circlet_count":0,"master_deck":["AscendersBane","Defend_R","Defend_R","Defend_R","Defend_R","Bash","Pommel Strike","Second Wind+1","Body Slam+1","Headbutt","Entrench","Anger","Metallicize+1","Armaments+1","Anger"],"special_seed":0,"relics":["Burning Blood","Kunai","Champion Belt"],"potions_floor_usage":[],"damage_taken":[{"damage":2.0,"enemies":"Jaw Worm","floor":1.0,"turns":3.0},{"damage":5.0,"enemies":"Small Slimes","floor":2.0,"turns":3.0},{"damage":0.0,"enemies":"Cultist","floor":5.0,"turns":2.0},{"damage":40.0,"enemies":"3 Sentries","floor":6.0,"turns":12.0},{"damage":2.0,"enemies":"Blue Slaver","floor":13.0,"turns":4.0},{"damage":28.0,"enemies":"Gremlin Gang","floor":14.0,"turns":6.0},{"damage":22,"enemies":"Slime Boss","floor":16,"turns":3}],"seed_played":"1203039276397266057","potions_obtained":[{"floor":2.0,"key":"Explosive Potion"}],"is_trial":false,"path_per_floor":["M","M","?","?","M","E","$","R","T","R","?","R","M","M","R","B"],"character_chosen":"IRONCLAD","items_purchased":["Anger"],"campfire_rested":0,"item_purchase_floors":[7],"current_hp_per_floor":[72,73,66,66,72,38,38,38,38,38,38,38,42,20,20,0],"gold":64,"neow_bonus":"TRANSFORM_CARD","is_prod":false,"is_daily":false,"chose_seed":false,"campfire_upgraded":4,"win_rate":0,"timestamp":1565654439,"path_taken":["M","M","?","?","?","E","$","R","T","R","?","R","M","?","R","BOSS"],"build_version":"2019-07-17","purchased_purges":1,"victory":false,"max_hp_per_floor":[75,75,75,75,75,75,75,75,75,75,75,75,75,75,75,75],"card_choices":[{"not_picked":["Warcry","Iron Wave"],"picked":"Second Wind","floor":1.0},{"not_picked":["Anger","Corruption"],"picked":"Body Slam","floor":2.0},{"not_picked":["Sword Boomerang","Cleave"],"picked":"Headbutt","floor":5.0},{"not_picked":["Reaper","Power Through"],"picked":"Entrench","floor":6.0},{"not_picked":["Clothesline","Thunderclap"],"picked":"Armaments","floor":13.0},{"not_picked":["Infernal Blade","Heavy Blade"],"picked":"Anger","floor":14.0}],"player_experience":1862088,"relics_obtained":[{"floor":6.0,"key":"Kunai"},{"floor":9.0,"key":"Champion Belt"}],"event_choices":[{"cards_removed":["Strike_R"],"damage_healed":0.0,"max_hp_gain":0.0,"max_hp_loss":0.0,"gold_gain":0.0,"event_name":"Golden Wing","player_choice":"Card Removal","floor":3.0,"gold_loss":0.0,"damage_taken":7.0},{"cards_removed":["Strike_R"],"damage_healed":0.0,"max_hp_gain":0.0,"max_hp_loss":0.0,"gold_gain":0.0,"event_name":"Purifier","player_choice":"Purged","floor":4.0,"gold_loss":0.0,"damage_taken":0.0},{"damage_healed":0.0,"max_hp_gain":0.0,"max_hp_loss":0.0,"gold_gain":0.0,"cards_transformed":["Strike_R"],"event_name":"Transmorgrifier","player_choice":"Transformed","floor":11.0,"gold_loss":0.0,"damage_taken":0.0,"cards_obtained":["Metallicize"]}],"is_beta":false,"boss_relics":[],"items_purged_floors":[7],"is_endless":false,"potions_floor_spawned":[2],"killed_by":"Slime Boss","ascension_level":18}