{"gold_per_floor":[115,95,95,107,182,182,182,212,212,225,259,259,259,276,276,353,353,328,328,339,178,210,210,230,230,230,230,230,262,278,296,296,373,373,388,388,388,388,388],"floor_reached":39,"playtime":1606,"items_purged":["Strike_R"],"score":936,"play_id":"615422a8-bf29-42b1-8c6a-722382dd4cd0","local_time":"20190526193229","is_ascension_mode":true,"campfire_choices":[{"data":"Bash","floor":6,"key":"SMITH"},{"data":"Combust","floor":12,"key":"SMITH"},{"floor":15,"key":"REST"},{"floor":23,"key":"REST"},{"data":"Bludgeon","floor":25,"key":"SMITH"},{"floor":27,"key":"REST"},{"floor":32,"key":"REST"}],"neow_cost":"NONE","seed_source_timestamp":33723724370566,"circlet_count":0,"master_deck":["AscendersBane","Strike_R+1","Strike_R","Strike_R","Strike_R","Defend_R","Defend_R","Defend_R","Defend_R","Bash+1","Combust+1","Perfected Strike","Shrug It Off+1","Spot Weakness","Bludgeon+1","Armaments","Shrug It Off","Shockwave+1","Perfected Strike","Headbutt","Decay","Feel No Pain","Demon Form","Reaper","Heavy Blade","Madness","Madness"],"relics":["Burning Blood","NeowsBlessing","Self Forming Clay","Dodecahedron","Pear","Mercury Hourglass","Cursed Key","Red Mask","Gambling Chip","Regal Pillow","Runic Cube"],"potions_floor_usage":[16,16,16,22,22,33,33,39],"damage_taken":[{"damage":0,"enemies":"Jaw Worm","floor":1,"turns":1},{"damage":0,"enemies":"Cultist","floor":4,"turns":1},{"damage":0,"enemies":"Gremlin Nob","floor":8,"turns":1},{"damage":0,"enemies":"2 Louse","floor":10,"turns":2},{"damage":21,"enemies":"3 Sentries","floor":11,"turns":5},{"damage":15,"enemies":"Exordium Thugs","floor":14,"turns":5},{"damage":6,"enemies":"Slime Boss","floor":16,"turns":6},{"damage":22,"enemies":"2 Thieves","floor":18,"turns":4},{"damage":24,"enemies":"Shell Parasite","floor":20,"turns":5},{"damage":16,"enemies":"Masked Bandits","floor":22,"turns":3},{"damage":20,"enemies":"Snake Plant","floor":24,"turns":4},{"damage":22,"enemies":"Book of Stabbing","floor":29,"turns":5},{"damage":2,"enemies":"Snecko","floor":30,"turns":2},{"damage":7,"enemies":"Cultist and Chosen","floor":31,"turns":6},{"damage":49,"enemies":"Champ","floor":33,"turns":11},{"damage":8,"enemies":"Orb Walker","floor":35,"turns":3},{"damage":64,"enemies":"Donu and Deca","floor":39,"turns":5}],"seed_played":"-6799688723021794304","potions_obtained":[{"floor":1,"key":"Fire Potion"},{"floor":2,"key":"EntropicBrew"},{"floor":18,"key":"Strength Potion"},{"floor":24,"key":"Weak Potion"},{"floor":30,"key":"EssenceOfSteel"},{"floor":33,"key":"Strength Potion"}],"is_trial":false,"path_per_floor":["M","?","$","M","?","R","T","E","T","M","E","R","?","M","R","B",null,"M","?","M","$","?","R","M","R","T","R","?","E","M","M","R","B",null,"M","?","?","?","B"],"character_chosen":"IRONCLAD","items_purchased":["Shockwave"],"campfire_rested":4,"item_purchase_floors":[21],"current_hp_per_floor":[74,74,74,75,64,64,64,70,80,85,70,70,44,35,60,60,79,63,38,20,20,10,37,23,23,23,50,50,34,38,37,79,36,77,75,75,59,59,0],"gold":388,"neow_bonus":"THREE_ENEMY_KILL","is_prod":false,"is_daily":false,"chose_seed":false,"campfire_upgraded":3,"win_rate":0,"timestamp":1558895549,"path_taken":["M","?","$","?","?","R","?","E","T","?","E","R","?","M","R","BOSS","M","?","M","$","?","R","M","R","T","R","?","E","?","M","R","BOSS","M","?","?","?","BOSS"],"build_version":"2019-01-23","purchased_purges":1,"victory":false,"max_hp_per_floor":[75,75,75,75,75,75,75,75,85,85,85,85,85,85,85,85,85,85,90,90,90,90,90,90,90,90,90,90,90,90,90,90,90,90,90,90,90,90,90],"card_choices":[{"not_picked":["Blood for Blood","Cleave"],"picked":"Combust","floor":1},{"not_picked":["Thunderclap","Warcry","Corruption"],"picked":"SKIP","floor":4},{"not_picked":["Hemokinesis","Berserk"],"picked":"Perfected Strike","floor":8},{"not_picked":["Armaments","Evolve","Infernal Blade"],"picked":"SKIP","floor":10},{"not_picked":["Clash","Iron Wave"],"picked":"Shrug It Off","floor":11},{"not_picked":["Sever Soul","Fire Breathing"],"picked":"Spot Weakness","floor":14},{"not_picked":["Offering","Barricade"],"picked":"Bludgeon","floor":16},{"not_picked":["Blood for Blood","Warcry"],"picked":"Armaments","floor":18},{"not_picked":["Pommel Strike","Fire Breathing+1"],"picked":"Shrug It Off","floor":20},{"not_picked":["Body Slam","Fire Breathing"],"picked":"Perfected Strike","floor":22},{"not_picked":["Corruption","Inflame"],"picked":"Headbutt","floor":24},{"not_picked":["Headbutt","Entrench"],"picked":"Feel No Pain","floor":29},{"not_picked":["Clash+1","Corruption","Fire Breathing"],"picked":"SKIP","floor":30},{"not_picked":["Shrug It Off","Flex"],"picked":"Demon Form","floor":31},{"not_picked":["Berserk","Barricade"],"picked":"Reaper","floor":33},{"not_picked":["Corruption","Ghostly Armor"],"picked":"Heavy Blade","floor":35}],"player_experience":1049554,"relics_obtained":[{"floor":7,"key":"Self Forming Clay"},{"floor":8,"key":"Dodecahedron"},{"floor":9,"key":"Pear"},{"floor":11,"key":"Mercury Hourglass"},{"floor":22,"key":"Red Mask"},{"floor":26,"key":"Gambling Chip"},{"floor":29,"key":"Regal Pillow"}],"event_choices":[{"damage_healed":0,"gold_gain":0,"player_choice":"Bought 1 Potion","damage_taken":0,"max_hp_gain":0,"max_hp_loss":0,"event_name":"The Woman in Blue","floor":2,"gold_loss":0},{"damage_healed":0,"gold_gain":75,"player_choice":"Gather Gold","damage_taken":11,"max_hp_gain":0,"max_hp_loss":0,"event_name":"World of Goop","floor":5,"gold_loss":0},{"damage_healed":0,"gold_gain":0,"player_choice":"Entered Light","damage_taken":26,"max_hp_gain":0,"max_hp_loss":0,"event_name":"Shining Light","floor":13,"gold_loss":0,"cards_upgraded":["Strike_R","Shrug It Off"]},{"damage_healed":0,"gold_gain":0,"player_choice":"Shed Blood","damage_taken":30,"max_hp_gain":5,"max_hp_loss":0,"event_name":"Forgotten Altar","floor":19,"gold_loss":0},{"damage_healed":0,"gold_gain":0,"player_choice":"Fought Bandits","damage_taken":0,"max_hp_gain":0,"max_hp_loss":0,"event_name":"Masked Bandits","floor":22,"gold_loss":0},{"damage_healed":0,"gold_gain":0,"player_choice":"Forge","damage_taken":0,"max_hp_gain":0,"max_hp_loss":0,"event_name":"Accursed Blacksmith","floor":28,"gold_loss":0,"cards_upgraded":["Shockwave"]},{"damage_healed":0,"gold_gain":0,"player_choice":"Memory 1","damage_taken":0,"max_hp_gain":0,"max_hp_loss":0,"event_name":"SensoryStone","floor":36,"gold_loss":0},{"damage_healed":0,"gold_gain":0,"player_choice":"Embrace Madness","damage_taken":16,"max_hp_gain":0,"max_hp_loss":0,"event_name":"Winding Halls","floor":37,"gold_loss":0,"cards_obtained":["Madness","Madness"]},{"damage_healed":0,"gold_gain":0,"player_choice":"Took Portal","damage_taken":0,"max_hp_gain":0,"max_hp_loss":0,"event_name":"SecretPortal","floor":38,"gold_loss":0}],"is_beta":false,"boss_relics":[{"not_picked":["Busted Crown","Mark of Pain"],"picked":"Cursed Key"},{"not_picked":["Velvet Choker","Pandora\u0027s Box"],"picked":"Runic Cube"}],"items_purged_floors":[21],"is_endless":false,"potions_floor_spawned":[1,4,10,18,24,30,33],"killed_by":"Donu and Deca","ascension_level":19}