{"gold_per_floor":[114,114,129,145,160,188,188,208,281,293,310,337,348,98,98,98],"floor_reached":16,"playtime":843,"items_purged":["Strike_B"],"score":116,"play_id":"7e3434be-a155-4fa1-a282-0d108be307d4","local_time":"20190625204128","is_ascension_mode":false,"campfire_choices":[{"data":"Zap","floor":7,"key":"SMITH"},{"floor":15,"key":"REST"}],"neow_cost":"TEN_PERCENT_HP_LOSS","seed_source_timestamp":1138393101483600,"circlet_count":0,"master_deck":["Strike_B","Strike_B","Strike_B","Defend_B","Defend_B","Defend_B","Defend_B","Zap+1","Dualcast","Flash of Steel","Panacea","Turbo","Glacier","Cold Snap","Blizzard","Scrape","Turbo","Sweeping Beam","Go for the Eyes","Turbo","All For One","Master of Strategy"],"special_seed":0,"relics":["Cracked Core","Singing Bowl","Pear","Prayer Wheel"],"potions_floor_usage":[],"damage_taken":[{"damage":5.0,"enemies":"2 Louse","floor":1.0,"turns":2.0},{"damage":2.0,"enemies":"Cultist","floor":3.0,"turns":3.0},{"damage":6.0,"enemies":"Jaw Worm","floor":4.0,"turns":3.0},{"damage":4.0,"enemies":"Red Slaver","floor":5.0,"turns":4.0},{"damage":18,"enemies":"3 Sentries","floor":6,"turns":10},{"damage":5,"enemies":"Looter","floor":8,"turns":2},{"damage":5,"enemies":"2 Fungi Beasts","floor":10,"turns":3},{"damage":0,"enemies":"Exordium Wildlife","floor":11,"turns":3},{"damage":14,"enemies":"Lagavulin","floor":12,"turns":7},{"damage":6,"enemies":"Blue Slaver","floor":13,"turns":3},{"damage":0,"enemies":"Slime Boss","floor":16,"turns":3}],"seed_played":"6252937211644601184","potions_obtained":[{"floor":1.0,"key":"Weak Potion"},{"floor":3.0,"key":"Poison Potion"},{"floor":10,"key":"FocusPotion"},{"floor":11,"key":"Explosive Potion"},{"floor":13,"key":"Fire Potion"}],"is_trial":false,"path_per_floor":["M","?","M","M","M","E","R","M","T","M","M","E","M","$","R","B"],"character_chosen":"DEFECT","items_purchased":["Master of Strategy"],"campfire_rested":1,"item_purchase_floors":[14],"current_hp_per_floor":[63,63,61,55,51,33,33,30,40,35,35,21,17,17,41,41],"gold":98,"neow_bonus":"RANDOM_COLORLESS_2","is_prod":false,"is_daily":false,"chose_seed":false,"campfire_upgraded":1,"win_rate":0,"timestamp":1561509688,"path_taken":["M","?","M","M","M","E","R","?","T","M","M","E","M","$","R","BOSS"],"build_version":"2019-01-23","purchased_purges":1,"victory":false,"max_hp_per_floor":[68,68,68,68,68,68,68,70,80,80,80,80,82,82,82,82],"card_choices":[{"not_picked":["Force Field","Go for the Eyes"],"picked":"Turbo","floor":1.0},{"not_picked":["Recycle","Reprogram"],"picked":"Cold Snap","floor":3.0},{"not_picked":["Glacier","Hologram"],"picked":"Blizzard","floor":4.0},{"not_picked":["Barrage","Thunder Strike"],"picked":"Scrape","floor":5},{"not_picked":["Darkness","Double Energy"],"picked":"Turbo","floor":6},{"not_picked":["Barrage","Coolheaded","Rip and Tear"],"picked":"Singing Bowl","floor":8},{"not_picked":["Stack","Auto Shields"],"picked":"Sweeping Beam","floor":10},{"not_picked":["Fusion","Rebound"],"picked":"Go for the Eyes","floor":11},{"not_picked":["Hologram","Heatsinks"],"picked":"Turbo","floor":12},{"not_picked":["Aggregate","Rebound","Fusion"],"picked":"Singing Bowl","floor":13},{"not_picked":["Loop","Ball Lightning"],"picked":"All For One","floor":13}],"player_experience":248378,"relics_obtained":[{"floor":6,"key":"Singing Bowl"},{"floor":9,"key":"Pear"},{"floor":12,"key":"Prayer Wheel"}],"event_choices":[{"damage_healed":0.0,"max_hp_gain":0.0,"max_hp_loss":0.0,"gold_gain":0.0,"event_name":"Match and Keep!","player_choice":"1 cards matched","floor":2.0,"gold_loss":0.0,"damage_taken":0.0,"cards_obtained":["Glacier"]}],"is_beta":false,"boss_relics":[],"items_purged_floors":[14],"is_endless":false,"potions_floor_spawned":[1,3,10,11,13],"killed_by":"Slime Boss","ascension_level":0}